4162 6288
126 541 187 634 (Α.
209 540 260 616 D.
282 541 400 638 ¹270.)
741 559 854 613 arasa
879 561 1073 614 auruncus.
1600 541 1675 612 413

123 871 397 966 lrcbiapisocpus
415 871 682 960 salczburgensis
708 871 855 962 noctus
882 871 915 942 iu
942 872 1099 943 bacalum
1122 873 1232 942 autam
1250 868 1557 960 wratislaviensem,
1583 887 1678 963 quau

296 992 439 1084 rogabat,
465 991 620 1064 heincus
647 995 793 1084 cramus,
820 994 855 1064 ot
882 992 915 1063 ir
941 991 1167 1082 episcopatum
1194 990 1332 1063 Thomas
1360 990 1516 1063 succedit.

232 1233 354 1326 Longo
381 1232 415 1304 et
442 1231 573 1306 assiduo
600 1231 763 1325 languore
789 1230 999 1308 wladislaus
1026 1231 1104 1303 Dux
1131 1229 1424 1306 wratislaviensis
1458 1230 1678 1326 archiepisco·

124 1374 192 1448 pus
220 1352 512 1447 Salcaburgensis,
541 1351 634 1426 filius
660 1353 799 1428 Haurioi
826 1375 847 1427 a
873 1351 1050 1427 Thartaris
1076 1351 1187 1442 occisi,
1216 1354 1359 1426 vexatus
1386 1352 1557 1444 (nonnulli
1589 1351 1679 1428 enim

125 1474 434 1550 wratislavienses
461 1474 588 1550 milites
625 1475 814 1549 insimulati
846 1477 937 1564 sunt,
966 1473 1115 1549 toxicum
1144 1473 1197 1547 illi
1225 1497 1283 1568 per
1310 1495 1430 1564 escam,
1468 1475 1548 1548 dum
1574 1475 1681 1548 morte

125 1595 247 1670 fratris
277 1595 415 1671 Henrici
443 1598 568 1686 secuta
599 1599 765 1670 Ducatum
792 1595 1120 1687 wratislaviensem,
1151 1595 1186 1668 in
1213 1596 1334 1689 nepote
1362 1594 1478 1669 relicto
1497 1597 1629 1690 patrem
1646 1596 1682 1669 et

127 1719 292 1811 patruum
311 1739 428 1812 agona
457 1718 683 1808 administrat,
712 1715 919 1811 praebuisse)
947 1716 1107 1790 vicesima
1133 1715 1237 1791 tertia
1263 1715 1394 1811 Aprilis
1420 1715 1484 1806 die,
1513 1715 1549 1789 in
1567 1715 1680 1790 Salcn·

127 1841 216 1933 burg
255 1838 345 1913 diem
381 1838 515 1931 obiens,
553 1840 589 1912 in
626 1837 884 1932 Salozburgonsi
920 1837 1060 1913 ecclesia
1095 1839 1288 1911 'cumulator
1308 1837 1341 1931 ¹).
1388 1837 1458 1931 Quo
1489 1839 1679 1931 absumpto,

126 1960 302 2035 Henricus
338 1961 480 2050 quartus
517 1961 728 2054 pubertatem
756 1959 823 2033 iam
850 1980 1015 2053 egressus,
1053 1959 1089 2032 in
1116 1960 1240 2033 sortem
1268 1958 1377 2053 patris
1403 1961 1438 2032 eb
1465 1958 1578 2052 patrui
1605 1979 1680 2033 suc·

128 2083 264 2172 cadens,
294 2080 587 2174 Wratislavienais
614 2082 764 2154 Ducatus
791 2079 916 2173 optime
942 2101 963 2153 a
990 2080 1086 2174 patre
1113 2079 1224 2170 looati,
1254 2082 1396 2171 utroque
1423 2081 1562 2174 parente
1585 2081 1680 2154 orba·

129 2207 186 2278 tus
213 2202 301 2294 (iam
329 2201 419 2277 enim
446 2204 482 2276 ct
507 2204 617 2276 mater
649 2224 710 2276 sua
747 2200 886 2274 Iuditha
922 2199 1008 2275 diem
1045 2200 1173 2275 obierat
1207 2202 1242 2275 et
1268 2200 1305 2274 in
1331 2200 1585 2276 Trnebnicaensi
1611 2222 1681 2274 mo·

130 2322 285 2399 aasterio
312 2323 446 2418 sepulta
473 2323 598 2417 fuerat)
625 2321 768 2416 suscipit
794 2322 1034 2417 gubernacula.
1079 2323 1125 2395 lit
1152 2322 1297 2396 Thomas
1324 2322 1452 2398 electus
1479 2345 1500 2398 a
1525 2322 1682 2416 (lapitulo

130 2445 164 2518 in
195 2443 431 2538 episcopatum
456 2443 782 2542 wratislaviensem,
812 2466 911 2535 quem
930 2443 1017 2518 idem
1036 2442 1246 2519 wladislaus
1272 2443 1542 2553 archiepiscopus
1568 2444 1681 2518 Saloa-

130 2565 313 2660 burgansis
340 2565 608 2656 administrabat,
646 2565 805 2655 succedit,
842 2567 877 2639 et
903 2587 924 2639 a
951 2564 1106 2639 Iarrussio
1137 2565 1325 2640 Gnesoensi
1353 2565 1601 2660 archiepiscopo
1627 2565 1681 2639 Si-

130 2687 246 2761 radiae
274 2686 491 2762 confirmatur
518 2690 553 2762 et
579 2687 798 2786 benedicitur.
827 2686 931 2760 Danti
958 2686 1037 2760 huic
1062 2687 1251 2762 wladislao
1278 2686 1315 2760 in
1342 2687 1567 2762 adolescentia
1593 2689 1683 2781 apud

131 2806 339 2882 Patavinum
375 2807 462 2882 alias
489 2808 640 2882 Paduam
675 2807 785 2882 literis
812 2829 967 2902 operam,
1005 2807 1100 2902 virgo
1127 2807 1266 2883 decorae
1292 2809 1419 2882 formae
1446 2831 1467 2882 a
1493 2809 1590 2902 patro
1616 2811 1682 2882 Pa·

133 2929 254 3020 duano,
284 2929 357 3004 cive
383 2929 552 3020 quondam
578 2928 693 3020 divite,
723 2931 805 3004 tunc
831 2952 907 3004 vero
934 2928 1043 3023 inope,
1072 2929 1233 3020 quaestus
1254 2928 1366 3024 turpis
1398 2928 1511 3023 gratia
1538 2929 1683 3004 adducta

133 3051 192 3140 est,
223 3048 323 3124 ouius
351 3049 409 3125 ille
436 3049 661 3124 conditionem
689 3049 879 3142 miseratus,
908 3049 1105 3141 facinusque
1123 3071 1272 3144 perosus,
1300 3051 1336 3125 et
1362 3049 1477 3144 egenti
1495 3049 1586 3144 patri
1603 3051 1682 3123 aab·

133 3168 237 3260 venit,
266 3172 304 3246 eb
330 3171 468 3267 virgini,
499 3172 623 3265 pudore
651 3174 794 3262 servato,
822 3170 925 3246 etiam
952 3173 1062 3246 dotem
1090 3171 1247 3247 contulit.
1276 3173 1434 3264 Proque
1452 3170 1586 3264 quidem
1604 3193 1682 3265 ope·

133 3313 167 3366 ra
192 3313 213 3366 a
240 3291 390 3388 singulis
417 3291 570 3370 Paduaui
596 3291 701 3367 studii
729 3291 937 3369 scholaribus
964 3293 1152 3370 celebratus
1177 3294 1230 3369 est
1256 3293 1385 3390 insigni
1411 3294 1513 3368 fama.

343 3659 409 3733 llro
436 3660 534 3750 partu
561 3657 701 3750 triginta
728 3676 789 3732 sex
814 3658 905 3750 poorl
932 3657 1080 3752 martra
1108 3659 1187 3732 lton
1213 3659 1305 3733 vada
1327 3659 1483 3752 prodigia.

236 3897 350 3971 llulta
376 3901 527 3973 monstra
554 3921 592 3974 eo
618 3922 706 3984 anno
734 3899 769 3973 in
796 3899 955 3974 Poloniae
990 3899 1182 3995 regionibus
1219 3900 1380 3976 accidisse
1406 3902 1565 3976 nuntiata
1592 3905 1683 3976 sunt.

137 4017 176 4090 ln
202 4022 295 4092 terra
320 4019 533 4094 cracoviensi
567 4022 722 4094 matrona
758 4021 921 4114 quaedam
958 4020 1080 4096 nobilis
1111 4021 1339 4115 Margaretha,
1376 4043 1510 4097 consors
1546 4023 1686 4098 domitis

136 4138 341 4213 wiroboslai
368 4141 408 4215 de
434 4141 519 4214 villa
546 4141 656 4214 Nahel
672 4141 710 4234 ²),
739 4142 885 4236 triginta
912 4163 974 4217 sex
1001 4164 1121 4237 pueros
1156 4165 1223 4216 uno
1258 4143 1370 4236 partu,
1407 4143 1500 4218 vivos
1537 4144 1682 4236 quidem,

138 4260 191 4332 sed
217 4260 334 4335 eodem
361 4260 414 4335 dic
442 4262 599 4353 memores,
638 4263 756 4336 effudit
791 4263 980 4366 cracoviae,
1015 4264 1208 4339 rrodaimo
1240 4263 1461 4339 delendarum
1496 4265 1685 4341 Februarii.

139 4379 197 4454 Die
222 4381 352 4473 Lunae,
383 4383 507 4456 Octavo
534 4383 615 4455 Idus
643 4384 846 4476 Decembris,
876 4385 985 4479 prima
1003 4385 1110 4460 noctis
1133 4387 1226 4476 hora,
1255 4385 1345 4460 coelo
1373 4386 1489 4480 patule
1516 4386 1550 4461 in
1577 4387 1687 4462 crucis

140 4501 269 4576 modum
297 4503 424 4596 aperto,
452 4504 514 4576 lux
541 4503 715 4596 immensa,
745 4505 890 4599 speciem
917 4507 1019 4582 lunae
1046 4508 1249 4602 praeferens,
1278 4507 1439 4602 apparuit
1464 4510 1500 4583 eb
1526 4511 1596 4583 tarn
1627 4533 1684 4583 nr·

141 4622 210 4695 bem
236 4645 340 4714 qnam
366 4622 538 4718 regionam
573 4624 825 4702 (iraooviensem
859 4626 1049 4702 universam
1075 4651 1159 4704 novo
1186 4625 1320 4724 fulgore
1347 4629 1546 4706 illustravit.
1585 4629 1687 4726 Apud

140 4741 277 4819 Kalisch
303 4743 475 4838 oppidum,
505 4744 596 4819 inira
623 4743 773 4820 Natalis
786 4747 912 4856 Christi
940 4750 1085 4841 octavas,
1114 4751 1286 4825 natusest
1303 4750 1432 4826 vitulus
1459 4752 1586 4827 habens
1604 4751 1684 4827 dan-

140 4865 188 4937 tes
213 4865 351 4942 caninos
377 4867 412 4941 et
439 4867 503 4941 duo
531 4867 644 4962 capita
679 4868 809 4960 canina,
847 4891 989 4962 quorum
1025 4894 1130 4945 unum
1167 4871 1275 4946 maius
1311 4872 1348 4946 in
1375 4874 1446 4948 loco
1482 4895 1553 4964 suo,
1591 4873 1686 4948 aliud
1792 4849 1796 4874 '

142 4983 317 5060 minusad
345 4987 485 5062 caudam
512 4987 618 5062 situm
645 4991 729 5081 erat,
758 4992 949 5085 obseptam
976 4991 1077 5086 pedes
1096 4992 1268 5084 vitulinos,
1298 4994 1388 5088 pelle
1414 4995 1518 5069 etiam
1536 4994 1686 5071 vitulina

143 5107 328 5182 mulcatus:
356 5109 452 5182 auius
479 5109 619 5184 cadaver
645 5133 707 5185 nec
733 5133 831 5186 canes
859 5134 920 5187 noc
946 5113 1048 5187 alites
1074 5115 1233 5188 volebant
1259 5114 1464 5209 contingere.
1506 5117 1548 5190 In
1575 5116 1686 5192 Slesia

145 5225 260 5302 Odram
287 5231 323 5303 et
349 5229 483 5304 Nissam
510 5231 629 5306 fluvios
656 5232 766 5306 tribus
793 5232 909 5308 diebus
937 5237 1038 5309 rubra
1066 5237 1101 5310 et
1127 5235 1315 5330 sanguinea
1341 5257 1430 5330 aqua
1456 5236 1606 5312 duxisse.
1642 5239 1685 5312 In

145 5394 548 5414 *mu—q

248 5487 272 5568 ¹)
295 5492 445 5568 sepelitur.
469 5491 540 5552 Ood.
563 5491 656 5554 Rocr.
697 5489 722 5571 ²)
745 5493 853 5556 Nalriel
878 5491 950 5556 (lod.
973 5495 1063 5558 Reor.
