4192 6272
159 489 225 582 (Α.
246 487 292 562 D.
312 485 434 587 1285.)
773 443 885 562 arena
911 509 1104 562 susumus.
1617 435 1709 562 Ι479

158 696 252 790 poris
278 696 389 792 spatio
416 695 508 771 cives
534 695 768 772 (traconienses
802 697 845 770 ad
872 696 1122 771 deliberandum
1143 695 1168 790 ¹)
1203 697 1357 792 sumpto,
1386 697 1608 792 respondent:
1636 698 1711 772 Non

156 818 262 894 licere
289 818 361 892 illis
388 820 525 913 proptor
552 817 771 894 iurisiurandi
806 820 1064 907 sacramentum,
1093 818 1180 910 quod
1207 818 1361 894 omnibus
1387 819 1569 894 baronibus
1594 819 1711 894 draco·

157 939 335 1014 aiensibus
361 942 397 1014 et
423 939 750 1014 Sandomirieusibus
777 939 939 1013 Lostkoni
967 939 1074 1033 Nigro
1101 938 1185 1012 Duoi
1206 941 1458 1034 praestantibus
1476 942 1511 1014 ot
1530 941 1593 1035 ipsi
1614 963 1711 1035 prae·

158 1061 334 1147 stiterant,
363 1085 446 1137 nouo
473 1083 509 1136 se
537 1063 687 1157 polluere
714 1061 872 1156 periurio,
901 1063 936 1135 et
962 1061 1132 1136 Lestkono
1160 1060 1303 1152 uiuente,
1332 1061 1368 1134 in
1387 1062 1530 1137 dunradi
1549 1063 1711 1137 ditionem

156 1183 358 1271 concedere;
386 1207 453 1257 uon
480 1205 552 1259 osso
579 1207 649 1258 rom
677 1205 758 1258 suae
794 1182 1014 1272 conditionis,
1052 1181 1171 1273 suique
1208 1183 1310 1275 iuris,
1349 1183 1571 1259 obedientiam
1607 1185 1710 1260 semel

158 1304 373 1399 praestitam,
401 1306 570 1380 Lostkono
597 1304 792 1399 superstite,
822 1305 961 1379 uariare.
991 1305 1194 1380 Dosinerent
1219 1327 1275 1379 eos
1302 1305 1343 1378 ad
1370 1327 1531 1379 romeam
1551 1305 1711 1381 asciscere

157 1426 259 1518 reite,
289 1447 390 1519 quarn
416 1425 605 1521 integram,
643 1448 717 1500 cum
746 1427 797 1499 iiii
826 1425 971 1520 primum
1000 1449 1066 1500 non
1093 1426 1338 1519 librasseuti),
1376 1449 1411 1501 se
1447 1426 1535 1500 nihil
1571 1427 1611 1500 de
1646 1425 1711 1500 tide

157 1547 265 1622 semel
292 1547 454 1623 Lestkoni
480 1547 587 1642 Nigro
614 1548 698 1623 Duri
726 1551 762 1622 et
788 1547 921 1622 dannan
958 1570 1017 1621 suo
1045 1548 1223 1642 praestita,
1252 1547 1385 1622 etiamsi
1405 1548 1558 1624 extrema
1576 1550 1712 1642 urgerat

157 1689 232 1741 sors
247 1665 287 1762 ³),
316 1669 515 1744 mutaturos.
556 1670 606 1743 Ea
632 1669 755 1744 oinium
783 1668 1051 1745 Oracouiensium
1079 1669 1294 1764 responsione
1331 1669 1402 1742 tam
1438 1669 1611 1743 Gunradus
1638 1671 1711 1743 bia·

157 1789 274 1865 sorice
299 1791 391 1881 Dux,
419 1813 519 1884 quam
547 1791 780 1868 Oraoouienses
816 1795 851 1866 et
886 1791 1174 1866 Sandomirienscs
1210 1793 1352 1866 barones
1387 1791 1597 1883 exacerbati,
1635 1814 1711 1866 cum

156 1910 248 1986 arcis
274 1911 502 1987 bracariensis
529 1912 742 2007 impugnatio
768 1916 803 1988 et
830 1912 1032 2004 conquisitio
1060 1937 1126 1987 uon
1155 1911 1266 1986 minus
1293 1909 1445 1986 difficilis
1482 1935 1583 2004 quam
1622 1913 1708 2006 peri-

157 2033 277 2108 culosa
303 2032 484 2126 uideretur,
513 2035 692 2129 conceptas
718 2057 761 2109 ex
788 2033 1002 2129 responsione
1029 2034 1152 2108 ciuium
1180 2031 1448 2108 Gracoriensium
1481 2032 1548 2107 iras
1567 2031 1602 2106 in
1620 2033 1712 2108 tecta

157 2177 274 2230 eorum
302 2155 445 2232 innocua
469 2158 618 2246 vortunt,
648 2161 684 2231 et
711 2156 790 2251 igne
817 2156 853 2230 in
881 2156 963 2230 locis
991 2155 1145 2251 pluribus
1172 2154 1345 2246 adhibito,
1374 2153 1626 2230 cracoviensem
1654 2177 1710 2227 ur·

156 2278 235 2351 bem
263 2277 457 2353 saevissimo
484 2279 638 2355 incendio
664 2279 895 2374 conflagrant:
925 2277 1020 2354 cuius
1057 2278 1225 2370 quondum
1261 2277 1450 2352 stmcturas
1484 2277 1520 2352 et
1554 2277 1710 2352 ornatum

157 2420 362 2494 magnopere
389 2401 516 2492 alteo,
545 2401 734 2476 animorum
762 2401 852 2478 nicos
879 2401 1034 2476 versante
1060 2399 1209 2490 fortuna,
1238 2397 1376 2474 fulsisse
1403 2398 1578 2494 optabant.
1616 2398 1710 2473 Iut-

156 2519 224 2594 rim
251 2522 330 2596 dum
358 2545 398 2598 ea
424 2521 600 2598 Graeouiae
636 2510 845 2619 agebantur,
883 2524 1008 2598 Irostko
1043 2521 1149 2616 Niger
1184 2522 1262 2594 Dux
1298 2540 1374 2596 curn
1410 2520 1649 2616 Hungnrorum
1676 2524 1711 2598 et

156 2641 379 2718 Cumanorum
405 2645 556 2720 exercitu
583 2668 626 2720 ox
653 2645 828 2720 Pannonia
855 2645 1004 2718 redibat:
1033 2642 1245 2720 chdislaus
1264 2641 1390 2736 quippo
1407 2642 1605 2737 Hungariae
1623 2643 1709 2732 Rex,

156 2763 306 2840 afflictae
333 2765 488 2841 fortunae
515 2788 595 2842 suae
621 2789 823 2862 eompassus,
852 2768 887 2840 et
914 2765 1175 2860 praestantiores
1210 2786 1253 2838 err
1288 2763 1505 2838 (istriensibus
1541 2764 1612 2838 suis
1638 2765 1711 2838 tam

155 2887 340 2981 Hungaros
367 2909 468 2981 quarn
497 2889 679 2980 Gomanos,
717 2888 877 2962 solatium
895 2889 921 2982 ⁴)
959 2891 994 2962 ot
1030 2885 1282 2962 restitutionem
1319 2885 1354 2960 in
1391 2885 1608 2980 Principatus
1644 2885 1708 2959 sibi

158 3007 394 3101 praestituros,
423 3030 536 3084 secum
563 3009 766 3100 transmisit,
795 3011 830 3084 at
857 3009 995 3104 insuper
1021 3010 1177 3084 hortatus
1205 3010 1267 3100 est,
1289 3029 1428 3103 propere
1446 3008 1488 3082 ad
1506 3007 1634 3082 betium
1653 3028 1709 3080 oa·

156 3130 358 3222 pessendum
385 3129 593 3206 incumberet
608 3131 647 3224 ⁵).
690 3131 802 3206 Huius
829 3153 960 3224 quoque
997 3131 1045 3206 roi
1073 3130 1186 3225 gratia
1222 3130 1398 3205 Gunradus
1434 3128 1602 3206 Masouiae
1630 3129 1709 3202 Dux

158 3249 224 3325 sibi
252 3273 448 3326 occursurus
475 3255 510 3326 ot
537 3252 701 3346 praelium
729 3274 804 3327 curn
832 3275 870 3327 oo
897 3255 1132 3342 conserturns,
1172 3275 1214 3326 ex
1250 3251 1409 3326 (bredoria
1445 3251 1549 3325 morit
1584 3252 1708 3341 castra,

157 3373 254 3446 ratus
281 3395 317 3448 se
344 3395 419 3449 cum
447 3363 682 3467 frequentibus
709 3375 814 3470 copiis
842 3373 913 3449 suis
940 3374 1040 3450 facile
1068 3374 1308 3468 Hungarorum
1327 3373 1596 3450 ebdomanorum
1624 3396 1708 3469 pau·

157 3495 297 3570 citatem
337 3519 587 3592 oppressurum.
628 3497 706 3592 Spei
734 3501 846 3573 tamon
874 3519 954 3572 suae
981 3497 1140 3572 adversus
1167 3497 1305 3571 effectus
1331 3497 1513 3592 respondit.
1551 3497 1592 3569 In
1619 3519 1708 3571 cam·

157 3616 211 3712 pis
238 3617 404 3710 siquidem
432 3619 535 3694 nilico
562 3619 778 3714 Bogucnicze,
808 3621 898 3694 haud
927 3620 1042 3715 procui
1070 3642 1090 3692 a
1118 3617 1254 3694 flumine
1281 3618 1397 3709 Baba,
1436 3641 1512 3693 cum
1539 3619 1709 3694 Lestkone

157 3737 265 3833 Nigro
293 3740 383 3814 Duce
410 3743 444 3816 et
471 3741 657 3837 Hungaris,
686 3742 906 3835 Gornnnisque
933 3740 1143 3816 adiutoribus
1170 3740 1252 3832 suis,
1280 3740 1413 3814 collatis
1441 3739 1560 3834 signis,
1589 3761 1707 3815 secuu-

158 3861 202 3934 da
228 3861 282 3936 die
308 3859 469 3957 Augusti,
499 3885 573 3936 cum
601 3863 730 3938 occasio
757 3863 831 3958 ipsa
867 3887 928 3938 nec
964 3862 1139 3937 differendi
1177 3884 1239 3937 nec
1274 3861 1467 3937 rotardaudi
1503 3861 1708 3938 occasionem

158 3982 264 4075 daret,
293 4005 463 4078 pugnans,
491 3986 671 4079 superatus
697 3985 800 4078 atque
828 3984 937 4060 nictus
964 3987 1036 4059 est:
1075 3986 1109 4058 et
1136 3985 1250 4078 strage
1277 4005 1402 4080 magna
1438 3983 1595 4078 utrinque
1631 4006 1707 4079 pro·

158 4103 324 4194 ueniente,
352 4107 516 4182 Lestkoni
543 4107 661 4201 Nigro,
690 4107 747 4200 qui
777 4107 917 4182 iustiora
944 4129 1037 4180 arma
1064 4105 1229 4198 induerat,
1259 4106 1362 4181 cessit
1388 4105 1540 4182 uictoria.
1581 4107 1707 4180 Ouum·

156 4225 219 4300 dus
245 4227 413 4302 Maeoniae
439 4229 518 4302 Dux
545 4227 581 4301 in
608 4229 798 4322 aliquorum
839 4251 973 4303 suorum
1001 4227 1150 4302 rnilitum
1177 4227 1370 4322 paucitate,
1409 4250 1511 4319 quam
1548 4227 1582 4301 in
1610 4229 1708 4303 hoste

115 4433 121 4444 ,
156 4349 417 4444 contempserat,
446 4349 629 4445 effugiens,
658 4374 725 4424 non
752 4351 847 4446 prius
875 4351 991 4446 fugam
1019 4351 1140 4424 sistere
1166 4348 1293 4442 uoluit,
1330 4350 1435 4425 donec
1461 4349 1498 4424 in
1524 4349 1707 4425 Masouiam

156 4472 193 4546 ot
220 4474 330 4545 castra
357 4471 429 4546 eius
456 4494 491 4547 so
518 4471 656 4566 recepit.
684 4474 839 4548 Errorem
876 4475 987 4546 nutem
1025 4494 1142 4563 suum,
1180 4494 1220 4546 ea
1255 4471 1370 4560 clade,
1408 4492 1509 4564 quam
1545 4470 1708 4546 diuinitus

155 4596 272 4688 (prout
297 4598 384 4689 erut)
411 4596 548 4669 robatur
574 4593 746 4686 accidisse,
776 4596 968 4690 perculsus,
1007 4616 1267 4689 recognoscens,
1305 4593 1551 4688 impetitionem
1589 4594 1706 4668 Greco-

155 4715 283 4790 vionsis
310 4718 344 4791 et
371 4715 651 4792 Sandomirionsis
677 4717 944 4812 Principatuum,
973 4717 1066 4792 reiut
1093 4716 1255 4791 iniustam
1274 4718 1309 4791 et
1327 4715 1392 4789 sibi
1410 4715 1602 4806 deformem,
1623 4715 1706 4789 orni·

154 4836 213 4910 sit.
241 4837 367 4911 Lestko
394 4839 503 4932 Niger
529 4839 617 4929 Dux,
647 4839 822 4933 Hungcris
850 4841 884 4913 ot
911 4838 1076 4929 Gornanis,
1106 4861 1126 4912 a
1152 4838 1274 4928 quibus
1300 4859 1407 4928 usquo
1434 4835 1625 4912 Oraooviam
1652 4836 1706 4909 de·

153 4959 276 5032 ductus
304 4961 368 5049 est,
398 4981 457 5054 pro
484 4981 584 5054 opera
612 4982 713 5051 quam
741 4959 775 5032 in
803 4959 931 5052 praelio
959 4960 1186 5049 novaverant,
1216 4957 1372 5034 munifice
1413 4957 1636 5032 remuneratis
1672 4960 1707 5031 et

155 5081 190 5155 in
218 5080 410 5155 Pannonias
439 5081 599 5174 remissie,
631 5080 771 5157 uictoria
800 5080 1042 5155 modestissime
1069 5102 1162 5173 usus,
1191 5084 1226 5156 ei
1252 5083 1367 5175 captos
1385 5083 1526 5155 barones
1545 5079 1580 5153 in
1603 5080 1705 5154 liber·

265 5365 289 5446 ¹)
312 5368 552 5428 deliberationem
577 5365 648 5428 Occi.
672 5365 763 5428 Recr.
798 5362 1063 5441 &deliberassent
1095 5363 1166 5424 Ood.
1189 5364 1281 5425 Roer.
1320 5360 1350 5442 ³)
1372 5369 1546 5438 urgerentur
1575 5332 1707 5438 pericula

154 5472 215 5535 Ed.
239 5471 326 5550 Lips.
351 5467 377 5550 ⁴)
401 5473 539 5533 auxilium
568 5470 638 5533 Ood.
662 5472 754 5534 Rosa
780 5465 805 5548 ⁵)
828 5469 1006 5530 incumbere.
1033 5467 1104 5530 Ood.
1128 5469 1221 5531 Rorr.
1658 5463 1663 5472 ’
