4140 6298
402 547 477 626 322
1007 570 1119 624 arnna
1145 571 1339 624 sanamus.
1435 642 1437 646 Ι
1676 547 1737 646 (Α.
1758 547 1806 625 D.
1825 547 1947 645 12⁵0.)

404 757 633 850 „cracoviensi
661 757 815 853 episcopo
842 759 894 833 tot
921 761 956 833 et
982 759 1090 833 tantis
1117 759 1177 834 dat
1202 783 1374 838 coruscare
1401 757 1594 851 miraculis,
1622 761 1661 834 ut
1688 759 1783 834 illius
1818 759 1947 836 saucti-

404 884 479 973 ,tas
505 879 632 975 apertis
658 879 792 954 indiciis
828 883 1071 976 comprobetur,
1105 884 1139 956 et
1167 882 1274 976 ipsius
1302 884 1395 958 inter
1418 881 1501 957 alios
1539 883 1679 957 Sanctus
1705 905 1771 957 non
1799 880 1948 957 invocari

404 1001 587 1099 ,suffragia
605 1003 658 1077 est
675 1001 873 1097 indiguum;
902 1003 1149 1079 venerabilibus
1166 1004 1329 1080 fratribus
1356 1003 1480 1078 nostris
1499 1003 1745 1099 archiepiscopo
1772 1004 1947 1080 Gnesnen-

403 1124 466 1216 ,si,
493 1124 647 1219 episcopo
673 1123 969 1216 wratislaviensi,
1007 1125 1129 1202 dilecto
1156 1124 1228 1201 filio
1259 1126 1374 1201 abbati
1402 1127 1442 1201 de
1469 1126 1604 1201 liubans
1636 1125 1867 1202 (listerciensis
1894 1148 1947 1200 or·

403 1244 524 1337 ,dinis
552 1245 846 1322 Wratislavicnsis
873 1245 1025 1339 diocesis,
1046 1246 1236 1322 dederimus
1262 1247 1389 1323 nostris
1417 1246 1526 1320 literis
1555 1247 1590 1320 in
1617 1247 1798 1339 mandatis,
1826 1248 1867 1320 ut
1893 1268 1947 1320 as-

403 1365 570 1462 ,sumptis
597 1366 663 1442 sibi
689 1367 773 1442 viris
799 1367 970 1462 religiosis
996 1369 1032 1443 et
1058 1369 1166 1443 Deum
1201 1368 1412 1460 timentibus,
1451 1369 1493 1442 de
1519 1369 1646 1443 virtute
1672 1391 1801 1442 morum
1828 1370 1864 1442 et
1890 1391 1947 1442 ve·

403 1488 528 1578 ,ritate
564 1488 750 1584 signorum,
787 1490 943 1584 operibus
978 1489 1135 1566 videlicet
1161 1491 1197 1566 ct
1222 1490 1407 1582 miraculis,
1436 1489 1696 1585 diligentissime
1723 1489 1946 1594 inquirentes,

405 1633 510 1704 ,quae
537 1610 739 1703 invenirent,
769 1611 873 1686 Nobis
900 1611 971 1685 suis
997 1611 1109 1686 literis
1135 1611 1282 1688 fideliter
1318 1611 1535 1700 intimarent;
1572 1611 1721 1706 ipsisque
1747 1611 1783 1684 in
1810 1610 1948 1704 negotio

264 1733 266 1740 ’
404 1731 616 1821 ,huiusmodi
644 1733 899 1827 procedentibus
925 1734 960 1808 ct
987 1733 1250 1809 rescribentibus
1276 1733 1399 1825 Nobis,
1428 1735 1498 1808 Nos
1523 1732 1624 1808 fidem
1651 1733 1881 1824 adhibeamus,
1909 1733 1949 1805 ut
2061 1769 2063 1780 =

404 1853 592 1945 ,convenit
621 1853 785 1949 propositi
811 1855 1011 1946 eorundem:
1039 1854 1120 1949 quia
1146 1857 1260 1930 tamen
1287 1854 1323 1929 in
1350 1857 1447 1930 tanto
1473 1855 1609 1949 negotio
1635 1856 1688 1928 est
1714 1853 1887 1949 gravitate
1913 1855 1948 1926 et

403 1975 622 2064 ,maturitate
649 1976 785 2070 praevia
812 1978 1066 2071 procedendum,
1094 1979 1129 2052 te
1148 1977 1190 2050 ad
1210 1977 1324 2071 partes
1350 1976 1634 2068 transmittentes,
1662 1976 1796 2052 easdem
1822 1975 1947 2048 discre-

403 2095 510 2184 ,tioni
537 2099 616 2172 tuae
642 2095 847 2173 auctoritate
882 2097 1122 2192 praesentium,
1150 2097 1187 2172 in
1213 2097 1340 2172 virtute
1372 2097 1580 2174 obedientiae
1616 2097 1768 2172 districte
1794 2094 1946 2189 iniungi-

403 2237 511 2310 ,mus,
539 2220 579 2291 ut
605 2241 626 2292 a
652 2218 752 2294 dictis
788 2217 1062 2312 inquisitoribus,
1101 2219 1130 2293 si
1166 2219 1367 2315 superstites
1401 2222 1436 2293 et
1471 2220 1668 2314 praesentes
1703 2205 1739 2292 in
1775 2215 1948 2313 provincia

403 2338 563 2430 ,fuerint
592 2361 635 2413 an
662 2340 710 2414 sic
736 2340 971 2435 processerint,
1001 2340 1090 2416 sicut
1116 2343 1178 2415 sub
1205 2340 1354 2435 ipsorum
1381 2338 1508 2435 sigillis
1532 2340 1729 2435 recepimus,
1757 2340 1947 2434 perscmte-

403 2460 483 2552 ,ris,
511 2463 547 2535 et
573 2460 722 2556 ipsorum
757 2464 908 2538 actorum
943 2463 1101 2558 exempla
1136 2464 1177 2537 ad
1205 2461 1364 2538 maiorem
1399 2461 1636 2537 certitudinem
1671 2464 1784 2536 tecum
1819 2461 1944 2555 portes,

403 2582 552 2672 ,faciens
579 2583 788 2678 praesentari
814 2583 879 2658 tibi
906 2607 972 2676 eos,
1003 2583 1062 2676 qui
1088 2584 1248 2660 dicuntur
1274 2583 1380 2660 fuisse
1406 2605 1427 2658 a
1453 2583 1593 2660 diversis
1621 2582 1878 2657 infirmitatibus
1905 2580 1947 2654 li·

403 2703 543 2796 ,berati,
571 2726 654 2798 quos
680 2707 716 2781 et
742 2706 825 2797 quot
852 2704 1013 2800 potueris,
1054 2728 1092 2780 ao
1118 2705 1197 2780 illos
1222 2706 1305 2780 duos
1340 2705 1561 2796 centenarios,
1591 2705 1620 2779 si
1647 2703 1847 2800 superstites
1874 2704 1946 2777 fue·

403 2825 505 2918 ,riut,
534 2825 575 2900 de
602 2826 725 2917 quibus
752 2827 879 2902 mentio
906 2829 959 2902 est
985 2827 1022 2902 in
1048 2827 1155 2918 actis,
1192 2849 1278 2919 quae
1313 2825 1472 2901 dicuntur
1499 2829 1542 2901 ab
1567 2826 1739 2920 aliquibus
1765 2824 1944 2919 accepisse,

403 2948 478 3036 ,vel
503 2969 617 3022 eorum
653 2948 810 3040 altorum,
848 2949 936 3042 quod
971 2949 1134 3024 Sanctum
1160 2949 1325 3023 noverunt
1351 2949 1503 3038 eundem,
1531 2950 1567 3023 et
1593 2949 1633 3022 de
1660 2947 1767 3042 ipsius
1794 2948 1888 3022 clara
1913 2947 1947 3020 et

403 3069 567 3157 ,honesta
602 3069 874 3162 couversatione,
916 3071 996 3144 dum
1034 3070 1187 3146 viverent
1207 3069 1242 3164 ¹),
1284 3067 1483 3143 audierunt:
1525 3068 1750 3160 inquisiturus
1786 3069 1829 3141 ab
1865 3065 1946 3161 ipsis

402 3211 467 3279 ,an
494 3189 544 3264 ita
570 3189 627 3282 sit,
655 3197 692 3266 et
717 3190 942 3286 inspecturus.
979 3189 1209 3266 Nihilominus
1236 3190 1445 3267 devotionem
1481 3190 1598 3285 populi
1634 3193 1670 3267 et
1704 3191 1830 3265 famam
1857 3211 1945 3264 coru·

402 3333 558 3401 ,munem
593 3332 695 3406 super
734 3313 896 3410 martyrio
932 3315 968 3390 ot
1002 3333 1102 3388 causa
1136 3311 1312 3407 martyrii,
1350 3334 1411 3388 neo
1446 3335 1513 3387 nou
1549 3315 1583 3388 ot
1620 3313 1804 3388 sanctitate
1841 3309 1946 3406 ipsius

402 3431 594 3524 ,inquiras
627 3433 775 3530 ·Insuper
806 3435 921 3510 utrum
956 3434 1184 3512 dracoviensis
1220 3433 1360 3511 diocesis
1396 3433 1540 3530 paganis
1577 3437 1612 3510 et
1646 3433 1817 3511 Rutbenis
1850 3431 1944 3506 Sobi-

401 3554 574 3645 ,smatiois
601 3554 649 3631 sit
674 3554 828 3648 confinis,
856 3558 896 3630 ut
922 3579 983 3652 per
1008 3557 1071 3632 boo
1097 3579 1140 3632 ex
1167 3555 1317 3651 ipsorum
1352 3555 1495 3632 confinio
1531 3557 1662 3632 lucrum
1690 3553 1865 3651 provenire
1892 3575 1945 3630 va·

402 3677 493 3766 ,leat
527 3675 727 3753 animarum.
772 3677 889 3753 Adhoc
924 3678 1049 3753 librum
1085 3677 1301 3754 drouicarum
1316 3677 1354 3772 ³),
1391 3698 1456 3770 quo
1483 3677 1525 3752 ad
1552 3677 1746 3772 Capitulum
1773 3675 1945 3772 pertinens

401 3799 466 3891 ,nd
492 3799 666 3896 negotium
693 3802 935 3893 memoratum,
972 3823 1016 3876 ex
1047 3799 1181 3876 archivo
1208 3799 1311 3874 Ducis
1337 3798 1497 3875 Poloniae
1524 3800 1672 3889 editum,
1710 3803 1745 3874 et
1772 3798 1877 3874 etiam
1904 3797 1945 3872 li·

401 3923 519 4011 ,brum
546 3918 731 3996 Annalium
766 3922 802 3998 et
829 3920 1042 4018 epitaphium
1069 3921 1241 3997 considera
1268 3920 1462 4017 diligenter.
1508 3921 1554 3995 m
1580 3921 1636 3995 bis
1663 3921 1859 3996 summatim
1886 3921 1945 3994 sub

401 4042 648 4133 ,obtestatione
674 4043 869 4136 iuramenti,
897 4043 955 4118 ubi
982 4043 1048 4119 tibi
1073 4043 1184 4118 visum
1211 4041 1327 4134 fuerit,
1356 4063 1465 4118 coram
1493 4042 1661 4138 prioribus
1688 4041 1945 4134 inquisitoribus

401 4163 589 4259 ,praestiti
617 4164 753 4260 plenius
788 4164 985 4257 intellectis,
1014 4165 1044 4240 si
1071 4165 1179 4258 aliqui
1207 4166 1311 4240 testes
1338 4187 1439 4260 super
1465 4165 1632 4259 prioribus
1658 4165 1712 4240 vel
1740 4163 1836 4239 novis
1863 4163 1945 4237 arti·

402 4285 509 4375 „culis
535 4285 600 4361 tibi
626 4286 757 4362 fuerint
783 4286 1009 4381 praesentati,
1046 4309 1102 4362 eos
1128 4286 1257 4361 iuratos
1293 4286 1476 4362 secundum
1502 4285 1643 4360 formam
1678 4285 1944 4380 recipiendorum

402 4407 562 4497 ,testium
581 4408 793 4503 'prudentum
829 4407 973 4502 recipias
1009 4409 1045 4482 et
1079 4406 1263 4503 diligenter
1298 4407 1494 4483 examinare
1530 4427 1698 4502 procures.
1745 4407 1792 4481 Et
1818 4406 1868 4482 sio
1895 4406 1943 4479 in·

401 4529 573 4618 ,structus
600 4529 644 4603 ad
669 4529 749 4620 Nos,
781 4530 821 4602 ut
847 4549 907 4623 per
933 4531 968 4603 te
995 4549 1097 4623 super
1122 4528 1177 4602 bis
1203 4528 1413 4604 instruamur
1440 4529 1550 4623 plene,
1584 4527 1777 4603 revertaris.
1822 4528 1944 4602 Datum

390 4648 564 4757 „Pemsii,
593 4649 744 4745 Septimo
770 4649 935 4726 delendas
962 4649 1065 4742 Iunii,
1094 4648 1320 4725 Pontificatus
1346 4649 1463 4726 Nostri
1490 4647 1589 4724 Anno
1615 4649 1747 4724 Nono!t

513 5016 667 5090 lleurioua
692 5015 762 5090 ltox
787 5017 945 5090 dacorum
973 5036 993 5091 ι
1019 5035 1171 5108 germano
1199 5033 1260 5090 ιιι
1287 5015 1364 5090 luel
1390 5017 1461 5091 rita
1488 5017 1522 5090 et
1548 5013 1656 5109 sagro
1686 5015 1841 5109 privatur.

498 5254 707 5352 Dacorumb
734 5256 812 5332 Rex
838 5256 1006 5334 Henricus
1033 5256 1197 5350 illustris,
1226 5279 1301 5332 curu
1328 5258 1423 5334 velut
1449 5259 1533 5333 natu
1560 5256 1668 5333 maior
1694 5258 1790 5353 patre
1816 5258 1943 5333 mortuo

505 5517 528 5598 ¹)
550 5521 662 5583 viveret
684 5519 745 5580 Ed.
767 5515 855 5596 Lapa.
895 5515 1154 5598 ⁹)chronioomm
1176 5517 1236 5582 Ed.
1262 5513 1346 5596 Lips.
1385 5515 1410 5602 ³)
1433 5519 1583 5584 Danorum
1605 5519 1665 5580 Eut.
1688 5513 1775 5596 Lips.
