4172 6278
139 538 198 634 (Α.
219 537 267 614 D.
288 538 410 635 1234.)
763 561 875 612 urana
902 562 1055 614 ssxrus.
1474 553 1476 560 ⁴
1612 529 1685 618 2'43

135 727 258 823 cissam
284 747 551 824 Graimislavam
578 747 663 823 solvi
691 728 850 823 obtinuit.
897 747 1018 824 Gratia
1051 748 1216 841 siquidem
1243 749 1318 840 Dei,
1356 773 1443 845 quae
1470 751 1626 826 subvenit
1653 751 1688 824 in

135 869 295 967 periculis
330 871 366 945 et
400 870 436 944 in
472 869 730 946 necessitatibus
765 870 1015 961 laborantibus,
1053 869 1300 966 oppressionem
1337 857 1440 947 durae
1476 871 1688 966 captivitatis

136 991 281 1089 praefati
308 981 458 1068 Boleslai
486 1015 560 1068 cum
589 993 696 1067 matre
724 991 984 1068 misericorditer
1010 992 1226 1088 prospiciens,
1257 991 1435 1068 consilium
1461 992 1608 1088 inspirat
1625 993 1686 1068 Ni-

136 1115 228 1190 colao
254 1113 369 1189 abbati
398 1116 434 1188 et
459 1112 659 1208 quibusdam
696 1113 775 1189 aliis
811 1135 866 1189 eos
892 1113 1071 1188 liberandi.
1116 1116 1204 1189 Nam
1231 1137 1306 1188 curu
1334 1114 1478 1207 quadarn
1505 1116 1602 1189 nocte
1629 1137 1686 1190 cu-

135 1235 247 1312 stodes
273 1235 384 1331 epulis
409 1235 565 1326 delibuti,
594 1236 677 1330 potu
703 1235 837 1330 repleti,
874 1234 1055 1311 securitate
1083 1235 1250 1326 dissoluti,
1288 1235 1464 1310 solitarum
1491 1235 1687 1332 uigiliamm

135 1355 295 1433 excubias
321 1355 593 1448 intermisissent,
622 1357 800 1432 Boleslrus
826 1357 905 1430 Dux
933 1379 1008 1432 cum
1036 1359 1144 1431 matre
1163 1355 1385 1451 intempestae
1411 1356 1549 1432 silentio
1566 1357 1686 1448 noctis,

136 1478 362 1555 erectionibus
388 1479 541 1554 clanculo
568 1477 789 1573 praeparatis,
817 1478 1003 1552 claustrum
1032 1476 1215 1572 egreditur.
1261 1477 1321 1552 (lui
1349 1477 1581 1573 captivitatem
1609 1501 1687 1553 eva·

135 1599 230 1675 denti
257 1600 323 1675 duo
349 1601 472 1691 castra,
489 1589 770 1675 'Sandomiriense
783 1598 939 1675 videlicet
966 1601 1001 1674 et
1027 1597 1295 1690 Zavichostense,
1324 1599 1414 1674 ultro
1442 1598 1569 1674 tradita
1595 1600 1687 1674 suut.

135 1721 263 1817 Quibus
289 1721 376 1796 forte
403 1720 578 1816 imponens
606 1719 821 1815 praesidium,
858 1743 925 1796 non
960 1720 1087 1795 audens
1105 1719 1150 1794 in
1178 1719 1277 1795 terris
1312 1719 1458 1815 propriis
1492 1717 1687 1810 consistere,

134 1865 176 1918 na
202 1843 347 1919 alterurn
375 1841 609 1937 captivitatem
647 1841 793 1937 experIri
832 1842 926 1934 (Dux
953 1826 1041 1917 enim
1070 1841 1244 1916 dunradus
1279 1840 1520 1937 principaliora
1547 1840 1581 1915 in
1609 1841 1688 1914 (lra-

135 1963 280 2040 coviensi
308 1965 343 2040 et
369 1962 631 2039 Sandomiriensi
658 1985 697 2038 ac
722 1963 922 2038 Lublinensi
948 1961 1048 2038 terris
1074 1963 1187 2037 castra
1204 1961 1239 2036 in
1259 1962 1420 2038 ditionem
1446 1963 1686 2038 Masovitarum

21 2099 31 2118 ·
134 2085 396 2181 contradiderat)
416 2086 440 2180 ¹)
476 2087 660 2181 cogeretur,
690 2085 725 2158 in
752 2083 895 2160 Slesiam
922 2087 958 2160 et
983 2083 1240 2160 Wratislaviam
1273 2085 1315 2160 ad
1341 2085 1466 2160 Ducem
1502 2082 1687 2159 Henricum
1835 2188 1839 2194 1

134 2231 209 2286 cum
237 2209 352 2300 barba,
381 2205 484 2282 tertio
510 2205 693 2282 affinitatis
724 2207 832 2302 gradu
859 2228 918 2301 per
944 2205 1070 2282 lineam
1097 2205 1258 2281 directam
1285 2205 1350 2280 sibi
1378 2205 1604 2296 coniunctum,
1633 2227 1687 2278 re-

134 2330 247 2426 fugit:
276 2329 335 2421 qui
363 2329 497 2404 exulem
532 2331 568 2404 et
594 2327 779 2424 fugitivum
813 2328 937 2402 blande
964 2331 999 2403 et
1025 2309 1165 2403 comiter
1199 2325 1397 2421 suscipiens,
1435 2325 1525 2402 omni
1556 2327 1687 2430 uhouore

134 2453 169 2528 et
194 2449 410 2525 humanitate
436 2449 608 2547 tractavit,
637 2448 815 2540 omniaque
843 2449 883 2523 de
909 2471 945 2524 se
970 2450 1054 2523 bene
1081 2469 1215 2542 sperare
1242 2446 1353 2522 iussit.
1382 2446 1445 2542 Qui
1472 2446 1551 2520 dum
1579 2467 1615 2520 se
1634 2445 1686 2519 iu·

134 2570 206 2648 vari
234 2573 269 2647 et
295 2571 331 2645 in
357 2569 573 2665 Principatus
599 2593 677 2645 suos
703 2569 851 2660 restitui,
879 2567 1160 2678 rnultiplieiterl)
1186 2567 1397 2664 expetiisset,
1426 2568 1593 2642 Henrieus
1611 2565 1686 2658 qui·

135 2695 209 2769 dem
236 2694 316 2768 Dux
342 2692 380 2768 in
406 2692 560 2768 omnibus
587 2713 623 2768 se
649 2691 712 2766 sibi
741 2690 944 2787 morigerum
980 2691 1051 2765 fore
1086 2689 1289 2785 repromisit,
1327 2712 1413 2780 quae
1448 2689 1562 2763 tamen
1590 2711 1686 2783 prae·

134 2815 202 2891 mia
229 2815 383 2891 laborum
409 2815 445 2890 et
471 2797 710 2910 impensarum,
748 2815 784 2889 et
809 2813 885 2907 quis
912 2813 1044 2888 fruetus
1071 2811 1170 2885 illum
1206 2810 1381 2905 moverelt
1408 2811 1553 2902 deberet,
1582 2832 1686 2903 quae·

135 2937 227 3013 sivit.
255 2937 341 3012 'lum
368 2937 546 3012 Boleslaus
573 2935 719 3011 Pudicus
746 2957 860 3010 omnes
888 2955 1054 3029 expensas
1081 2936 1117 3009 et
1134 2933 1265 3008 laboras
1291 2955 1327 3008 se
1342 2931 1370 3026 ⁴)
1397 2933 1599 3023 refusurum,
1627 2933 1689 3006 aut

135 3059 268 3153 aliquas
295 3061 404 3135 sortes
429 3057 685 3153 Principatuum
714 3079 849 3131 suorum
876 3055 940 3132 sibi
967 3055 1172 3152 largiturum
1199 3053 1434 3150 pollicebatur:
1461 3041 1503 3128 de
1530 3076 1595 3147 quo
1613 3054 1687 3126 lue·

134 3203 170 3257 re
195 3181 314 3257 foedus
339 3181 375 3256 et
401 3182 503 3275 pacta
528 3180 596 3256 icta
610 3178 650 3274 6).
695 3179 832 3254 Interea
857 3177 950 3296 filius
976 3176 1121 3253 cunradi
1148 3175 1336 3268 Boleslaus,
1370 3173 1522 3250 collectis
1550 3173 1687 3267 quibus·

134 3305 211 3380 dam
239 3300 569 3378 Sandomiriensibus
596 3299 763 3376 militibus
789 3301 824 3376 et
850 3299 931 3392 suis,
960 3301 1085 3374 terram
1109 3295 1387 3374 Gracoviensem
1378 3317 1561 3418 rngressus,
1582 3294 1696 3370 furio*

134 3449 170 3501 se
197 3425 234 3499 in
261 3424 424 3520 populum
452 3423 686 3514 debacchatur,
723 3421 918 3538 afflictoque
945 3421 1125 3516 depraedat
1128 3419 1260 3495 ronrbus
1273 3417 1373 3514 ⁶)
1337 3419 1541 3513 egressat
1542 3416 1625 3508 uris,
1653 3417 1688 3491 in

134 3545 440 3622 Sandomirienscm
466 3547 592 3621 terram
620 3543 812 3620 revertitur.
851 3543 1086 3618 Gracovienses
1112 3563 1190 3617 vero
1218 3533 1446 3615 huiusmodi
1437 3537 1595 3614 miuriam
1622 3561 1688 3612 non

134 3670 293 3760 ferentes,
321 3667 483 3745 terminos
509 3664 805 3762 Visliciensesb
796 3664 951 3761 ingressi,
982 3666 1147 3758 quantum
1175 3662 1366 3752 valuerunt,
1394 3661 1520 3736 terrum
1547 3649 1687 3754 praeda·

134 3793 270 3882 bantur,
298 3790 334 3865 et
360 3810 563 3864 econverso
590 3787 807 3864 Vislicienses
834 3785 1068 3878 frequentibus
1105 3783 1296 3859 iucursibus
1330 3785 1456 3857 terram
1492 3779 1688 3856 cracovien-

135 3935 204 3989 sem
232 3911 444 4008 spoliabant:
471 3909 586 4003 sicque
614 3908 741 3984 mutuis
767 3907 1057 3983 vicissitudinibus
1083 3908 1261 3996 utramque
1288 3906 1413 3978 terram
1431 3888 1612 3978 crudeliter
1630 3923 1688 3976 va·

135 4032 317 4125 stantes,
307 4057 343 4107 m
369 4031 611 4108 desolationem
638 4029 864 4106 miserabilem
892 4027 1060 4124 redegere.
1097 4025 1297 4102 Auditiset
1324 4022 1508 4100 intellectis
1534 4022 1690 4098 omnibus

135 4153 282 4247 iniuriis,
312 4177 399 4247 quas
425 4154 603 4230 Boleslaus
630 4133 747 4249 praesa
748 4153 805 4226 tus
841 4149 1116 4226 Oraceviensibus
1151 4147 1323 4223 hostiliter
1355 4145 1529 4236 intulerat,
1557 4143 1688 4260 Wrati-

135 4275 314 4353 siculensis
340 4277 420 4350 Dux
446 4275 613 4351 Henricus
640 4275 969 4362 reubarbarum
997 4270 1151 4347 omnibus
1178 4267 1341 4364 potentiis
1366 4267 1437 4342 suis
1466 4253 1581 4341 sersus
1607 4265 1688 4339 (lra-

135 4399 265 4476 coviam
290 4419 361 4472 una
387 4419 463 4472 cunr
489 4397 646 4472 Boleslao
672 4395 798 4470 Pudice
825 4395 918 4469 Duce
952 4391 1137 4483 contendit,
1175 4393 1211 4465 et
1236 4413 1258 4464 a
1284 4388 1431 4484 singulis
1458 4387 1528 4462 lere
1554 4385 1688 4461 baroni·

134 4521 198 4596 bus
224 4517 501 4596 (lracoviensibus
527 4519 562 4593 et
589 4515 915 4592 Saudomiriensibus
942 4514 1104 4609 exceptus
1131 4514 1194 4603 est,
1224 4512 1260 4587 et
1285 4511 1356 4586 tam
1384 4511 1475 4601 urbs,
1505 4529 1606 4600 quam
1626 4495 1692 4582 corrv

21 4637 25 4645 ’
134 4640 375 4732 cracoviensis,
412 4639 629 4733 reliquaeque
655 4660 770 4714 ornnes
797 4636 952 4714 civitates
980 4639 1016 4710 et
1041 4637 1170 4726 castra,
1208 4631 1386 4728 praefectis
1413 4629 1517 4705 Ducis
1544 4628 1690 4705 Gunradi

134 4785 191 4840 eas
218 4761 460 4854 deserentibus,
488 4761 589 4836 facile
607 4760 642 4834 in
662 4782 758 4835 suam
785 4761 821 4836 et
846 4757 950 4834 Ducis
967 4755 1115 4832 Boleslai
1142 4777 1261 4831 venere
1287 4753 1462 4828 ditionem.
1489 4750 1581 4827 Adeo
1597 4749 1688 4826 enim

135 4884 345 4962 dominatum
371 4882 476 4960 Ducis
501 4880 670 4959 Maseriae
696 4880 842 4958 (luuradi
868 4878 1217 4979 aspemubantur,·ut
1242 4876 1285 4951 ad
1312 4875 1493 4951 adventum
1506 4871 1617 4948 Ducis
1636 4870 1689 4944 sui

137 5007 306 5084 naturalis
341 5003 491 5081 Boleslei
525 5003 655 5101 singuli
691 5003 827 5080 ineius
862 4999 1107 5096 susceptionem
1143 4999 1179 5074 et
1213 4996 1437 5073 obedientiam
1472 4993 1689 5070 confluerent.

245 5301 674 5382 ¹)tradiderat00d.Roar.
714 5295 1153 5378 ⁹)summoper01sdmoor.
1192 5287 1569 5372 ³)manere00d.Rocr
1609 5282 1635 5364 ⁴)
1658 5302 1691 5346 se

136 5410 239 5474 aas·
225 5425 263 5471 m
281 5405 353 5471 eoa.
368 5405 443 5470 Aut.
465 5402 503 5485 '⁶)
525 5405 607 5468 inita
623 5405 683 5466 Ed.
705 5403 799 5467 Delu
831 5399 861 5492 θ)
884 5401 1054 5491 afflictaque
1069 5417 1106 5462 ea
1119 5396 1375 5485 deprecationibus
1393 5393 1455 5461 Ed.
1471 5391 1565 5460 Dolor.
1598 5387 1690 5472 'lvi-

137 5515 311 5578 adriensem
326 5517 437 5584 terram
459 5511 520 5585 Ed
541 5510 637 5588 Dobr.
