4208 6282
392 541 439 612 72
1005 561 1115 612 urana
1140 559 1312 622 qumans.
1656 535 1723 633 (Α.
1744 535 1790 648 D.
1811 535 1923 634 llos.)

388 749 497 822 slaurn
523 745 730 822 Daridowian
758 747 797 822 de
824 747 928 843 Kpow
955 748 1083 842 effugat
1109 750 1145 822 et
1170 747 1323 842 expellit,
1352 746 1527 838 sedemque
1553 745 1776 841 Kporiensem
1803 769 1922 843 appre-

345 935 348 949 .
388 869 526 958 hendit3
554 870 724 944 Isaaslaus
750 871 863 944 autem
890 869 1096 945 Daridoniaa
1123 893 1166 944 ex
1192 870 1296 965 Kpow
1323 868 1480 944 desiliens
1506 867 1541 942 in
1568 867 1739 964 Wpetioae
1760 869 1781 964 1)
1809 891 1923 945 eonse-

389 992 451 1066 dit.
491 991 658 1068 Fastidire
685 993 799 1068 autern
825 991 917 1066 illioo
952 991 1062 1088 eoepit
1095 991 1290 1066 dlseaislaus
1316 991 1525 1068 Isaaslauien
1552 991 1775 1086 Kyoviensem
1801 992 1923 1083 sedern,

389 1116 424 1188 et
449 1114 619 1190 Reatislao
646 1115 735 1190 Duae
763 1113 949 1190 Sinolnensi
978 1117 1098 1210 patruo
1124 1137 1282 1212 germano
1309 1115 1479 1207 aoeersito,
1512 1113 1735 1209 Kpouiensem
1762 1114 1826 1189 sibi
1854 1113 1925 1206 inb

388 1240 536 1333 ternpore
563 1237 651 1313 veris
677 1237 831 1333 resignet
865 1237 1117 1332 Prinoipaturn;
1155 1237 1246 1312 solus
1284 1261 1357 1314 vero
1394 1238 1429 1310 in
1455 1237 1702 1312 Wladirniriam
1737 1237 1869 1312 exaedit
1884 1233 1923 1331 ³).

389 1360 453 1436 Sed
480 1383 541 1438 nee
567 1360 737 1435 Restislao
774 1360 962 1434 Sinolnensi
988 1360 1072 1435 Duoi
1101 1359 1261 1454 possessio
1288 1359 1489 1456 Kpouiensis
1523 1361 1672 1435 Dnaatus
1698 1359 1767 1434 luit
1793 1359 1924 1434 diutur-

389 1505 452 1556 na:
481 1482 604 1577 quippe
632 1485 667 1555 et
694 1482 764 1576 ipse
791 1481 886 1556 illius
911 1482 1060 1578 regimen
1088 1505 1234 1577 perosus,
1263 1483 1346 1558 Duei
1366 1482 1564 1558 Wlodirniro
1590 1481 1836 1574 Mseaislauiaa,
1864 1505 1924 1559 ax·

390 1604 576 1699 pulsionenr
603 1604 740 1694 neritus,
768 1603 932 1700 resignat.

844 1967 1052 2082 ANNUS
1087 1967 1310 2082 DOMINI
1345 1967 1477 2083 llos.

390 2220 467 2293 Part
485 2223 621 2294 marten
639 2219 763 2293 neraei
780 2221 922 2294 baeatus
942 2220 1017 2304 aius
1032 2221 1135 2294 eeaait
1153 2221 1313 2294 Karinira
1332 2221 1447 2293 minori
1471 2218 1575 2308 tratri,
1600 2219 1654 2312 qul
1672 2237 1805 2292 uxoren
1826 2217 1925 2292 duait.

493 2461 696 2538 Pruthenioa
723 2463 835 2537 clades
861 2463 964 2559 longa
990 2464 1190 2540 Polonorum
1222 2463 1374 2558 regiones
1401 2462 1555 2559 ealigine,
1593 2484 1803 2554 moeroreque
1818 2461 1846 2554 4)
1873 2461 1926 2534 in-

337 2657 338 2664 a
391 2585 551 2678 soluerat,
581 2587 808 2680 moestumque
834 2588 869 2660 et
895 2587 1100 2662 obstinatum
1128 2586 1300 2661 silentium
1327 2586 1575 2681 aliquantisper
1597 2585 1675 2676 fuit,
1704 2585 1781 2659 duna
1808 2584 1852 2659 ad
1870 2606 1926 2672 ue·

392 2707 579 2784 hernentern
606 2709 751 2784 dolorem
778 2709 884 2803 pudor
910 2711 998 2786 ruale
1024 2709 1112 2804 gesti
1139 2708 1221 2783 belli
1248 2709 1433 2784 adcedebat.
1461 2709 1503 2782 ln
1530 2707 1675 2803 singulis
1702 2729 1833 2801 quoque
1857 2706 1927 2782 fere

392 2831 543 2906 donibus
570 2832 605 2907 at
631 2831 824 2928 regionibus
851 2831 1015 2928 gemitum
1042 2833 1076 2906 et
1103 2831 1396 2927 complorationem
1423 2831 1607 2906 deletorum
1634 2831 1776 2904 fratrum
1794 2831 1830 2904 et
1847 2851 1926 2904 oon-

391 2951 649 3048 sanguineornm
677 2954 876 3048 superstites
912 2953 1136 3045 intenderant,
1176 2955 1210 3028 et
1242 2953 1399 3046 quioquid
1427 2953 1469 3028 ad
1497 2953 1665 3045 lanimem,
1702 2951 1927 3044 solatiumque

391 3075 577 3150 exulaerati
605 3075 746 3170 pectoris
773 3076 882 3172 ingeri
910 3078 1052 3171 poterat,
1081 3076 1192 3151 surdis
1210 3077 1244 3152 et
1262 3075 1422 3152 obseratis
1449 3076 1586 3162 auribus
1612 3073 1850 3170 excipiebatur.
1878 3075 1928 3148 De

393 3197 573 3272 ordinando
599 3199 735 3294 tandem
763 3200 903 3276 duarum
929 3201 1094 3273 terrarum
1122 3201 1157 3274 et
1183 3199 1447 3294 Prinoipatuurn‚
1476 3197 1754 3273 Sandomiriensis
1770 3197 1928 3272 videlieet

392 3321 427 3394 et
452 3321 678 3415 Lublinensis,
711 3324 815 3413 statu,
853 3345 992 3414 quorum
1019 3322 1149 3396 raoatio
1175 3345 1218 3396 ex
1244 3324 1349 3396 morte
1376 3319 1522 3396 illustris
1548 3320 1611 3395 riri
1638 3319 1776 3395 Hanriei
1803 3317 1927 3394 innide-

392 3444 457 3536 rat,
485 3446 667 3520 euvenus
694 3467 753 3539 per
779 3447 957 3538 utrumque
984 3445 1184 3540 Principem,
1222 3445 1413 3520 Boleslauur
1450 3443 1607 3520 videlieet
1632 3446 1667 3518 et
1692 3443 1926 3540 Myeaaslaurra

393 3567 624 3660 praelatosque
652 3567 687 3641 et
713 3568 852 3642 barones
888 3567 1044 3643 Poloniae
1081 3568 1169 3662 apud
1200 3567 1387 3642 Oraooriarn
1414 3567 1550 3642 habitus
1575 3568 1638 3658 est,
1675 3567 1716 3640 ut
1741 3563 1928 3661 prouidere·

391 3685 459 3782 tur,
487 3689 540 3763 aui
566 3691 742 3765 eorundem
769 3689 1024 3785 Prinoipatuurn
1057 3691 1230 3766 deberetur
1257 3689 1429 3782 successio,
1457 3711 1532 3765 aum
1559 3690 1637 3764 Dux
1663 3688 1829 3764 Haurious
1855 3710 1927 3764 aaa·

392 3811 495 3888 libern
522 3812 557 3886 in
584 3812 669 3886 illud
696 3807 828 3908 ternpus
864 3813 971 3888 vitam
1005 3835 1121 3908 agens,
1158 3814 1285 3888 nullam
1323 3813 1449 3908 prolem
1475 3811 1661 3906 reliquerit.
1705 3813 1751 3886 Ε)
1777 3809 1928 3904 quamuis

393 3936 496 4030 longa
522 3935 725 4010 uonaertatio
761 3937 801 4010 de
834 3935 1021 4030 partiendis
1056 3937 1245 4012 huiusmodi
1281 3935 1380 4011 terris
1415 3935 1609 4011 Boleslaum
1644 3935 1679 4007 et
1705 3935 1928 4030 Mpeaaslanrn

259 4070 263 4080 '
393 4057 502 4131 Duces
527 4057 685 4149 tenuerit,
714 4056 748 4132 id
774 4058 910 4132 taudem
937 4060 1015 4153 pest
1041 4059 1165 4134 nrultos
1190 4061 1357 4148 tractatus
1376 4081 1475 4154 super
1501 4082 1537 4135 re
1563 4057 1754 4137 huiusmodi
1781 4057 1928 4152 interpo-

393 4177 487 4270 sitos,
516 4179 682 4254 communi
714 4201 875 4256 consensu
903 4181 938 4254 et
964 4181 1096 4254 deoreto
1122 4182 1294 4277 accepturu
1322 4185 1385 4273 est,
1423 4183 1461 4258 ut
1487 4181 1627 4274 quintus
1653 4180 1755 4256 Duris
1782 4177 1929 4256 Boleslei

393 4301 615 4398 Krnyoousty
642 4301 734 4376 iilius
761 4302 920 4398 Prinoeps
946 4303 1139 4378 Kaairrrirus
1175 4327 1298 4378 annum
1326 4303 1533 4380 trieesinrum
1548 4304 1576 4398 ⁵)
1603 4323 1849 4399 supergressus,
1879 4302 1928 4376 eui

394 4425 490 4518 pater
517 4423 698 4498 moriturus
726 4424 760 4498 in
787 4424 947 4500 divisione
974 4423 1056 4498 filiis
1083 4426 1173 4500 lauta
1199 4427 1328 4500 nullam
1361 4428 1484 4502 sortem
1519 4425 1609 4501 inter
1634 4426 1757 4502 fratres
1784 4424 1928 4518 relique·
1980 4485 1982 4493 .

393 4547 458 4638 rat,
487 4545 523 4619 in
549 4548 708 4622 vacantes
743 4549 932 4624 suoeederet
968 4547 1270 4624 Sandomiriensem
1295 4551 1331 4624 et
1357 4549 1593 4626 Lublinensem
1619 4549 1780 4639 nautas,
1808 4547 1867 4642 qui
1894 4547 1929 4620 in

394 4667 429 4741 id
455 4669 588 4763 tempus
615 4669 745 4744 nullaur
772 4670 939 4764 proprioru
967 4672 1001 4744 et
1027 4669 1159 4744 firmam
1186 4672 1296 4746 sedeur
1323 4671 1481 4764 retinens,
1510 4670 1658 4746 Boleslei
1684 4669 1787 4746 Dueis
1813 4670 1929 4744 Orneo-

394 4789 518 4866 aiensis
544 4792 579 4866 et
605 4792 802 4866 Monarehae
829 4791 1032 4868 liberalitate
1060 4793 1223 4868 alebatur.
1252 4793 1376 4868 Varum
1403 4794 1483 4888 quia
1510 4793 1681 4889 praefatus
1707 4793 1786 4867 Dux
1812 4792 1929 4868 Graea-

393 4912 518 4988 riensis
543 4914 719 4988 Boleslaus
746 4913 780 4986 in
808 4914 1074 4989 administranda
1101 4915 1293 4990 llonarohia
1308 4917 1519 5009 querebatur,
1543 4915 1687 5012 singulis
1714 4915 1785 4990 suis
1812 4913 1929 4990 introi·

395 5034 486 5110 tibus
511 5035 686 5112 exhaustis
701 5035 741 5130 ⁶),
771 5057 806 5112 se
833 5037 1067 5132 multiplieiter
1094 5039 1282 5132 paratum,
1312 5039 1596 5133 extenuaturque
1623 5060 1705 5131 esse,
1744 5037 1932 5132 elegantior

395 5224 803 5238 m*—

503 5331 527 5410 ¹)
549 5335 695 5395 Wieaaiee
722 5334 791 5396 Cod.
809 5336 900 5395 Beer.
923 5335 1067 5410 Nieezyoe
1090 5336 1149 5396 Ed.
1164 5337 1258 5397 Dobr.
1281 5336 1423 5411 Niecayse
1445 5336 1505 5398 Ed.
1521 5337 1608 5413 Lips.
1646 5333 1672 5415 Ω)
1695 5333 1748 5396 sub
1763 5331 1822 5397 Ed.
1838 5333 1929 5410 qur.

397 5433 424 5515 3)
446 5439 566 5500 recedit
583 5440 641 5500 Ed.
665 5439 759 5500 Dobr.
800 5435 825 5518 ⁴)
849 5441 972 5514 ealigine
994 5442 1135 5500 moeroris
1161 5441 1231 5502 Ood.
1254 5442 1346 5502 Rosa.
1387 5439 1412 5519 ⁵)
1434 5443 1601 5516 vigesimum
1620 5440 1690 5502 θοι).
1705 5442 1797 5502 Reor.
1832 5438 1859 5520 ⁰)
1881 5457 1930 5518 ex,-

395 5543 529 5606 haostunr
552 5549 582 5604 et
607 5545 678 5606 θοι).
701 5546 792 5608 Roar.
906 5552 915 5567 ”
1724 5563 1727 5574 ·
