4140 6298
128 543 189 642 ’(Α.
208 533 260 622 D.
279 543 402 642 1244.)
741 567 852 620 nmnrr
879 566 1073 621 sanmuus.
1603 545 1677 626 303
1742 633 1743 638 p

128 754 323 850 procuravit
350 755 430 850 igne
456 753 608 830 immisso
635 753 847 850 conflagrari.
893 754 1053 830 Vallatus
1088 775 1220 848 quoque
1246 755 1506 848 Prothonorum,
1535 753 1679 833 Litbua-

127 899 250 952 norum
277 878 325 957 et,
339 875 602 972 Iacuwingorum
639 875 872 967 multitudine,
901 875 936 951 in
964 875 1204 974 (lupariensem
1240 878 1366 952 terram
1402 877 1497 953 venit
1531 879 1566 953 et
1592 900 1678 970 sam,

127 997 312 1092 fidelesque
338 997 559 1090 Christianos,
588 1020 648 1074 ouo
676 1000 711 1073 et
737 1000 954 1074 barbarorum
979 997 1115 1074 brachio
1143 997 1279 1092 (quibus
1306 1021 1410 1092 aequo
1430 999 1454 1092 ¹)
1480 1021 1519 1074 ac
1546 999 1681 1098 Polonis

127 1119 309 1213 propterea
335 1119 446 1216 magis
473 1141 573 1212 quam
602 1117 782 1194 cruciferis
800 1119 946 1194 infestus
964 1121 1048 1212 erat,
1078 1119 1167 1212 quod
1188 1117 1400 1206 Karimirum
1417 1120 1543 1194 Ducem
1571 1120 1681 1216 (lupa-

127 1237 204 1316 rioa'
218 1239 268 1334 ²),
287 1239 398 1316 lilium
424 1240 571 1318 Ounradi
597 1239 767 1318 Maeoniae
798 1239 913 1332 Ducis,
946 1262 1061 1316 omnes
1087 1239 1320 1335 expeditiones
1346 1242 1463 1316 contra
1489 1262 1525 1316 se
1551 1243 1586 1318 et
1603 1260 1682 1324 sues

127 1383 204 1438 oum
233 1361 415 1438 Oruciforis
440 1363 657 1455 frequentare
683 1363 836 1456 nouerat)
864 1363 978 1436 uastat
1003 1364 1039 1437 et
1064 1361 1236 1458 opprimit,
1274 1361 1495 1456 pluribusque
1522 1362 1630 1438 interl
1664 1404 1680 1418 ·

126 1481 185 1574 tis,
215 1483 334 1577 plures
359 1484 462 1560 etiam
490 1484 527 1559 in
554 1483 779 1560 miserabilem
814 1483 1050 1580 captiuitatem
1085 1482 1246 1574 deduxit,
1274 1485 1309 1558 et
1337 1484 1528 1559 uniuersam
1555 1487 1681 1564 terram

126 1603 298 1699 (lupariae
326 1627 387 1699 per
412 1605 567 1680 incendia
602 1607 637 1679 et
672 1607 822 1700 stragem
855 1605 1064 1680 barbaricam
1092 1601 1243 1699 perdidit
1267 1605 1303 1679 ot
1330 1603 1488 1679 vastarit.
1534 1605 1682 1698 (lamque

129 1725 340 1820 apostolicus
366 1727 517 1822 negatus
544 1723 803 1820 euilholnusp
829 1725 1033 1801 Mutinensis
1059 1725 1235 1820 episcopus
1261 1728 1297 1800 et
1323 1725 1460 1820 scriptis
1487 1727 1523 1800 et
1551 1725 1682 1800 nuntiis

127 1846 447 1944 suantopellonem
474 1869 575 1944 super
600 1847 656 1923 bis
682 1847 874 1943 corriperet,
903 1847 963 1923 ille
990 1847 1228 1924 stomachando
1255 1847 1440 1942 respondit,
1469 1869 1504 1922 se
1520 1870 1552 1938 a
1569 1869 1680 1942 perse·

128 1968 266 2044 cutione
292 1969 442 2045 bostium
468 1992 615 2063 suorum,
643 1971 679 2046 ot
705 1969 905 2065 praesertim
935 1969 1101 2064 (lupariae
1127 1967 1230 2044 Ducis
1256 1970 1292 2043 et
1317 1969 1530 2059 Polonorum,
1550 1969 1681 2048 nedum

128 2091 270 2184 propter
296 2091 519 2186 apostolicum
546 2091 725 2186 Legatum,
763 2091 822 2166 sed
848 2112 909 2167 neo
936 2091 1074 2186 propter
1101 2090 1209 2164 solum
1236 2091 1364 2185 Papam
1391 2091 1618 2164 cessaturum:
1646 2093 1682 2165 et

128 2209 198 2284 nisi
226 2211 294 2286 sibi
321 2210 415 2286 lilius
441 2214 536 2288 obses
564 2233 640 2288 oum
670 2212 812 2288 castaus
834 2212 1004 2303 reddatur,
1042 2211 1265 2286 comminatus
1292 2213 1355 2303 est,
1385 2233 1421 2288 se
1448 2210 1602 2286 omnibus
1626 2233 1680 2286 oo-
1811 2249 1814 2254 ·

128 2332 269 2408 natibus
296 2335 368 2408 tom
394 2333 538 2408 Peloros
565 2356 666 2428 quam
692 2331 878 2410 cruciferos
909 2334 998 2410 bello
1024 2335 1238 2409 laxaturum.
1283 2333 1329 2407 nt
1355 2332 1512 2408 continuo
1539 2333 1574 2406 in
1601 2333 1679 2408 Oul-

128 2453 239 2528 mensi
255 2452 281 2550 ⁴)
309 2455 401 2530 terra
427 2453 619 2530 aedificavit
645 2456 792 2530 castrum
818 2454 938 2530 antir
973 2454 1015 2530 ad
1041 2455 1134 2549 ripas
1160 2454 1304 2546 Wislae,
1341 2455 1376 2528 et
1403 2454 1534 2528 nullam
1561 2475 1681 2533 nouom

128 2573 352 2670 inspoliatum
379 2575 531 2670 reliquit.
553 2566 732 2652 'cruciferi
759 2578 811 2651 tot
839 2575 939 2651 malis
966 2574 1168 2671 augustiati,
1198 2575 1370 2650 Samborio
1397 2574 1495 2649 fratri
1522 2597 1681 2670 germano

127 2695 422 2792 Suantopellronis
457 2699 604 2772 castrum
639 2697 880 2774 Zartauicaam
916 2715 976 2793 por
1011 2719 1068 2772 eos
1094 2697 1319 2792 interceptum
1355 2696 1398 2791 (si
1425 2697 1682 2791 suantopellrus
1736 2715 1738 2720 “

128 2839 212 2910 οιιιιι1
233 2817 283 2893 ais
309 2818 397 2898 inito
411 2817 439 2914 ὅ)
477 2840 513 2893 se
541 2821 753 2894 seruaturum
793 2821 828 2894 et
862 2818 1016 2895 barbaris
1046 2840 1081 2894 se
1109 2818 1273 2913 suffragia
1308 2841 1382 2892 non
1410 2817 1681 2894 ministraturum

128 2941 357 3034 assecuraret)
384 2940 568 3016 offerebant
598 2939 840 3035 resignaturos.
886 2941 951 3016 Sed
978 2942 1058 3015 dum
1084 2939 1343 3034 Suantopelkus
1369 2940 1405 3016 et
1431 2939 1534 3016 castri
1560 2941 1680 3015 Zorla-

128 3059 253 3136 uicaae
288 3062 324 3134 et
349 3059 415 3134 filii
450 3060 702 3136 restitutionem
738 3061 944 3153 requireret,
981 3059 1144 3137 cruciferi
1179 3060 1290 3135 filium
1326 3061 1618 3156 suantopelkonis
1645 3061 1680 3136 in

127 3179 305 3256 Austriam
331 3202 391 3277 por
417 3181 564 3277 triginta
598 3181 802 3277 armigeros,
835 3205 917 3276 quos
945 3181 1017 3256 illis
1053 3183 1132 3256 Dux
1158 3181 1318 3258 Austriae
1344 3181 1537 3258 Fridericus
1563 3182 1600 3258 in
1626 3203 1680 3258 so·
1808 3181 1810 3186 ’

127 3301 295 3398 latium⁶)
337 3303 495 3396 miserat,
542 3303 793 3378 transmittunt.
848 3305 1065 3399 suantopelk
1104 3303 1339 3381 liberationem
1380 3303 1445 3378 filii
1488 3306 1678 3394 allecturus,

128 3423 301 3516 quiescere
337 3447 404 3500 non
437 3425 576 3517 valens,
613 3424 650 3499 in
684 3426 775 3501 terra
810 3425 1027 3501 Pomeraniae
1063 3426 1211 3502 castrum
1247 3447 1370 3502 norum
1405 3427 1556 3534 Supecna
1570 3425 1611 3521 ⁷),
1639 3426 1681 3500 ad

128 3545 259 3622 fluenta
284 3545 427 3638 Wislae,
456 3545 514 3622 ubi
540 3547 653 3622 Wisla
679 3545 883 3622 fortissimos
910 3549 945 3622 et
971 3546 1104 3622 rabidos
1136 3547 1206 3621 edit
1233 3547 1386 3641 vortices,
1423 3549 1464 3622 ut
1490 3545 1679 3642 nauigatio·

127 3689 206 3743 nem
234 3689 365 3742 omnem
391 3666 580 3762 impediret,
618 3669 811 3742 construere
839 3667 959 3762 eoepit.
1004 3666 1198 3742 Kacimirus
1230 3689 1306 3744 uero
1333 3669 1413 3742 Dux
1439 3667 1616 3763 (lupariae,
1645 3669 1680 3742 et

128 3789 246 3884 Poppo
272 3787 439 3884 Magister
464 3787 552 3863 alias
579 3787 722 3883 Pipinus
749 3812 825 3866 curn
852 3788 1032 3866 Cruciferis
1058 3787 1280 3883 algentibus
1307 3811 1374 3864 non
1401 3787 1527 3884 paucio,
1563 3789 1679 3863 Suan-

127 3910 346 4006 topelkonem
372 3911 415 3985 ab
442 3909 553 4004 operis
579 3910 657 3987 novi
688 3910 936 3988 constructione
972 3909 1153 4005 repulsuri,
1191 3909 1228 3984 in
1254 3910 1396 3987 naribus
1422 3909 1617 4001 adveniunt,
1643 3911 1680 3985 et

127 4032 241 4108 multa
266 4029 303 4106 in
330 4030 592 4111 destructionem
617 4054 779 4108 nouorum
813 4030 1052 4125 aedificiorum,
1090 4029 1297 4108 aedificando
1332 4031 1471 4127 insuper
1504 4029 1597 4106 aliud
1623 4051 1680 4106 ca·

127 4155 240 4229 auum
266 4151 492 4247 Putirborkl)
519 4151 693 4248 eregione
719 4153 883 4249 Supeom,
898 4152 1021 4245 moliti,
1050 4153 1166 4248 coepto
1192 4150 1290 4226 irrito
1317 4151 1537 4240 discendunt;
1565 4152 1679 4226 Suan-

127 4275 289 4372 topelkus
316 4275 351 4350 et
378 4273 575 4370 Supocaob
611 4276 821 4351 consummat
852 4276 888 4352 et
913 4273 1034 4350 Zantir
1060 4272 1227 4350 militibus
1254 4273 1290 4349 et
1315 4271 1520 4350 victualibus
1545 4271 1678 4367 inplet.

137 4519 140 4532 Ι
239 4569 587 4650 passicratem.
627 4568 755 4649 Uillius
775 4567 846 4632 Oool.
867 4567 943 4631 Act.
984 4565 1011 4646 ³)
1033 4567 1207 4630 Wilhelmns
1233 4565 1305 4630 Cocl.
1328 4567 1420 4630 Roar.
1460 4561 1489 4648 ⁴)
1512 4565 1679 4631 chelmeosi

132 4673 204 4739 Ood.
227 4675 321 4738 Rocr.
361 4672 389 4755 ⁶)
412 4681 500 4750 pacta
530 4692 595 4735 cunr
625 4675 669 4735 eis
698 4675 772 4734 inita
804 4673 875 4734 (lod.
904 4674 996 4734 Roar.
1035 4669 1061 4750 ⁶)
1085 4673 1224 4732 auxilium
1257 4671 1327 4734 Ood.
1357 4673 1451 4734 Roas.
1491 4669 1679 4748 'tamenne

131 4779 202 4843 (lod.
226 4781 319 4843 Roas.
358 4776 605 4859 ³)Potnirborgk
630 4777 701 4840 Coei.
724 4779 816 4839 Roar.
840 4769 1045 4857 (Butlerburg)
1076 4771 1103 4854 ⁰)
1126 4781 1157 4837 ot
1172 4781 1301 4840 coebum
1323 4775 1462 4839 Suiecaie
1490 4773 1562 4838 eoo.
1582 4775 1676 4840 coar.
