4162 6288
142 558 211 666 (Α.
233 562 282 639 D.
301 559 413 664 1271.)
755 587 867 640 smne
894 586 1088 641 snernrus.
1620 572 1695 643 419

138 792 210 862 rus,
240 772 401 864 oastmm‚
438 771 677 866 civitatemque
699 771 851 863 Gdanslr,
889 795 975 864 quae
1011 773 1076 848 sibi
1103 773 1140 847 in
1166 773 1290 849 sortem
1327 776 1507 865 cesserant,
1545 774 1697 852 tlunrsdo

138 892 329 970 biarchioni
350 894 385 988 ¹),
413 893 517 970 donec
542 915 719 984 summam,
748 894 789 970 de
816 916 883 988 qua
910 894 999 970 inter
1024 894 1124 969 illum
1153 897 1188 969 et
1218 894 1409 970 (lunradum
1435 891 1698 991 llarchionem²)

140 1016 361 1105 conuenerat,
388 1015 590 1105 exsolveret,
619 1014 761 1110 obligat.
789 1015 973 1107 dastroquc
999 1015 1139 1091 Gdanslr
1157 1015 1341 1089 fortissimo
1358 1015 1511 1091 (lunradc
1532 1017 1698 1092 Marchio·

138 1131 222 1228 nic)
250 1134 389 1227 tradito,
418 1134 454 1210 in
481 1138 630 1210 castrum
657 1135 751 1210 alind
777 1135 1010 1231 Wischegrod,
1043 1137 1169 1212 bellum
1196 1136 1297 1210 fratri
1310 1137 1338 1230 ⁴)
1365 1137 1563 1213 mouendum
1591 1159 1696 1233 appa-

139 1255 294 1348 ratorns,
321 1255 457 1346 secedit,
486 1279 526 1332 ac
552 1256 648 1351 gravi
674 1255 863 1332 valitudine
890 1258 925 1332 et
951 1259 1064 1332 morbo
1091 1259 1265 1351 correptus
1291 1260 1355 1345 est;
1384 1261 1461 1353 post
1483 1280 1606 1352 paucos
1624 1259 1697 1334 dies

137 1376 286 1469 decedit,
315 1377 352 1452 in
378 1377 615 1470 lenioremque
641 1377 902 1454 Wladislauiam
929 1400 950 1452 a
977 1377 1144 1452 militibus
1171 1378 1316 1470 delatus,
1347 1379 1437 1472 apud
1464 1379 1608 1454 fratrum
1630 1381 1695 1454 lli·

136 1501 262 1572 'nornm
290 1497 531 1574 monasterium
559 1498 735 1592 sepelitur.
763 1498 1023 1593 lteintegratum
1050 1498 1115 1572 sibi
1141 1499 1334 1594 Mecaugins
1361 1501 1438 1573 Dux
1467 1502 1573 1575 morte
1595 1501 1695 1575 War-

137 1617 240 1694 cislai
267 1618 386 1694 fratms
412 1620 507 1693 ratus
533 1618 778 1713 Principatum,
817 1619 882 1692 etsi
909 1621 981 1694 mm
1008 1618 1230 1714 Wischegrod
1257 1641 1359 1712 quarn
1385 1619 1529 1711 l'scncw,
1558 1619 1694 1715 (layca,

137 1739 295 1834 Swpecac
321 1739 357 1814 et
383 1739 472 1814 aliae
499 1739 703 1814 munitiones
731 1745 834 1830 atqua
861 1741 982 1829 castra,
1011 1761 1099 1830 quae
1126 1761 1186 1833 pro
1213 1761 1275 1814 sua
1301 1742 1391 1814 sorte
1413 1740 1623 1815 Warcislaus
1641 1761 1695 1815 ac·

137 1862 288 1954 ceperat,
317 1861 424 1934 morte
450 1859 633 1936 Warcislai
661 1861 788 1949 secuta,
817 1859 852 1933 in
880 1881 975 1934 suam
1002 1859 1164 1934 ditionem
1191 1863 1311 1954 sponte
1333 1861 1562 1952 concederent,
1593 1863 1696 1938 castri

136 1984 256 2057 mmen
284 1979 474 2057 Gdanensis
500 1983 535 2056 et
562 1980 676 2075 oppidi
705 1979 948 2074 possessionem
976 1980 1154 2074 repetenti,
1184 2003 1205 2054 a
1231 1981 1421 2056 Senonibus
1442 1963 1587 2056 dunradi
1606 1983 1695 2056 llar-

136 2101 272 2178 chionis
290 2101 425 2177 nomine
443 2102 530 2176 illud
560 2102 802 2196 occupantibus
828 2121 1027 2195 responsum
1045 2103 1097 2174 est
1115 2123 1122 2174 :
1157 2103 1306 2176 castrmn
1324 2105 1360 2176 et
1377 2101 1537 2196 oppidum
1556 2102 1695 2178 Gdanslr

137 2223 181 2298 ad
209 2223 265 2298 ius
292 2225 328 2299 et
354 2223 596 2318 proprietatem
631 2222 837 2298 Marchionis
871 2223 925 2296 sui
960 2221 1118 2311 Oumadi,
1156 2245 1199 2296 ex
1234 2222 1346 2316 pactis
1380 2245 1456 2297 cum
1492 2224 1598 2297 frome
1634 2246 1695 2298 suc

136 2344 331 2422 Warcislao
358 2343 468 2435 initis,
497 2346 532 2419 et
558 2367 678 2439 paam
708 2347 876 2438 impensas
894 2343 936 2417 ad
955 2344 1065 2418 multa
1092 2343 1202 2416 millia
1228 2343 1428 2418 aestimatas
1454 2345 1496 2420 ob
1522 2343 1557 2417 id
1575 2345 1693 2436 factas,

136 2464 311 2554 recidisse
339 2464 481 2560 proinde
507 2464 625 2556 abiret,
654 2466 690 2540 et
717 2487 779 2538 sua
804 2485 840 2538 se
867 2463 902 2536 in
929 2463 1043 2554 quiete
1071 2463 1241 2557 possidere
1268 2463 1406 2538 sineret.
1449 2463 1520 2559 Quo
1547 2466 1693 2539 offensus

137 2589 173 2662 et
199 2586 358 2661 irritatus
383 2608 552 2680 responso,
580 2578 662 2680 quid
689 2585 858 2680 agendum
885 2583 1069 2679 expediret,
1092 2582 1175 2660 'cum
1193 2585 1265 2659 suis
1287 2586 1514 2660 consultabat.
1542 2586 1589 2660 m
1606 2609 1690 2661 non·

137 2707 249 2782 nullis
276 2705 412 2801 quidem
438 2706 616 2782 uidebatur
642 2709 792 2782 castrum
818 2704 958 2781 Gdanslr
985 2704 1155 2781 obsidione
1190 2705 1352 2782 continua
1377 2707 1413 2781 et
1439 2705 1696 2802 impugnatione

138 2851 158 2902 a
184 2827 378 2904 Senonibus
404 2827 627 2905 evincendum
653 2849 746 2904 esse:
782 2828 841 2902 sad
867 2828 961 2902 locus
991 2828 1027 2903 et
1052 2828 1177 2903 natura
1212 2829 1248 2903 et
1289 2830 1364 2904 arte
1390 2826 1475 2902 satis
1508 2828 1692 2920 emunitus,

138 2951 279 3045 longam
316 2949 522 3026 obsidionem
556 2951 591 3024 et
618 2948 793 3025 difficilem
829 2948 1117 3045 expugnationem
1153 2949 1385 3044 portendebat.
1431 2950 1633 3024 Occurrebat
1659 2952 1695 3024 et

138 3071 291 3146 hostiurn
317 3073 502 3166 respectus,
530 3093 573 3146 ne
599 3070 775 3146 danradus
809 3069 958 3145 Marchio
993 3068 1126 3145 fortiori
1157 3069 1266 3146 frctus
1301 3069 1465 3165 potentia,
1503 3069 1695 3146 obsidentes

138 3193 338 3269 obterreret.
384 3192 638 3287 Implorandum
665 3191 774 3287 igitur
800 3213 915 3268 omnes
941 3191 1137 3268 Boleslaum
1163 3190 1263 3266 Pium
1290 3191 1526 3267 (lalissienscm
1552 3193 1691 3282 Ducem,

138 3335 181 3389 ex
208 3314 394 3389 matertera
429 3313 595 3409 lllscnugii
629 3313 798 3408 genitum,
835 3291 1041 3408 Principem
1055 3334 1096 3388 aa
1122 3314 1326 3408 tempestate
1352 3314 1424 3387 tam
1452 3311 1564 3388 animo
1591 3334 1694 3406 qoam

138 3433 268 3509 militia
294 3434 490 3528 pollentem,
527 3437 568 3509 ut
593 3433 693 3510 fratri
709 3434 738 3529 ⁶)
764 3433 936 3529 llscnugio
963 3456 1061 3528 opem
1088 3435 1188 3526 ierat,
1216 3436 1252 3510 et
1269 3433 1459 3528 portionem
1485 3435 1558 3508 mm
1585 3433 1693 3529 insig-

138 3543 216 3630 nem
251 3554 471 3630 Pomeraniae
506 3557 676 3646 Ducatus,
715 3555 750 3629 in
787 3578 887 3646 quem
923 3556 996 3650 ipse
1030 3555 1202 3650 llscangie
1234 3556 1365 3629 mortuo
1399 3557 1436 3630 at
1471 3575 1694 3631 successorem

138 3698 206 3751 non
232 3675 405 3767 relictmo,
433 3699 647 3774 successmus
673 3677 758 3768 erat,
795 3676 950 3770 abrumpi
977 3675 1065 3750 dolis
1092 3679 1128 3750 at
1153 3675 1292 3750 vafricia
1322 3677 1493 3750 Senem
1523 3699 1590 3750 non
1616 3697 1693 3770 per·

139 3795 270 3872 mittat.
297 3797 349 3871 lla
374 3797 546 3873 sententia
571 3799 614 3872 ab
640 3797 794 3873 omnibus
821 3798 1046 3892 comprobata,
1084 3797 1127 3870 ad
1154 3797 1349 3872 Boleslaum
1376 3797 1474 3870 Pium
1510 3795 1692 3872 Galissien·

138 3939 210 3993 sem
236 3919 365 3994 Ducem
393 3917 479 3993 itum
506 3922 570 4009 est,
598 3921 634 3994 et
660 3918 785 3994 solatia
799 3919 829 4012 ⁶)
846 3941 909 3993 sua
927 3917 962 3992 in
979 3918 1267 4012 recuperationem
1294 3917 1398 3992 castri
1425 3915 1564 3992 lidanslr
1590 3939 1693 4012 expe·

138 4039 217 4114 cita
246 4037 339 4133 Quae
364 4039 441 4130 etsi,
470 4039 711 4116 deliberatione
737 4061 813 4114 cunr
840 4039 912 4113 suis
939 4039 1067 4130 habita,
1095 4039 1272 4115 Boleslaus
1298 4039 1391 4131 Pius,
1420 4039 1590 4114 vetembus
1608 4039 1693 4113 obli·

139 4158 263 4234 teratis
289 4158 437 4250 offensis,
474 4160 699 4236 conditionem
734 4159 900 4254 llscnugii
935 4161 1054 4236 fraude
1089 4160 1262 4235 Saxonum
1292 4159 1410 4234 uiolati
1439 4159 1628 4249 miseratus,
1657 4181 1693 4236 se

140 4279 306 4356 edixisset
340 4279 605 4375 praestiturum:
641 4281 752 4356 hieme
786 4283 900 4356 tamen
936 4282 1128 4375 appetente,
1166 4280 1248 4354 anni
1282 4282 1417 4375 tempus
1452 4279 1624 4373 sequentis
1650 4281 1692 4354 ad

140 4401 328 4478 obeundam
354 4423 426 4477 ram
452 4401 682 4476 huiuscemodi
709 4400 909 4496 consignat:
937 4400 1075 4476 facilius
1100 4401 1160 4475 aut
1188 4401 1346 4475 indurata
1372 4400 1482 4495 glacie
1505 4422 1605 4492 aqna,
1634 4404 1695 4474 aut

139 4523 222 4597 solis
249 4522 379 4598 feruore
405 4521 564 4615 mlidata,
592 4543 693 4616 quam
720 4523 846 4598 caduca
872 4525 908 4597 et
934 4521 1065 4618 fragili,
1093 4521 1249 4614 vicesque
1279 4521 1390 4596 uarias
1417 4522 1572 4597 mubnte
1598 4541 1691 4612 aura,

139 4642 429 4740 expugnationem
457 4643 561 4718 castri
588 4642 734 4739 praefati
761 4643 982 4738 perfecturus.

249 4936 274 5016 ¹)
295 4939 462 5000 Marchioni
490 4937 747 5011 Brandebnrgensi
776 4935 911 5012 praefato
944 4934 1015 4999 Ocri.
1039 4937 1131 4998 Beer.
1170 4933 1199 5015 ⁹)
1223 4935 1388 4997 Conrsdnm
1410 4933 1594 5010 praedictum
1620 4933 1692 4995 dod.

139 5042 232 5105 Rcar.
271 5039 299 5120 ³)
321 5043 487 5105 Marchioni
505 5043 762 5116 Brandoburgensi
789 5039 859 5102 Ood.
883 5041 976 5104 Rozr.
1016 5036 1043 5118 ⁴)
1065 5041 1217 5114 Msczugic
1239 5039 1324 5101 tratri
1354 5038 1425 5102 (iod.
1448 5040 1540 5100 Roar.
1582 5034 1608 5115 ⁵)
1633 5037 1692 5100 fra·

143 5147 182 5210 tri
204 5163 259 5210 suo
285 5143 355 5210 Ood.
379 5147 472 5213 sorr.
512 5142 672 5231 ⁰)ouxbia
698 5143 769 5207 Ocri.
792 5145 885 5208 Roas.
