<?xml version="1.0" encoding="UTF-8"?>
<!DOCTYPE html PUBLIC "-//W3C//DTD XHTML 1.0 Transitional//EN"
    "http://www.w3.org/TR/xhtml1/DTD/xhtml1-transitional.dtd">
<html xmlns="http://www.w3.org/1999/xhtml" xml:lang="en" lang="en">
 <head>
  <title>
</title>
<meta http-equiv="Content-Type" content="text/html;charset=utf-8" />
  <meta name='ocr-system' content='tesseract 3.04.00' />
  <meta name='ocr-capabilities' content='ocr_page ocr_carea ocr_par ocr_line ocrx_word'/>
</head>
<body>
  <div class='ocr_page' id='page_1' title='image "./operaomnia02paulgoog_0345.png"; bbox 0 0 4140 6298; ppageno 0'>
   <div class='ocr_carea' id='block_1_1' title="bbox 123 515 1671 612">
    <p class='ocr_par' dir='ltr' id='par_1_1' title="bbox 123 515 1671 612">
     <span class='ocr_line' id='line_1_1' title="bbox 123 515 1671 612; baseline -0.003 -20"><span class='ocrx_word' id='word_1_1' title='bbox 123 515 182 612; x_wconf 87' lang='grc' dir='ltr'><strong>(Α.</strong></span> <span class='ocrx_word' id='word_1_2' title='bbox 204 515 253 594; x_wconf 86' lang='lat' dir='ltr'><strong>D.</strong></span> <span class='ocrx_word' id='word_1_3' title='bbox 273 515 389 609; x_wconf 85' lang='grc'>1252.)</span> <span class='ocrx_word' id='word_1_4' title='bbox 732 535 843 587; x_wconf 79' lang='lat' dir='ltr'><strong>arnna</strong></span> <span class='ocrx_word' id='word_1_5' title='bbox 870 535 1075 588; x_wconf 54' lang='lat' dir='ltr'><strong>snrrruns,</strong></span> <span class='ocrx_word' id='word_1_6' title='bbox 1596 515 1671 589; x_wconf 80' lang='lat'><strong>329</strong></span> 
     </span>
    </p>
   </div>
   <div class='ocr_carea' id='block_1_2' title="bbox 119 721 1674 926">
    <p class='ocr_par' dir='ltr' id='par_1_2' title="bbox 119 721 1674 926">
     <span class='ocr_line' id='line_1_2' title="bbox 120 721 1674 822; baseline -0.003 -22"><span class='ocrx_word' id='word_1_7' title='bbox 120 727 206 800; x_wconf 86' lang='lat' dir='ltr'><strong>bonu</strong></span> <span class='ocrx_word' id='word_1_8' title='bbox 233 724 436 822; x_wconf 88' lang='lat' dir='ltr'><strong>temporalia</strong></span> <span class='ocrx_word' id='word_1_9' title='bbox 462 724 628 800; x_wconf 88' lang='lat' dir='ltr'><strong>habentes</strong></span> <span class='ocrx_word' id='word_1_10' title='bbox 656 723 690 798; x_wconf 93' lang='lat' dir='ltr'><strong>in</strong></span> <span class='ocrx_word' id='word_1_11' title='bbox 720 723 899 815; x_wconf 87' lang='lat' dir='ltr'><strong>communi,</strong></span> <span class='ocrx_word' id='word_1_12' title='bbox 937 723 1039 798; x_wconf 88' lang='lat' dir='ltr'><strong>etiam</strong></span> <span class='ocrx_word' id='word_1_13' title='bbox 1068 721 1275 798; x_wconf 74' lang='lat' dir='ltr'>domicilium</span> <span class='ocrx_word' id='word_1_14' title='bbox 1311 723 1478 798; x_wconf 84' lang='lat' dir='ltr'><strong>haberent</strong></span> <span class='ocrx_word' id='word_1_15' title='bbox 1507 724 1674 798; x_wconf 85' lang='lat' dir='ltr'><strong>unumst</strong></span> 
     </span>
     <span class='ocr_line' id='line_1_3' title="bbox 119 865 519 926; baseline -0.008 -2"><span class='ocrx_word' id='word_1_16' title='bbox 119 869 272 924; x_wconf 84' lang='lat' dir='ltr'><strong>mensam</strong></span> <span class='ocrx_word' id='word_1_17' title='bbox 299 865 519 926; x_wconf 89' lang='lat' dir='ltr'><strong>communem.</strong></span> 
     </span>
    </p>
   </div>
   <div class='ocr_carea' id='block_1_3' title="bbox 578 1205 1222 1322">
    <p class='ocr_par' dir='ltr' id='par_1_3' title="bbox 578 1205 1222 1322">
     <span class='ocr_line' id='line_1_4' title="bbox 578 1205 1222 1322; baseline -0.003 -2"><span class='ocrx_word' id='word_1_18' title='bbox 578 1206 787 1320; x_wconf 84' lang='lat' dir='ltr'><strong>ANNUS</strong></span> <span class='ocrx_word' id='word_1_19' title='bbox 822 1205 1048 1320; x_wconf 85' lang='lat' dir='ltr'><strong>DOMINI</strong></span> <span class='ocrx_word' id='word_1_20' title='bbox 1084 1207 1222 1322; x_wconf 77' lang='lat'>1252.</span> 
     </span>
    </p>
   </div>
   <div class='ocr_carea' id='block_1_4' title="bbox 118 1455 1677 1774">
    <p class='ocr_par' dir='ltr' id='par_1_4' title="bbox 118 1455 1677 1774">
     <span class='ocr_line' id='line_1_5' title="bbox 118 1455 1674 1550; baseline -0.001 -19"><span class='ocrx_word' id='word_1_21' title='bbox 118 1456 288 1532; x_wconf 74' lang='lat' dir='ltr'><strong>duratus</strong></span> <span class='ocrx_word' id='word_1_22' title='bbox 315 1477 371 1550; x_wconf 86' lang='lat' dir='ltr'><strong>per</strong></span> <span class='ocrx_word' id='word_1_23' title='bbox 397 1458 531 1531; x_wconf 77' lang='lat' dir='ltr'><strong>metron</strong></span> <span class='ocrx_word' id='word_1_24' title='bbox 557 1458 745 1530; x_wconf 78' lang='lat' dir='ltr'><strong>Bolesiaum</strong></span> <span class='ocrx_word' id='word_1_25' title='bbox 764 1457 931 1548; x_wconf 81' lang='lat' dir='ltr'><strong>expulsus,</strong></span> <span class='ocrx_word' id='word_1_26' title='bbox 959 1455 1002 1530; x_wconf 84' lang='lat' dir='ltr'><strong>ad</strong></span> <span class='ocrx_word' id='word_1_27' title='bbox 1019 1455 1250 1530; x_wconf 75' lang='lat' dir='ltr'><strong>Praemirluurn</strong></span> <span class='ocrx_word' id='word_1_28' title='bbox 1276 1456 1396 1528; x_wconf 81' lang='lat' dir='ltr'><strong>bucon</strong></span> <span class='ocrx_word' id='word_1_29' title='bbox 1421 1455 1674 1532; x_wconf 81' lang='lat' dir='ltr'><strong>Posncnicnrern</strong></span> 
     </span>
     <span class='ocr_line' id='line_1_6' title="bbox 118 1578 1677 1672; baseline -0.002 -18"><span class='ocrx_word' id='word_1_30' title='bbox 118 1580 217 1671; x_wconf 70' lang='lat' dir='ltr'><strong>unc:</strong></span> <span class='ocrx_word' id='word_1_31' title='bbox 243 1598 348 1672; x_wconf 77' lang='lat' dir='ltr'><strong>aquo</strong></span> <span class='ocrx_word' id='word_1_32' title='bbox 376 1580 409 1650; x_wconf 87' lang='lat' dir='ltr'><strong>in</strong></span> <span class='ocrx_word' id='word_1_33' title='bbox 436 1582 548 1653; x_wconf 80' lang='lat' dir='ltr'><strong>cestro</strong></span> <span class='ocrx_word' id='word_1_34' title='bbox 575 1579 712 1670; x_wconf 72' lang='lat' dir='ltr'><strong>Britan</strong></span> <span class='ocrx_word' id='word_1_35' title='bbox 740 1578 913 1670; x_wconf 84' lang='lat' dir='ltr'><strong>reponitur,</strong></span> <span class='ocrx_word' id='word_1_36' title='bbox 940 1578 1067 1671; x_wconf 78' lang='lat' dir='ltr'><strong>ipsiquo</strong></span> <span class='ocrx_word' id='word_1_37' title='bbox 1095 1595 1239 1651; x_wconf 79' lang='lat' dir='ltr'><strong>sororem</strong></span> <span class='ocrx_word' id='word_1_38' title='bbox 1258 1596 1351 1652; x_wconf 81' lang='lat' dir='ltr'><strong>suan</strong></span> <span class='ocrx_word' id='word_1_39' title='bbox 1370 1579 1551 1654; x_wconf 71' lang='lat' dir='ltr'><strong>teloneum</strong></span> <span class='ocrx_word' id='word_1_40' title='bbox 1569 1579 1677 1670; x_wconf 74' lang='lat' dir='ltr'><strong>iungit</strong></span> 
     </span>
     <span class='ocr_line' id='line_1_7' title="bbox 745 1699 1052 1774; baseline -0.003 -2"><span class='ocrx_word' id='word_1_41' title='bbox 745 1699 778 1772; x_wconf 89' lang='lat' dir='ltr'><strong>in</strong></span> <span class='ocrx_word' id='word_1_42' title='bbox 801 1700 1052 1774; x_wconf 78' lang='lat' dir='ltr'><strong>matrimonium.</strong></span> 
     </span>
    </p>
   </div>
   <div class='ocr_carea' id='block_1_5' title="bbox 20 1941 1677 4357">
    <p class='ocr_par' dir='ltr' id='par_1_5' title="bbox 20 1941 1675 3138">
     <span class='ocr_line' id='line_1_8' title="bbox 222 1941 1673 2038; baseline 0.001 -21"><span class='ocrx_word' id='word_1_43' title='bbox 222 1942 420 2019; x_wconf 84' lang='lat' dir='ltr'><strong>Secessione</strong></span> <span class='ocrx_word' id='word_1_44' title='bbox 440 1942 464 2036; x_wconf 88' lang='grc' dir='ltr'><strong>Ι)</strong></span> <span class='ocrx_word' id='word_1_45' title='bbox 491 1941 694 2016; x_wconf 89' lang='lat' dir='ltr'><strong>militarium</strong></span> <span class='ocrx_word' id='word_1_46' title='bbox 721 1941 994 2018; x_wconf 86' lang='lat' dir='ltr'><strong>atsubditorum</strong></span> <span class='ocrx_word' id='word_1_47' title='bbox 1022 1963 1157 2016; x_wconf 91' lang='lat' dir='ltr'><strong>snorum</strong></span> <span class='ocrx_word' id='word_1_48' title='bbox 1193 1942 1371 2016; x_wconf 74' lang='lat' dir='ltr'><strong>BolesIaus</strong></span> <span class='ocrx_word' id='word_1_49' title='bbox 1398 1941 1521 2017; x_wconf 75' lang='lat' dir='ltr'><strong>duleus</strong></span> <span class='ocrx_word' id='word_1_50' title='bbox 1547 1943 1673 2038; x_wconf 83' lang='lat' dir='ltr'><strong>Legni·</strong></span> 
     </span>
     <span class='ocr_line' id='line_1_9' title="bbox 119 2063 1671 2158; baseline -0.002 -17"><span class='ocrx_word' id='word_1_51' title='bbox 119 2065 251 2141; x_wconf 83' lang='lat' dir='ltr'><strong>ocensis</strong></span> <span class='ocrx_word' id='word_1_52' title='bbox 278 2066 370 2157; x_wconf 86' lang='lat' dir='ltr'><strong>Dux,</strong></span> <span class='ocrx_word' id='word_1_53' title='bbox 399 2065 487 2158; x_wconf 88' lang='lat' dir='ltr'><strong>quod</strong></span> <span class='ocrx_word' id='word_1_54' title='bbox 514 2085 550 2139; x_wconf 92' lang='lat' dir='ltr'><strong>se</strong></span> <span class='ocrx_word' id='word_1_55' title='bbox 577 2064 720 2156; x_wconf 86' lang='lat' dir='ltr'><strong>deserto,</strong></span> <span class='ocrx_word' id='word_1_56' title='bbox 759 2064 859 2138; x_wconf 81' lang='lat' dir='ltr'><strong>fratri</strong></span> <span class='ocrx_word' id='word_1_57' title='bbox 886 2066 922 2138; x_wconf 94' lang='lat' dir='ltr'><strong>et</strong></span> <span class='ocrx_word' id='word_1_58' title='bbox 947 2063 1137 2140; x_wconf 85' lang='lat' dir='ltr'><strong>aduersario</strong></span> <span class='ocrx_word' id='word_1_59' title='bbox 1164 2085 1224 2139; x_wconf 90' lang='lat' dir='ltr'><strong>suo</strong></span> <span class='ocrx_word' id='word_1_60' title='bbox 1249 2063 1404 2140; x_wconf 79' lang='lat' dir='ltr'><strong>&#39;Ounrado</strong></span> <span class='ocrx_word' id='word_1_61' title='bbox 1436 2065 1671 2157; x_wconf 77' lang='lat' dir='ltr'><strong>adhaeserant,</strong></span> 
     </span>
     <span class='ocr_line' id='line_1_10' title="bbox 119 2185 1675 2279; baseline 0 -18"><span class='ocrx_word' id='word_1_62' title='bbox 119 2187 360 2278; x_wconf 88' lang='lat' dir='ltr'><strong>Krosnamque</strong></span> <span class='ocrx_word' id='word_1_63' title='bbox 379 2189 414 2262; x_wconf 90' lang='lat' dir='ltr'><strong>et</strong></span> <span class='ocrx_word' id='word_1_64' title='bbox 432 2185 519 2262; x_wconf 84' lang='lat' dir='ltr'><strong>alias</strong></span> <span class='ocrx_word' id='word_1_65' title='bbox 547 2185 752 2260; x_wconf 77' lang='lat' dir='ltr'>munitiones</span> <span class='ocrx_word' id='word_1_66' title='bbox 779 2186 1001 2279; x_wconf 80' lang='lat' dir='ltr'><strong>tradiderant,</strong></span> <span class='ocrx_word' id='word_1_67' title='bbox 1030 2187 1247 2262; x_wconf 89' lang='lat' dir='ltr'><strong>vehementer</strong></span> <span class='ocrx_word' id='word_1_68' title='bbox 1273 2187 1385 2261; x_wconf 88' lang='lat' dir='ltr'><strong>furore</strong></span> <span class='ocrx_word' id='word_1_69' title='bbox 1411 2186 1578 2279; x_wconf 84' lang='lat' dir='ltr'><strong>irritatus,</strong></span> <span class='ocrx_word' id='word_1_70' title='bbox 1608 2210 1675 2261; x_wconf 91' lang='lat' dir='ltr'><strong>non</strong></span> 
     </span>
     <span class='ocr_line' id='line_1_11' title="bbox 118 2308 1673 2404; baseline 0 -20"><span class='ocrx_word' id='word_1_71' title='bbox 118 2331 138 2384; x_wconf 91' lang='lat' dir='ltr'><strong>a</strong></span> <span class='ocrx_word' id='word_1_72' title='bbox 164 2309 394 2384; x_wconf 88' lang='lat' dir='ltr'><strong>desertoribus</strong></span> <span class='ocrx_word' id='word_1_73' title='bbox 429 2309 662 2384; x_wconf 88' lang='lat' dir='ltr'><strong>tantummodo</strong></span> <span class='ocrx_word' id='word_1_74' title='bbox 699 2308 780 2400; x_wconf 90' lang='lat' dir='ltr'><strong>suis,</strong></span> <span class='ocrx_word' id='word_1_75' title='bbox 809 2309 998 2384; x_wconf 89' lang='lat' dir='ltr'><strong>sedetiam</strong></span> <span class='ocrx_word' id='word_1_76' title='bbox 1026 2309 1227 2384; x_wconf 80' lang='lat' dir='ltr'><strong>adunrado</strong></span> <span class='ocrx_word' id='word_1_77' title='bbox 1259 2309 1375 2401; x_wconf 83' lang='lat' dir='ltr'><strong>fratre,</strong></span> <span class='ocrx_word' id='word_1_78' title='bbox 1412 2331 1538 2404; x_wconf 87' lang='lat' dir='ltr'><strong>poenas</strong></span> <span class='ocrx_word' id='word_1_79' title='bbox 1564 2331 1673 2384; x_wconf 80' lang='lat' dir='ltr'><strong>secm-</strong></span> 
     </span>
     <span class='ocr_line' id='line_1_12' title="bbox 120 2431 1674 2528; baseline 0 -22"><span class='ocrx_word' id='word_1_80' title='bbox 120 2431 224 2508; x_wconf 91' lang='lat' dir='ltr'><strong>sionis</strong></span> <span class='ocrx_word' id='word_1_81' title='bbox 253 2431 448 2506; x_wconf 89' lang='lat' dir='ltr'><strong>huiusmodi</strong></span> <span class='ocrx_word' id='word_1_82' title='bbox 475 2433 510 2506; x_wconf 91' lang='lat' dir='ltr'><strong>et</strong></span> <span class='ocrx_word' id='word_1_83' title='bbox 537 2432 750 2526; x_wconf 88' lang='lat' dir='ltr'><strong>contemptus</strong></span> <span class='ocrx_word' id='word_1_84' title='bbox 778 2431 969 2528; x_wconf 64' lang='lat' dir='ltr'><strong>exigereib,</strong></span> <span class='ocrx_word' id='word_1_85' title='bbox 999 2431 1256 2524; x_wconf 81' lang='lat' dir='ltr'><strong>Ounradumque</strong></span> <span class='ocrx_word' id='word_1_86' title='bbox 1283 2432 1435 2523; x_wconf 90' lang='lat' dir='ltr'><strong>fratrem,</strong></span> <span class='ocrx_word' id='word_1_87' title='bbox 1464 2431 1553 2506; x_wconf 94' lang='lat' dir='ltr'><strong>nihil</strong></span> <span class='ocrx_word' id='word_1_88' title='bbox 1579 2432 1674 2506; x_wconf 93' lang='lat' dir='ltr'><strong>aliud</strong></span> 
     </span>
     <span class='ocr_line' id='line_1_13' title="bbox 93 2552 1675 2650; baseline 0 -22"><span class='ocrx_word' id='word_1_89' title='bbox 93 2577 219 2646; x_wconf 84' lang='lat' dir='ltr'><strong>¹quam</strong></span> <span class='ocrx_word' id='word_1_90' title='bbox 264 2557 389 2629; x_wconf 91' lang='lat' dir='ltr'><strong>sortem</strong></span> <span class='ocrx_word' id='word_1_91' title='bbox 425 2575 520 2628; x_wconf 85' lang='lat' dir='ltr'><strong>suam</strong></span> <span class='ocrx_word' id='word_1_92' title='bbox 557 2555 600 2628; x_wconf 95' lang='lat' dir='ltr'><strong>ab</strong></span> <span class='ocrx_word' id='word_1_93' title='bbox 637 2575 675 2630; x_wconf 91' lang='lat' dir='ltr'><strong>ec</strong></span> <span class='ocrx_word' id='word_1_94' title='bbox 702 2556 922 2650; x_wconf 87' lang='lat' dir='ltr'><strong>repetentem,</strong></span> <span class='ocrx_word' id='word_1_95' title='bbox 961 2553 1108 2649; x_wconf 92' lang='lat' dir='ltr'><strong>primum</strong></span> <span class='ocrx_word' id='word_1_96' title='bbox 1146 2552 1329 2648; x_wconf 88' lang='lat' dir='ltr'><strong>captivare,</strong></span> <span class='ocrx_word' id='word_1_97' title='bbox 1368 2553 1489 2629; x_wconf 91' lang='lat' dir='ltr'><strong>deinde</strong></span> <span class='ocrx_word' id='word_1_98' title='bbox 1525 2554 1675 2629; x_wconf 91' lang='lat' dir='ltr'><strong>occidere</strong></span> 
     </span>
     <span class='ocr_line' id='line_1_14' title="bbox 119 2673 1674 2772; baseline -0.001 -20"><span class='ocrx_word' id='word_1_99' title='bbox 119 2676 299 2772; x_wconf 88' lang='lat' dir='ltr'><strong>(pacificus</strong></span> <span class='ocrx_word' id='word_1_100' title='bbox 326 2676 416 2752; x_wconf 91' lang='lat' dir='ltr'><strong>enim</strong></span> <span class='ocrx_word' id='word_1_101' title='bbox 444 2678 518 2752; x_wconf 89' lang='lat' dir='ltr'><strong>erat</strong></span> <span class='ocrx_word' id='word_1_102' title='bbox 545 2675 707 2772; x_wconf 79' lang='lat' dir='ltr'><strong>Princeps</strong></span> <span class='ocrx_word' id='word_1_103' title='bbox 723 2673 749 2770; x_wconf 71' lang='grc'><strong>3)</strong></span> <span class='ocrx_word' id='word_1_104' title='bbox 777 2679 812 2752; x_wconf 91' lang='lat' dir='ltr'><strong>et</strong></span> <span class='ocrx_word' id='word_1_105' title='bbox 838 2679 912 2751; x_wconf 88' lang='lat' dir='ltr'><strong>tum</strong></span> <span class='ocrx_word' id='word_1_106' title='bbox 940 2679 980 2751; x_wconf 94' lang='lat' dir='ltr'><strong>ob</strong></span> <span class='ocrx_word' id='word_1_107' title='bbox 1003 2676 1296 2752; x_wconf 88' lang='lat' dir='ltr'><strong>mansuetudinem</strong></span> <span class='ocrx_word' id='word_1_108' title='bbox 1323 2677 1397 2750; x_wconf 90' lang='lat' dir='ltr'><strong>tum</strong></span> <span class='ocrx_word' id='word_1_109' title='bbox 1424 2679 1465 2752; x_wconf 92' lang='lat' dir='ltr'><strong>ob</strong></span> <span class='ocrx_word' id='word_1_110' title='bbox 1492 2678 1674 2771; x_wconf 89' lang='lat' dir='ltr'><strong>pauperta-</strong></span> 
     </span>
     <span class='ocr_line' id='line_1_15' title="bbox 20 2783 1673 2894; baseline 0 -21"><span class='ocrx_word' id='word_1_111' title='bbox 20 2783 21 2792; x_wconf 43' lang='lat'><em>&#39;</em></span> <span class='ocrx_word' id='word_1_112' title='bbox 118 2803 186 2875; x_wconf 90' lang='lat' dir='ltr'><strong>tem</strong></span> <span class='ocrx_word' id='word_1_113' title='bbox 214 2799 363 2875; x_wconf 89' lang='lat' dir='ltr'><strong>iniuriae</strong></span> <span class='ocrx_word' id='word_1_114' title='bbox 399 2799 623 2894; x_wconf 90' lang='lat' dir='ltr'><strong>opportunus)</strong></span> <span class='ocrx_word' id='word_1_115' title='bbox 660 2797 820 2890; x_wconf 85' lang='lat' dir='ltr'><strong>destinat,</strong></span> <span class='ocrx_word' id='word_1_116' title='bbox 857 2798 1108 2892; x_wconf 89' lang='lat' dir='ltr'><strong>carnificesque,</strong></span> <span class='ocrx_word' id='word_1_117' title='bbox 1146 2799 1269 2892; x_wconf 91' lang='lat' dir='ltr'><strong>quibus</strong></span> <span class='ocrx_word' id='word_1_118' title='bbox 1305 2799 1340 2873; x_wconf 94' lang='lat' dir='ltr'><strong>id</strong></span> <span class='ocrx_word' id='word_1_119' title='bbox 1369 2821 1490 2873; x_wconf 90' lang='lat' dir='ltr'><strong>munus</strong></span> <span class='ocrx_word' id='word_1_120' title='bbox 1525 2799 1673 2894; x_wconf 83' lang='lat' dir='ltr'><strong>delegat,</strong></span> 
     </span>
     <span class='ocr_line' id='line_1_16' title="bbox 20 2907 1675 3018; baseline 0.001 -24"><span class='ocrx_word' id='word_1_121' title='bbox 20 2907 21 2912; x_wconf 8' lang='grc' dir='ltr'><strong><em>Ν</em></strong></span> <span class='ocrx_word' id='word_1_122' title='bbox 119 2943 215 3018; x_wconf 88' lang='lat' dir='ltr'><strong>prece</strong></span> <span class='ocrx_word' id='word_1_123' title='bbox 243 2924 282 2998; x_wconf 90' lang='lat' dir='ltr'><strong>et</strong></span> <span class='ocrx_word' id='word_1_124' title='bbox 308 2921 472 3017; x_wconf 90' lang='lat' dir='ltr'><strong>promisso</strong></span> <span class='ocrx_word' id='word_1_125' title='bbox 487 2921 515 3016; x_wconf 70' lang='grc'><strong>6)</strong></span> <span class='ocrx_word' id='word_1_126' title='bbox 542 2921 752 2994; x_wconf 85' lang='lat' dir='ltr'><strong>subordinat.</strong></span> <span class='ocrx_word' id='word_1_127' title='bbox 802 2921 975 2996; x_wconf 79' lang='lat' dir='ltr'><strong>Gunredus</strong></span> <span class='ocrx_word' id='word_1_128' title='bbox 1015 2924 1128 2996; x_wconf 87' lang='lat' dir='ltr'><strong>autem</strong></span> <span class='ocrx_word' id='word_1_129' title='bbox 1155 2923 1234 2996; x_wconf 85' lang='lat' dir='ltr'><strong>Dux</strong></span> <span class='ocrx_word' id='word_1_130' title='bbox 1262 2920 1403 2996; x_wconf 87' lang='lat' dir='ltr'><strong>insidias</strong></span> <span class='ocrx_word' id='word_1_131' title='bbox 1430 2921 1495 2996; x_wconf 92' lang='lat' dir='ltr'><strong>sibi</strong></span> <span class='ocrx_word' id='word_1_132' title='bbox 1522 2943 1543 2995; x_wconf 89' lang='lat' dir='ltr'><strong>a</strong></span> <span class='ocrx_word' id='word_1_133' title='bbox 1569 2921 1675 2995; x_wconf 91' lang='lat' dir='ltr'><strong>fratre</strong></span> 
     </span>
     <span class='ocr_line' id='line_1_17' title="bbox 20 3033 1675 3138; baseline 0 -21"><span class='ocrx_word' id='word_1_134' title='bbox 20 3033 21 3082; x_wconf 75' lang='lat'><em>³</em></span> <span class='ocrx_word' id='word_1_135' title='bbox 120 3044 278 3119; x_wconf 85' lang='lat' dir='ltr'><strong>Boleslao</strong></span> <span class='ocrx_word' id='word_1_136' title='bbox 305 3042 526 3138; x_wconf 81' lang='lat' dir='ltr'><strong>Legniczensi</strong></span> <span class='ocrx_word' id='word_1_137' title='bbox 544 3043 572 3136; x_wconf 88' lang='lat'><strong>⁵)</strong></span> <span class='ocrx_word' id='word_1_138' title='bbox 599 3045 811 3138; x_wconf 88' lang='lat' dir='ltr'><strong>comparatas</strong></span> <span class='ocrx_word' id='word_1_139' title='bbox 847 3043 1088 3137; x_wconf 78' lang='lat' dir='ltr'><strong>declinaturus,</strong></span> <span class='ocrx_word' id='word_1_140' title='bbox 1125 3045 1168 3118; x_wconf 86' lang='lat' dir='ltr'><strong>ud</strong></span> <span class='ocrx_word' id='word_1_141' title='bbox 1195 3042 1441 3118; x_wconf 82' lang='lat' dir='ltr'><strong>Praemislaum</strong></span> <span class='ocrx_word' id='word_1_142' title='bbox 1468 3043 1675 3118; x_wconf 91' lang='lat' dir='ltr'><strong>Pusnanien-</strong></span> 
     </span>
    </p>

    <p class='ocr_par' dir='ltr' id='par_1_6' title="bbox 20 3165 1677 4357">
     <span class='ocr_line' id='line_1_18' title="bbox 65 3165 1675 3260; baseline -0.002 -16"><span class='ocrx_word' id='word_1_143' title='bbox 65 3237 68 3244; x_wconf 79' lang='grc'>,</span> <span class='ocrx_word' id='word_1_144' title='bbox 120 3189 187 3242; x_wconf 92' lang='lat' dir='ltr'><strong>sem</strong></span> <span class='ocrx_word' id='word_1_145' title='bbox 214 3169 251 3242; x_wconf 90' lang='lat' dir='ltr'><strong>et</strong></span> <span class='ocrx_word' id='word_1_146' title='bbox 282 3165 520 3241; x_wconf 82' lang='lat' dir='ltr'><strong>Gaiissiensem</strong></span> <span class='ocrx_word' id='word_1_147' title='bbox 556 3166 682 3239; x_wconf 87' lang='lat' dir='ltr'><strong>Ducam</strong></span> <span class='ocrx_word' id='word_1_148' title='bbox 719 3168 841 3259; x_wconf 86' lang='lat' dir='ltr'><strong>(neque</strong></span> <span class='ocrx_word' id='word_1_149' title='bbox 876 3166 967 3240; x_wconf 93' lang='lat' dir='ltr'><strong>enim</strong></span> <span class='ocrx_word' id='word_1_150' title='bbox 999 3166 1034 3240; x_wconf 95' lang='lat' dir='ltr'><strong>in</strong></span> <span class='ocrx_word' id='word_1_151' title='bbox 1061 3167 1169 3241; x_wconf 85' lang='lat' dir='ltr'><strong>altero</strong></span> <span class='ocrx_word' id='word_1_152' title='bbox 1204 3188 1364 3260; x_wconf 87' lang='lat' dir='ltr'><strong>germano</strong></span> <span class='ocrx_word' id='word_1_153' title='bbox 1400 3166 1546 3241; x_wconf 87' lang='lat' dir='ltr'><strong>Hemico</strong></span> <span class='ocrx_word' id='word_1_154' title='bbox 1583 3167 1675 3241; x_wconf 87' lang='lat' dir='ltr'><strong>Duce</strong></span> 
     </span>
     <span class='ocr_line' id='line_1_19' title="bbox 20 3287 1676 3385; baseline 0.001 -25"><span class='ocrx_word' id='word_1_155' title='bbox 20 3353 21 3360; x_wconf 12' lang='grc' dir='ltr'><strong><em>Ν</em></strong></span> <span class='ocrx_word' id='word_1_156' title='bbox 120 3289 400 3366; x_wconf 86' lang='lat' dir='ltr'><strong>Wratislariensi</strong></span> <span class='ocrx_word' id='word_1_157' title='bbox 437 3290 643 3384; x_wconf 86' lang='lat' dir='ltr'><strong>plusquam</strong></span> <span class='ocrx_word' id='word_1_158' title='bbox 681 3287 716 3362; x_wconf 94' lang='lat' dir='ltr'><strong>in</strong></span> <span class='ocrx_word' id='word_1_159' title='bbox 751 3289 908 3364; x_wconf 84' lang='lat' dir='ltr'><strong>Boleslao</strong></span> <span class='ocrx_word' id='word_1_160' title='bbox 944 3290 1126 3385; x_wconf 86' lang='lat' dir='ltr'><strong>reponebat</strong></span> <span class='ocrx_word' id='word_1_161' title='bbox 1161 3289 1251 3384; x_wconf 89' lang='lat' dir='ltr'><strong>spei)</strong></span> <span class='ocrx_word' id='word_1_162' title='bbox 1287 3288 1437 3380; x_wconf 83' lang='lat' dir='ltr'><strong>direnti,</strong></span> <span class='ocrx_word' id='word_1_163' title='bbox 1477 3291 1595 3384; x_wconf 88' lang='lat' dir='ltr'><strong>petens</strong></span> <span class='ocrx_word' id='word_1_164' title='bbox 1623 3289 1676 3363; x_wconf 91' lang='lat' dir='ltr'><strong>sui</strong></span> 
     </span>
     <span class='ocr_line' id='line_1_20' title="bbox 122 3409 1676 3506; baseline 0 -22"><span class='ocrx_word' id='word_1_165' title='bbox 122 3410 274 3486; x_wconf 90' lang='lat' dir='ltr'><strong>misereri</strong></span> <span class='ocrx_word' id='word_1_166' title='bbox 316 3413 351 3486; x_wconf 95' lang='lat' dir='ltr'><strong>et</strong></span> <span class='ocrx_word' id='word_1_167' title='bbox 378 3433 414 3486; x_wconf 93' lang='lat' dir='ltr'><strong>se</strong></span> <span class='ocrx_word' id='word_1_168' title='bbox 440 3410 476 3484; x_wconf 93' lang='lat' dir='ltr'><strong>in</strong></span> <span class='ocrx_word' id='word_1_169' title='bbox 503 3409 700 3505; x_wconf 87' lang='lat' dir='ltr'><strong>patrimonii</strong></span> <span class='ocrx_word' id='word_1_170' title='bbox 729 3410 781 3486; x_wconf 91' lang='lat' dir='ltr'><strong>sui</strong></span> <span class='ocrx_word' id='word_1_171' title='bbox 809 3412 934 3485; x_wconf 89' lang='lat' dir='ltr'><strong>sortem</strong></span> <span class='ocrx_word' id='word_1_172' title='bbox 961 3410 1077 3506; x_wconf 84' lang='lat' dir='ltr'><strong>eius⁶)</strong></span> <span class='ocrx_word' id='word_1_173' title='bbox 1113 3411 1250 3486; x_wconf 89' lang='lat' dir='ltr'><strong>brachio</strong></span> <span class='ocrx_word' id='word_1_174' title='bbox 1284 3411 1411 3506; x_wconf 91' lang='lat' dir='ltr'><strong>reponi.</strong></span> <span class='ocrx_word' id='word_1_175' title='bbox 1457 3410 1581 3503; x_wconf 81' lang='lat' dir='ltr'><strong>nqno</strong></span> <span class='ocrx_word' id='word_1_176' title='bbox 1610 3434 1676 3485; x_wconf 92' lang='lat' dir='ltr'><strong>non</strong></span> 
     </span>
     <span class='ocr_line' id='line_1_21' title="bbox 122 3531 1677 3627; baseline 0.001 -22"><span class='ocrx_word' id='word_1_177' title='bbox 122 3533 228 3607; x_wconf 88' lang='lat' dir='ltr'><strong>scium</strong></span> <span class='ocrx_word' id='word_1_178' title='bbox 257 3531 406 3627; x_wconf 86' lang='lat' dir='ltr'><strong>benigne</strong></span> <span class='ocrx_word' id='word_1_179' title='bbox 433 3531 650 3626; x_wconf 71' lang='lat' dir='ltr'><strong>excepturi),</strong></span> <span class='ocrx_word' id='word_1_180' title='bbox 680 3532 739 3605; x_wconf 91' lang='lat' dir='ltr'><strong>sed</strong></span> <span class='ocrx_word' id='word_1_181' title='bbox 767 3531 871 3607; x_wconf 85' lang='lat' dir='ltr'><strong>etiam</strong></span> <span class='ocrx_word' id='word_1_182' title='bbox 899 3532 1038 3608; x_wconf 86' lang='lat' dir='ltr'><strong>comitor</strong></span> <span class='ocrx_word' id='word_1_183' title='bbox 1064 3535 1099 3606; x_wconf 91' lang='lat' dir='ltr'><strong>et</strong></span> <span class='ocrx_word' id='word_1_184' title='bbox 1126 3533 1267 3608; x_wconf 88' lang='lat' dir='ltr'><strong>honeste</strong></span> <span class='ocrx_word' id='word_1_185' title='bbox 1285 3532 1423 3607; x_wconf 89' lang='lat' dir='ltr'><strong>habitus</strong></span> <span class='ocrx_word' id='word_1_186' title='bbox 1450 3535 1512 3622; x_wconf 90' lang='lat' dir='ltr'><strong>est,</strong></span> <span class='ocrx_word' id='word_1_187' title='bbox 1541 3534 1576 3606; x_wconf 87' lang='lat' dir='ltr'><strong>et</strong></span> <span class='ocrx_word' id='word_1_188' title='bbox 1593 3535 1677 3606; x_wconf 93' lang='lat' dir='ltr'><strong>beno</strong></span> 
     </span>
     <span class='ocr_line' id='line_1_22' title="bbox 123 3653 1674 3749; baseline 0 -21"><span class='ocrx_word' id='word_1_189' title='bbox 123 3655 160 3729; x_wconf 92' lang='lat' dir='ltr'><strong>de</strong></span> <span class='ocrx_word' id='word_1_190' title='bbox 186 3654 406 3730; x_wconf 84' lang='lat' dir='ltr'><strong>restitutione</strong></span> <span class='ocrx_word' id='word_1_191' title='bbox 425 3675 487 3728; x_wconf 91' lang='lat' dir='ltr'><strong>sua</strong></span> <span class='ocrx_word' id='word_1_192' title='bbox 505 3653 541 3726; x_wconf 94' lang='lat' dir='ltr'><strong>in</strong></span> <span class='ocrx_word' id='word_1_193' title='bbox 560 3653 748 3748; x_wconf 90' lang='lat' dir='ltr'><strong>portionem</strong></span> <span class='ocrx_word' id='word_1_194' title='bbox 765 3653 791 3748; x_wconf 77' lang='grc'><strong>8)</strong></span> <span class='ocrx_word' id='word_1_195' title='bbox 818 3677 913 3729; x_wconf 89' lang='lat' dir='ltr'><strong>suam</strong></span> <span class='ocrx_word' id='word_1_196' title='bbox 941 3676 1076 3749; x_wconf 91' lang='lat' dir='ltr'><strong>sperare</strong></span> <span class='ocrx_word' id='word_1_197' title='bbox 1103 3655 1225 3728; x_wconf 89' lang='lat' dir='ltr'><strong>iussus.</strong></span> <span class='ocrx_word' id='word_1_198' title='bbox 1254 3654 1404 3728; x_wconf 90' lang='lat' dir='ltr'><strong>Primum</strong></span> <span class='ocrx_word' id='word_1_199' title='bbox 1432 3653 1548 3746; x_wconf 88' lang='lat' dir='ltr'><strong>itaque</strong></span> <span class='ocrx_word' id='word_1_200' title='bbox 1574 3655 1674 3728; x_wconf 83' lang='lat' dir='ltr'><strong>Prac-</strong></span> 
     </span>
     <span class='ocr_line' id='line_1_23' title="bbox 123 3773 1675 3869; baseline -0.001 -20"><span class='ocrx_word' id='word_1_201' title='bbox 123 3773 264 3851; x_wconf 87' lang='lat' dir='ltr'><strong>mislaus</strong></span> <span class='ocrx_word' id='word_1_202' title='bbox 300 3774 541 3850; x_wconf 88' lang='lat' dir='ltr'><strong>Pusnaniensis</strong></span> <span class='ocrx_word' id='word_1_203' title='bbox 567 3777 602 3849; x_wconf 87' lang='lat' dir='ltr'><strong>et</strong></span> <span class='ocrx_word' id='word_1_204' title='bbox 629 3773 844 3850; x_wconf 85' lang='lat' dir='ltr'><strong>Oaiissiensis</strong></span> <span class='ocrx_word' id='word_1_205' title='bbox 879 3777 958 3849; x_wconf 84' lang='lat' dir='ltr'><strong>Dux</strong></span> <span class='ocrx_word' id='word_1_206' title='bbox 994 3777 1037 3851; x_wconf 94' lang='lat' dir='ltr'><strong>ad</strong></span> <span class='ocrx_word' id='word_1_207' title='bbox 1064 3777 1256 3850; x_wconf 80' lang='lat' dir='ltr'><strong>Bolesiaum</strong></span> <span class='ocrx_word' id='word_1_208' title='bbox 1293 3775 1431 3849; x_wconf 81' lang='lat' dir='ltr'><strong>datram</strong></span> <span class='ocrx_word' id='word_1_209' title='bbox 1468 3773 1675 3869; x_wconf 83' lang='lat' dir='ltr'><strong>Legnicnen·</strong></span> 
     </span>
     <span class='ocr_line' id='line_1_24' title="bbox 122 3896 1677 3992; baseline -0.002 -19"><span class='ocrx_word' id='word_1_210' title='bbox 122 3921 199 3989; x_wconf 90' lang='lat' dir='ltr'><strong>sem,</strong></span> <span class='ocrx_word' id='word_1_211' title='bbox 228 3901 267 3974; x_wconf 86' lang='lat' dir='ltr'><strong>et</strong></span> <span class='ocrx_word' id='word_1_212' title='bbox 294 3897 481 3972; x_wconf 91' lang='lat' dir='ltr'><strong>Henricnm</strong></span> <span class='ocrx_word' id='word_1_213' title='bbox 508 3897 838 3990; x_wconf 83' lang='lat' dir='ltr'><strong>Wretislariensem,</strong></span> <span class='ocrx_word' id='word_1_214' title='bbox 867 3899 988 3990; x_wconf 89' lang='lat' dir='ltr'><strong>Duces,</strong></span> <span class='ocrx_word' id='word_1_215' title='bbox 1027 3898 1165 3974; x_wconf 90' lang='lat' dir='ltr'><strong>nuntios</strong></span> <span class='ocrx_word' id='word_1_216' title='bbox 1192 3897 1314 3990; x_wconf 88' lang='lat' dir='ltr'><strong>mittit,</strong></span> <span class='ocrx_word' id='word_1_217' title='bbox 1353 3896 1410 3989; x_wconf 91' lang='lat' dir='ltr'><strong>qui</strong></span> <span class='ocrx_word' id='word_1_218' title='bbox 1438 3899 1608 3992; x_wconf 83' lang='lat' dir='ltr'><strong>rogarent,</strong></span> <span class='ocrx_word' id='word_1_219' title='bbox 1637 3899 1677 3976; x_wconf 88' lang='lat' dir='ltr'><strong>ut</strong></span> 
     </span>
     <span class='ocr_line' id='line_1_25' title="bbox 20 4019 1675 4148; baseline -0.002 -54"><span class='ocrx_word' id='word_1_220' title='bbox 20 4101 21 4148; x_wconf 11' lang='grc' dir='ltr'><strong>ψ</strong></span> <span class='ocrx_word' id='word_1_221' title='bbox 124 4019 246 4095; x_wconf 87' lang='lat' dir='ltr'><strong>iustam</strong></span> <span class='ocrx_word' id='word_1_222' title='bbox 277 4040 438 4115; x_wconf 81' lang='lat' dir='ltr'><strong>germano</strong></span> <span class='ocrx_word' id='word_1_223' title='bbox 465 4041 578 4094; x_wconf 91' lang='lat' dir='ltr'><strong>eorum</strong></span> <span class='ocrx_word' id='word_1_224' title='bbox 606 4020 759 4096; x_wconf 82' lang='lat' dir='ltr'><strong>cunrado</strong></span> <span class='ocrx_word' id='word_1_225' title='bbox 787 4043 830 4096; x_wconf 85' lang='lat' dir='ltr'><strong>ox</strong></span> <span class='ocrx_word' id='word_1_226' title='bbox 857 4021 1009 4116; x_wconf 87' lang='lat' dir='ltr'><strong>paternis</strong></span> <span class='ocrx_word' id='word_1_227' title='bbox 1046 4020 1299 4116; x_wconf 90' lang='lat' dir='ltr'><strong>Principatibus</strong></span> <span class='ocrx_word' id='word_1_228' title='bbox 1326 4019 1448 4094; x_wconf 92' lang='lat' dir='ltr'><strong>sortem</strong></span> <span class='ocrx_word' id='word_1_229' title='bbox 1477 4019 1675 4108; x_wconf 87' lang='lat' dir='ltr'><strong>tribuerent,</strong></span> 
     </span>
     <span class='ocr_line' id='line_1_26' title="bbox 20 4140 1677 4238; baseline -0.001 -22"><span class='ocrx_word' id='word_1_230' title='bbox 20 4161 21 4224; x_wconf 86' lang='lat' dir='ltr'>j</span> <span class='ocrx_word' id='word_1_231' title='bbox 123 4141 300 4238; x_wconf 83' lang='lat' dir='ltr'><strong>ipsumque</strong></span> <span class='ocrx_word' id='word_1_232' title='bbox 327 4142 368 4215; x_wconf 92' lang='lat' dir='ltr'><strong>de</strong></span> <span class='ocrx_word' id='word_1_233' title='bbox 395 4143 525 4216; x_wconf 87' lang='lat' dir='ltr'><strong>caetero</strong></span> <span class='ocrx_word' id='word_1_234' title='bbox 554 4141 589 4215; x_wconf 93' lang='lat' dir='ltr'><strong>in</strong></span> <span class='ocrx_word' id='word_1_235' title='bbox 617 4164 791 4216; x_wconf 90' lang='lat' dir='ltr'><strong>commune</strong></span> <span class='ocrx_word' id='word_1_236' title='bbox 818 4143 967 4217; x_wconf 91' lang='lat' dir='ltr'><strong>omnium</strong></span> <span class='ocrx_word' id='word_1_237' title='bbox 994 4143 1189 4234; x_wconf 88' lang='lat' dir='ltr'><strong>ludibrium,</strong></span> <span class='ocrx_word' id='word_1_238' title='bbox 1227 4142 1361 4217; x_wconf 85' lang='lat' dir='ltr'><strong>exulem</strong></span> <span class='ocrx_word' id='word_1_239' title='bbox 1388 4142 1424 4216; x_wconf 88' lang='lat' dir='ltr'><strong>et</strong></span> <span class='ocrx_word' id='word_1_240' title='bbox 1449 4141 1538 4235; x_wconf 87' lang='lat' dir='ltr'><strong>stipe</strong></span> <span class='ocrx_word' id='word_1_241' title='bbox 1565 4140 1677 4215; x_wconf 85' lang='lat' dir='ltr'><strong>aliena</strong></span> 
     </span>
     <span class='ocr_line' id='line_1_27' title="bbox 123 4263 1676 4357; baseline -0.001 -19"><span class='ocrx_word' id='word_1_242' title='bbox 123 4263 247 4340; x_wconf 85' lang='lat' dir='ltr'><strong>rictum</strong></span> <span class='ocrx_word' id='word_1_243' title='bbox 270 4263 531 4357; x_wconf 86' lang='lat' dir='ltr'><strong>quaeritantem,</strong></span> <span class='ocrx_word' id='word_1_244' title='bbox 560 4286 627 4338; x_wconf 93' lang='lat' dir='ltr'><strong>non</strong></span> <span class='ocrx_word' id='word_1_245' title='bbox 647 4263 810 4339; x_wconf 90' lang='lat' dir='ltr'><strong>sinerent.</strong></span> <span class='ocrx_word' id='word_1_246' title='bbox 838 4264 1008 4341; x_wconf 88' lang='lat' dir='ltr'><strong>Henricus</strong></span> <span class='ocrx_word' id='word_1_247' title='bbox 1035 4268 1151 4340; x_wconf 89' lang='lat' dir='ltr'><strong>autem</strong></span> <span class='ocrx_word' id='word_1_248' title='bbox 1168 4263 1463 4340; x_wconf 86' lang='lat' dir='ltr'><strong>Wratislariensis</strong></span> <span class='ocrx_word' id='word_1_249' title='bbox 1490 4263 1579 4353; x_wconf 87' lang='lat' dir='ltr'><strong>Dur,</strong></span> <span class='ocrx_word' id='word_1_250' title='bbox 1611 4263 1676 4337; x_wconf 88' lang='lat' dir='ltr'><strong>etsi</strong></span> 
     </span>
    </p>
   </div>
   <div class='ocr_carea' id='block_1_6' title="bbox 124 4384 1805 4493">
    <p class='ocr_par' dir='ltr' id='par_1_7' title="bbox 124 4384 1805 4493">
     <span class='ocr_line' id='line_1_28' title="bbox 124 4384 1805 4493; baseline -0.001 -34"><span class='ocrx_word' id='word_1_251' title='bbox 124 4385 161 4459; x_wconf 91' lang='lat' dir='ltr'><strong>do</strong></span> <span class='ocrx_word' id='word_1_252' title='bbox 187 4387 284 4461; x_wconf 91' lang='lat' dir='ltr'><strong>sorte</strong></span> <span class='ocrx_word' id='word_1_253' title='bbox 308 4385 501 4460; x_wconf 79' lang='lat' dir='ltr'><strong>Ounradum</strong></span> <span class='ocrx_word' id='word_1_254' title='bbox 537 4385 757 4480; x_wconf 82' lang='lat' dir='ltr'><strong>contingente</strong></span> <span class='ocrx_word' id='word_1_255' title='bbox 792 4385 880 4459; x_wconf 91' lang='lat' dir='ltr'><strong>nihil</strong></span> <span class='ocrx_word' id='word_1_256' title='bbox 908 4407 944 4460; x_wconf 92' lang='lat' dir='ltr'><strong>se</strong></span> <span class='ocrx_word' id='word_1_257' title='bbox 970 4387 1094 4462; x_wconf 91' lang='lat' dir='ltr'><strong>habere</strong></span> <span class='ocrx_word' id='word_1_258' title='bbox 1125 4385 1309 4481; x_wconf 89' lang='lat' dir='ltr'><strong>respondit,</strong></span> <span class='ocrx_word' id='word_1_259' title='bbox 1347 4384 1474 4460; x_wconf 85' lang='lat' dir='ltr'><strong>obtulit</strong></span> <span class='ocrx_word' id='word_1_260' title='bbox 1488 4386 1615 4460; x_wconf 88' lang='lat' dir='ltr'><strong>tamen</strong></span> <span class='ocrx_word' id='word_1_261' title='bbox 1641 4405 1678 4458; x_wconf 92' lang='lat' dir='ltr'><strong>se</strong></span> <span class='ocrx_word' id='word_1_262' title='bbox 1804 4489 1805 4493; x_wconf 7' lang='grc' dir='ltr'><strong><em>Ν</em></strong></span> 
     </span>
    </p>
   </div>
   <div class='ocr_carea' id='block_1_7' title="bbox 125 4505 1681 5090">
    <p class='ocr_par' dir='ltr' id='par_1_8' title="bbox 125 4505 1681 5090">
     <span class='ocr_line' id='line_1_29' title="bbox 125 4505 1677 4603; baseline -0.001 -22"><span class='ocrx_word' id='word_1_263' title='bbox 125 4508 210 4602; x_wconf 89' lang='lat' dir='ltr'><strong>apud</strong></span> <span class='ocrx_word' id='word_1_264' title='bbox 238 4508 436 4583; x_wconf 88' lang='lat' dir='ltr'><strong>Bolesiaum</strong></span> <span class='ocrx_word' id='word_1_265' title='bbox 465 4507 603 4581; x_wconf 79' lang='lat' dir='ltr'><strong>calvum</strong></span> <span class='ocrx_word' id='word_1_266' title='bbox 631 4507 894 4603; x_wconf 84' lang='lat' dir='ltr'><strong>Legniczensem</strong></span> <span class='ocrx_word' id='word_1_267' title='bbox 920 4509 1058 4600; x_wconf 88' lang='lat' dir='ltr'><strong>Ducem,</strong></span> <span class='ocrx_word' id='word_1_268' title='bbox 1092 4508 1151 4600; x_wconf 86' lang='lat' dir='ltr'><strong>qui</strong></span> <span class='ocrx_word' id='word_1_269' title='bbox 1179 4511 1215 4582; x_wconf 89' lang='lat' dir='ltr'><strong>ot</strong></span> <span class='ocrx_word' id='word_1_270' title='bbox 1242 4529 1338 4584; x_wconf 89' lang='lat' dir='ltr'><strong>suam</strong></span> <span class='ocrx_word' id='word_1_271' title='bbox 1365 4509 1401 4583; x_wconf 91' lang='lat' dir='ltr'><strong>et</strong></span> <span class='ocrx_word' id='word_1_272' title='bbox 1427 4505 1573 4581; x_wconf 82' lang='lat' dir='ltr'><strong>dunradi</strong></span> <span class='ocrx_word' id='word_1_273' title='bbox 1600 4527 1677 4600; x_wconf 91' lang='lat' dir='ltr'><strong>por·</strong></span> 
     </span>
     <span class='ocr_line' id='line_1_30' title="bbox 125 4627 1678 4725; baseline 0 -23"><span class='ocrx_word' id='word_1_274' title='bbox 125 4629 248 4706; x_wconf 91' lang='lat' dir='ltr'><strong>tionem</strong></span> <span class='ocrx_word' id='word_1_275' title='bbox 280 4628 466 4725; x_wconf 87' lang='lat' dir='ltr'><strong>occuparit,</strong></span> <span class='ocrx_word' id='word_1_276' title='bbox 504 4628 638 4704; x_wconf 88' lang='lat' dir='ltr'><strong>enixius</strong></span> <span class='ocrx_word' id='word_1_277' title='bbox 674 4652 739 4723; x_wconf 91' lang='lat' dir='ltr'><strong>quo</strong></span> <span class='ocrx_word' id='word_1_278' title='bbox 760 4632 891 4724; x_wconf 90' lang='lat' dir='ltr'><strong>posset,</strong></span> <span class='ocrx_word' id='word_1_279' title='bbox 929 4631 969 4706; x_wconf 92' lang='lat' dir='ltr'><strong>de</strong></span> <span class='ocrx_word' id='word_1_280' title='bbox 1005 4631 1173 4706; x_wconf 87' lang='lat' dir='ltr'><strong>reddenda</strong></span> <span class='ocrx_word' id='word_1_281' title='bbox 1204 4630 1358 4706; x_wconf 82' lang='lat' dir='ltr'><strong>Ounrado</strong></span> <span class='ocrx_word' id='word_1_282' title='bbox 1391 4628 1545 4725; x_wconf 90' lang='lat' dir='ltr'><strong>portione</strong></span> <span class='ocrx_word' id='word_1_283' title='bbox 1572 4627 1678 4702; x_wconf 93' lang='lat' dir='ltr'><strong>inter-</strong></span> 
     </span>
     <span class='ocr_line' id='line_1_31' title="bbox 126 4749 1677 4847; baseline -0.002 -20"><span class='ocrx_word' id='word_1_284' title='bbox 126 4773 307 4827; x_wconf 89' lang='lat' dir='ltr'><strong>eessumm.</strong></span> <span class='ocrx_word' id='word_1_285' title='bbox 335 4752 515 4826; x_wconf 87' lang='lat' dir='ltr'><strong>Bolesiaus</strong></span> <span class='ocrx_word' id='word_1_286' title='bbox 542 4773 620 4827; x_wconf 81' lang='lat' dir='ltr'><strong>roro</strong></span> <span class='ocrx_word' id='word_1_287' title='bbox 647 4751 886 4847; x_wconf 83' lang='lat' dir='ltr'><strong>Legniczonsis</strong></span> <span class='ocrx_word' id='word_1_288' title='bbox 913 4753 1004 4845; x_wconf 81' lang='lat' dir='ltr'><strong>Dur,</strong></span> <span class='ocrx_word' id='word_1_289' title='bbox 1036 4774 1112 4828; x_wconf 92' lang='lat' dir='ltr'><strong>cum</strong></span> <span class='ocrx_word' id='word_1_290' title='bbox 1139 4751 1331 4828; x_wconf 90' lang='lat' dir='ltr'><strong>huiusmodi</strong></span> <span class='ocrx_word' id='word_1_291' title='bbox 1359 4750 1556 4828; x_wconf 82' lang='lat' dir='ltr'><strong>Praemislai</strong></span> <span class='ocrx_word' id='word_1_292' title='bbox 1573 4749 1601 4844; x_wconf 86' lang='grc'><strong>9)</strong></span> <span class='ocrx_word' id='word_1_293' title='bbox 1628 4750 1677 4825; x_wconf 90' lang='lat' dir='ltr'><strong>le·</strong></span> 
     </span>
     <span class='ocr_line' id='line_1_32' title="bbox 126 4872 1681 4974; baseline -0.003 -26"><span class='ocrx_word' id='word_1_294' title='bbox 126 4873 253 4968; x_wconf 80' lang='lat' dir='ltr'><strong>gationi</strong></span> <span class='ocrx_word' id='word_1_295' title='bbox 283 4895 440 4969; x_wconf 87' lang='lat' dir='ltr'><strong>asperum</strong></span> <span class='ocrx_word' id='word_1_296' title='bbox 468 4876 503 4948; x_wconf 88' lang='lat' dir='ltr'><strong>et</strong></span> <span class='ocrx_word' id='word_1_297' title='bbox 530 4872 685 4965; x_wconf 92' lang='lat' dir='ltr'><strong>iniquum</strong></span> <span class='ocrx_word' id='word_1_298' title='bbox 713 4874 859 4949; x_wconf 86' lang='lat' dir='ltr'><strong>dedisset</strong></span> <span class='ocrx_word' id='word_1_299' title='bbox 891 4896 1100 4969; x_wconf 88' lang='lat' dir='ltr'><strong>responsum,</strong></span> <span class='ocrx_word' id='word_1_300' title='bbox 1137 4895 1291 4950; x_wconf 85' lang='lat' dir='ltr'><strong>assereus</strong></span> <span class='ocrx_word' id='word_1_301' title='bbox 1317 4873 1509 4950; x_wconf 83' lang='lat' dir='ltr'><strong>Ounradum</strong></span> <span class='ocrx_word' id='word_1_302' title='bbox 1537 4872 1681 4974; x_wconf 28' lang='lat' dir='ltr'><strong>fratrem·</strong></span> 
     </span>
     <span class='ocr_line' id='line_1_33' title="bbox 126 4993 1677 5090; baseline -0.001 -22"><span class='ocrx_word' id='word_1_303' title='bbox 126 5017 238 5089; x_wconf 90' lang='lat' dir='ltr'><strong>suum,</strong></span> <span class='ocrx_word' id='word_1_304' title='bbox 290 4996 378 5088; x_wconf 93' lang='lat' dir='ltr'><strong>quod</strong></span> <span class='ocrx_word' id='word_1_305' title='bbox 414 4997 555 5071; x_wconf 88' lang='lat' dir='ltr'><strong>tonsura</strong></span> <span class='ocrx_word' id='word_1_306' title='bbox 591 4995 739 5072; x_wconf 90' lang='lat' dir='ltr'><strong>clericali</strong></span> <span class='ocrx_word' id='word_1_307' title='bbox 776 4998 811 5072; x_wconf 91' lang='lat' dir='ltr'><strong>et</strong></span> <span class='ocrx_word' id='word_1_308' title='bbox 847 4995 959 5073; x_wconf 90' lang='lat' dir='ltr'><strong>officio</strong></span> <span class='ocrx_word' id='word_1_309' title='bbox 995 4997 1256 5076; x_wconf 82' lang='lat' dir='ltr'><strong>subdiaconatus</strong></span> <span class='ocrx_word' id='word_1_310' title='bbox 1290 4995 1440 5089; x_wconf 90' lang='lat' dir='ltr'><strong>relictis,</strong></span> <span class='ocrx_word' id='word_1_311' title='bbox 1482 4993 1677 5090; x_wconf 90' lang='lat' dir='ltr'><strong>episcopatu</strong></span> 
     </span>
    </p>
   </div>
   <div class='ocr_carea' id='block_1_8' title="bbox 129 5185 536 5196">
    <p class='ocr_par' dir='ltr' id='par_1_9' title="bbox 129 5185 536 5196">
     <span class='ocr_line' id='line_1_34' title="bbox 129 5185 536 5196; baseline -0.005 0"><span class='ocrx_word' id='word_1_312' title='bbox 129 5185 353 5196; x_wconf 64' lang='lat' dir='ltr'><strong>-n--u--o—a-—n-n</strong></span> <span class='ocrx_word' id='word_1_313' title='bbox 357 5185 536 5194; x_wconf 51' lang='lat' dir='ltr'><strong>*nn-n*</strong></span> 
     </span>
    </p>
   </div>
   <div class='ocr_carea' id='block_1_9' title="bbox 131 5289 1678 5592">
    <p class='ocr_par' dir='ltr' id='par_1_10' title="bbox 131 5289 1678 5592">
     <span class='ocr_line' id='line_1_35' title="bbox 232 5289 1678 5374; baseline -0.003 -20"><span class='ocrx_word' id='word_1_314' title='bbox 232 5293 256 5372; x_wconf 88' lang='lat'><strong>¹)</strong></span> <span class='ocrx_word' id='word_1_315' title='bbox 279 5294 462 5354; x_wconf 78' lang='lat' dir='ltr'><strong>decessione</strong></span> <span class='ocrx_word' id='word_1_316' title='bbox 496 5291 568 5354; x_wconf 78' lang='lat' dir='ltr'><strong>Ood.</strong></span> <span class='ocrx_word' id='word_1_317' title='bbox 603 5291 685 5356; x_wconf 78' lang='lat' dir='ltr'><strong>Calc.</strong></span> <span class='ocrx_word' id='word_1_318' title='bbox 725 5290 893 5371; x_wconf 70' lang='lat' dir='ltr'><strong>⁹)errigere</strong></span> <span class='ocrx_word' id='word_1_319' title='bbox 925 5295 1036 5370; x_wconf 78' lang='lat' dir='ltr'><strong>cogitat</strong></span> <span class='ocrx_word' id='word_1_320' title='bbox 1070 5293 1142 5355; x_wconf 81' lang='lat' dir='ltr'><strong>God.</strong></span> <span class='ocrx_word' id='word_1_321' title='bbox 1172 5293 1265 5354; x_wconf 75' lang='lat' dir='ltr'><strong>Rorr.</strong></span> <span class='ocrx_word' id='word_1_322' title='bbox 1304 5289 1333 5374; x_wconf 71' lang='grc'><strong>8)</strong></span> <span class='ocrx_word' id='word_1_323' title='bbox 1355 5292 1495 5366; x_wconf 88' lang='lat' dir='ltr'><strong>Princeps</strong></span> <span class='ocrx_word' id='word_1_324' title='bbox 1526 5291 1678 5352; x_wconf 74' lang='lat' dir='ltr'><strong>conradus</strong></span> 
     </span>
     <span class='ocr_line' id='line_1_36' title="bbox 131 5393 1677 5482; baseline -0.002 -23"><span class='ocrx_word' id='word_1_325' title='bbox 131 5397 196 5460; x_wconf 78' lang='lat' dir='ltr'><strong>Ood.</strong></span> <span class='ocrx_word' id='word_1_326' title='bbox 219 5400 312 5462; x_wconf 73' lang='lat' dir='ltr'><strong>Rosr.</strong></span> <span class='ocrx_word' id='word_1_327' title='bbox 345 5394 374 5482; x_wconf 85' lang='lat'><strong>⁴)</strong></span> <span class='ocrx_word' id='word_1_328' title='bbox 398 5399 552 5474; x_wconf 89' lang='lat' dir='ltr'><strong>promissis</strong></span> <span class='ocrx_word' id='word_1_329' title='bbox 581 5395 651 5459; x_wconf 79' lang='lat' dir='ltr'><strong>Ood.</strong></span> <span class='ocrx_word' id='word_1_330' title='bbox 675 5399 767 5458; x_wconf 75' lang='lat' dir='ltr'><strong>Rorr.</strong></span> <span class='ocrx_word' id='word_1_331' title='bbox 800 5395 829 5477; x_wconf 64' lang='grc'><strong>5)</strong></span> <span class='ocrx_word' id='word_1_332' title='bbox 851 5399 1026 5472; x_wconf 82' lang='lat' dir='ltr'><strong>Legnicensi</strong></span> <span class='ocrx_word' id='word_1_333' title='bbox 1048 5399 1132 5458; x_wconf 90' lang='lat' dir='ltr'><strong>Duce</strong></span> <span class='ocrx_word' id='word_1_334' title='bbox 1155 5398 1215 5457; x_wconf 81' lang='lat' dir='ltr'><strong>Ed.</strong></span> <span class='ocrx_word' id='word_1_335' title='bbox 1238 5397 1325 5474; x_wconf 80' lang='lat' dir='ltr'><strong>Lipa.</strong></span> <span class='ocrx_word' id='word_1_336' title='bbox 1360 5393 1387 5474; x_wconf 77' lang='grc'><strong>6)</strong></span> <span class='ocrx_word' id='word_1_337' title='bbox 1411 5414 1464 5456; x_wconf 89' lang='lat' dir='ltr'><strong>suo</strong></span> <span class='ocrx_word' id='word_1_338' title='bbox 1491 5395 1560 5458; x_wconf 79' lang='lat' dir='ltr'><strong>ooo.</strong></span> <span class='ocrx_word' id='word_1_339' title='bbox 1584 5397 1677 5456; x_wconf 77' lang='lat' dir='ltr'><strong>Roer.</strong></span> 
     </span>
     <span class='ocr_line' id='line_1_37' title="bbox 131 5497 1674 5592; baseline 0 -29"><span class='ocrx_word' id='word_1_340' title='bbox 131 5497 328 5580; x_wconf 76' lang='lat' dir='ltr'><strong>⁷)snsceptns</strong></span> <span class='ocrx_word' id='word_1_341' title='bbox 353 5502 411 5566; x_wconf 81' lang='lat' dir='ltr'><strong>Ed.</strong></span> <span class='ocrx_word' id='word_1_342' title='bbox 434 5504 521 5580; x_wconf 77' lang='lat' dir='ltr'><strong>Lips.</strong></span> <span class='ocrx_word' id='word_1_343' title='bbox 562 5500 591 5582; x_wconf 72' lang='grc'><strong>8)</strong></span> <span class='ocrx_word' id='word_1_344' title='bbox 614 5509 723 5563; x_wconf 89' lang='lat' dir='ltr'><strong>sortem</strong></span> <span class='ocrx_word' id='word_1_345' title='bbox 746 5509 777 5563; x_wconf 87' lang='lat' dir='ltr'><strong>et</strong></span> <span class='ocrx_word' id='word_1_346' title='bbox 799 5504 963 5578; x_wconf 88' lang='lat' dir='ltr'><strong>portionem</strong></span> <span class='ocrx_word' id='word_1_347' title='bbox 998 5501 1069 5563; x_wconf 80' lang='lat' dir='ltr'><strong>Cod.</strong></span> <span class='ocrx_word' id='word_1_348' title='bbox 1093 5503 1184 5564; x_wconf 74' lang='lat' dir='ltr'><strong>Rorr.</strong></span> <span class='ocrx_word' id='word_1_349' title='bbox 1224 5499 1480 5592; x_wconf 67' lang='lat' dir='ltr'><strong>⁰)Praemisloms</strong></span> <span class='ocrx_word' id='word_1_350' title='bbox 1507 5499 1576 5562; x_wconf 79' lang='lat' dir='ltr'><strong>Ood.</strong></span> <span class='ocrx_word' id='word_1_351' title='bbox 1600 5499 1674 5564; x_wconf 81' lang='lat' dir='ltr'><strong>Aut.</strong></span> 
     </span>
    </p>
   </div>
   <div class='ocr_carea' id='block_1_10' title="bbox 175 5627 1522 5692">
    <p class='ocr_par' dir='ltr' id='par_1_11' title="bbox 175 5627 1522 5692">
     <span class='ocr_line' id='line_1_38' title="bbox 175 5627 1522 5692; baseline -0.006 -12"><span class='ocrx_word' id='word_1_352' title='bbox 175 5637 190 5680; x_wconf 69' lang='lat' dir='ltr'><strong>«i</strong></span> <span class='ocrx_word' id='word_1_353' title='bbox 211 5637 302 5692; x_wconf 62' lang='lat' dir='ltr'><strong>Dinon.</strong></span> <span class='ocrx_word' id='word_1_354' title='bbox 318 5637 405 5682; x_wconf 75' lang='lat' dir='ltr'><strong>litator.</strong></span> <span class='ocrx_word' id='word_1_355' title='bbox 419 5639 496 5680; x_wconf 79' lang='lat' dir='ltr'><strong>Polou.</strong></span> <span class='ocrx_word' id='word_1_356' title='bbox 509 5638 535 5682; x_wconf 73' lang='grc' dir='ltr'><strong>Τ.</strong></span> <span class='ocrx_word' id='word_1_357' title='bbox 550 5637 582 5680; x_wconf 90' lang='lat'><strong>11.</strong></span> <span class='ocrx_word' id='word_1_358' title='bbox 1489 5627 1522 5672; x_wconf 76' lang='lat'><strong>42</strong></span> 
     </span>
    </p>
   </div>
   <div class='ocr_carea' id='block_1_11' title="bbox 0 0 2083 6292">
    <p class='ocr_par' dir='ltr' id='par_1_12' title="bbox 0 0 2083 6292">
     <span class='ocr_line' id='line_1_39' title="bbox 0 0 2083 6292; baseline 0 0"><span class='ocrx_word' id='word_1_359' title='bbox 0 0 2083 6292; x_wconf 95' lang='lat' dir='ltr'><strong> </strong></span> 
     </span>
    </p>
   </div>
  </div>
 </body>
</html>
