4162 6288
398 510 473 582 446
1002 531 1114 582 urana
1141 531 1335 584 sarsurus.
1677 504 1951 608 (Α.0.1278.)“
2062 579 2064 586 ,

398 719 542 809 vastata,
572 719 607 792 et
634 717 819 793 sufficienti
834 741 892 812 pro
911 717 982 792 suis
1009 717 1143 793 iniuriis
1169 717 1300 793 reddita
1327 719 1475 812 ultione,
1504 720 1540 794 in
1567 723 1675 797 terras
1702 743 1801 812 suas,
1829 723 1939 817 spoliis

397 861 440 916 ex
467 861 573 930 aequo
600 860 675 913 cum
702 839 872 934 llseaugio
899 839 990 914 Duce
1017 841 1052 914 et
1078 840 1271 916 Pomeranis
1298 839 1447 934 partitis,
1474 843 1649 917 remeavit.

500 961 649 1036 Pertulit
675 962 755 1035 Dux
781 962 975 1036 Samborius
1001 961 1108 1037 frater
1134 962 1356 1057 Suantopolci
1383 966 1419 1039 et
1444 963 1724 1060 filiusblscaugii,
1741 965 1874 1060 nepotis
1887 967 1936 1042 sui

397 1082 561 1176 liscaugii
588 1105 724 1177 gravem
761 1081 1044 1177 persecutionem,
1073 1105 1174 1174 quem
1201 1083 1255 1157 illi
1284 1085 1373 1160 Deus
1395 1083 1431 1159 in
1449 1085 1677 1160 adversarium
1705 1087 1936 1163 suscitaverat:

397 1202 456 1298 qui
483 1205 526 1277 ab
551 1226 590 1279 eo
617 1205 756 1298 fugatus
782 1205 823 1278 de
849 1207 940 1279 terra
965 1205 1000 1278 at
1026 1227 1047 1278 a
1073 1204 1252 1279 drucileris
1280 1207 1497 1298 recollectus,
1543 1207 1579 1282 in
1606 1208 1742 1283 Theren
1769 1208 1938 1300 aliquanto

395 1327 546 1419 tempore
571 1325 680 1402 stetit.
708 1325 762 1401 Ab
788 1327 865 1401 inde
892 1348 968 1401 vero
995 1329 1057 1400 sub
1075 1326 1288 1402 dissimulato
1315 1327 1447 1419 habitu,
1475 1329 1631 1424 intercipi
1660 1329 1749 1404 enim
1769 1351 1806 1405 se
1824 1351 1845 1404 a
1862 1331 1937 1404 urn-
2038 1334 2041 1339 ’

397 1445 511 1522 ciferis
537 1449 724 1538 verebatur,
753 1447 943 1539 discedens,
972 1448 1015 1521 ad
1041 1449 1148 1522 filiam
1176 1471 1270 1523 suam
1306 1449 1472 1544 Guyaviae
1499 1451 1675 1526 Ducissam
1710 1449 1877 1546 confugit,
1903 1454 1936 1526 et

335 1585 339 1598 ’
396 1567 470 1644 illic
495 1568 686 1661 defunctus,
714 1569 803 1664 apud
830 1568 1151 1644 Iuniwladislaviam
1178 1571 1276 1645 extat
1302 1571 1503 1645 tumulatus.

413 1970 584 2046 boleslaus
612 1972 729 2047 belvas
755 1973 826 2046 bus
853 1972 1081 2065 tegrinsensis
1109 1969 1263 2046 noritur:
1291 1971 1385 2045 culus
1412 1991 1519 2044 nores
1546 1975 1580 2045 et
1606 1973 1688 2046 vltis
1715 1974 1925 2066 explicantur.

500 2213 600 2289 Brevi
628 2216 664 2290 et
690 2213 819 2290 modica
845 2239 888 2290 ex
915 2215 1046 2306 castris,
1074 2195 1207 2309 oppidis
1247 2217 1349 2306 atque
1377 2214 1652 2310 possessionibus,
1681 2238 1767 2309 quae
1793 2217 1941 2292 Bolesla·

395 2357 434 2410 us
460 2335 585 2411 calvus
611 2335 851 2431 Legniczensis
891 2338 969 2410 Dux
1014 2338 1182 2430 anepote
1219 2357 1279 2410 suo
1306 2336 1454 2412 Henrieo
1480 2337 1597 2411 vocato
1624 2338 1731 2411 Probo
1757 2337 1939 2413 Wratisla-

395 2457 500 2533 vionsi
527 2460 629 2550 Duce,
659 2458 736 2552 post
762 2455 937 2533 victoriam
964 2457 1004 2532 de
1031 2457 1103 2532 eius
1130 2459 1232 2552 gente
1260 2458 1452 2548 obtentam,
1492 2460 1670 2552 exegerat,
1703 2459 1880 2554 voluptate
1910 2459 1942 2533 et

395 2601 459 2654 usu
487 2579 636 2674 potitus,
664 2602 708 2655 ex
743 2579 906 2673 languore
942 2581 976 2652 et
1010 2577 1103 2654 senio
1139 2579 1228 2672 apud
1254 2578 1402 2674 Legnica
1430 2578 1571 2654 moritur
1606 2581 1642 2654 et
1680 2578 1716 2652 in
1743 2579 1943 2656 monasterio

394 2701 539 2775 fratrum
575 2700 847 2776 Praedicatorum
882 2721 965 2775 ase
992 2699 1133 2774 fundato
1159 2699 1333 2794 sepelitur.
1369 2699 1431 2774 Vir
1466 2699 1634 2774 violentus
1668 2700 1703 2774 ot
1730 2699 1766 2772 in
1793 2700 1942 2795 proprios

394 2825 430 2898 et
457 2822 601 2914 exteros,
629 2821 726 2897 foedo
753 2821 887 2916 pellicis
913 2844 1025 2896 amore
1051 2842 1158 2913 usque
1185 2821 1228 2896 ad
1255 2823 1397 2897 mortem
1423 2821 1590 2913 vincitus,
1627 2821 1707 2896 adeo
1733 2821 1884 2916 corrupti
1909 2823 1943 2896 et

395 2941 520 3018 velocis
547 2942 727 3034 sermonis,
764 2944 804 3017 ut
840 2943 1038 3038 plerumque
1073 2941 1248 3018 audientes
1282 2941 1319 3016 in
1355 2941 1460 3015 risum
1496 2943 1531 3017 et
1557 2941 1758 3018 cachinnum
1785 2943 1938 3018 solveret.

397 3065 583 3139 'l'ortuosus
610 3064 645 3138 in
673 3063 773 3140 lectis
800 3065 835 3140 et
863 3065 1022 3157 moribus,
1050 3067 1086 3140 et
1112 3063 1148 3138 in
1175 3063 1350 3140 iudicando
1378 3085 1445 3138 non
1472 3061 1608 3160 cognita
1636 3061 1780 3155 iustitia,
1810 3063 1846 3138 in
1865 3085 1940 3139 cau·

338 3253 339 3257 v
390 3185 438 3260 sis
466 3185 663 3282 praesertim
690 3185 878 3282 sanguinis
908 3207 1078 3282 praeceps,
1107 3185 1550 3278 undenonsolumSaevue,
1571 3185 1628 3260 sed
1647 3188 1682 3261 et
1709 3185 1937 3280 Rogalke,

395 3309 483 3402 qnod
510 3307 545 3381 in
574 3307 734 3384 Polonico
757 3308 916 3383 cornutus
943 3310 1040 3383 sonat
1060 3309 1093 3402 ¹),
1123 3331 1143 3381 a
1169 3307 1340 3403 plerisque
1366 3307 1545 3383 vocitatus.
1587 3308 1669 3382 Tres
1704 3307 1795 3381 filios
1822 3328 1941 3402 super·
2068 3411 2069 3416 Ἰ

394 3429 505 3520 alites,
534 3431 653 3522 quarto
681 3429 833 3504 Ounrado
860 3429 895 3504 in
923 3428 1070 3524 pueritia
1096 3431 1247 3520 mortuo,
1285 3452 1328 3504 ex
1355 3428 1502 3523 Hedvigi
1539 3428 1612 3502 lilia
1638 3427 1777 3503 domitis
1804 3428 1942 3503 Henrici

397 3553 437 3626 de
464 3547 664 3644 Anhaluhl)
705 3553 878 3645 susceptos
914 3552 1127 3644 relinquens,
1164 3551 1322 3626 videlicet
1356 3551 1541 3626 Henricum
1576 3549 1858 3646 Legniczensem,
1886 3549 1944 3642 qui

394 3671 534 3747 Crassus
561 3673 595 3746 et
621 3671 819 3761 Ventrosus,
847 3671 944 3765 quasi
971 3671 1148 3746 abdomine
1163 3669 1191 3766 ³)
1219 3671 1368 3767 pinguia,
1398 3671 1610 3766 appellatus,
1639 3671 1834 3746 Boleslaum
1861 3671 1943 3744 Sui-

395 3792 605 3867 dniczensem
632 3793 667 3867 et
693 3793 926 3866 Bernhardum
953 3791 1101 3887 Agilem.
1139 3791 1250 3868 Tanta
1285 3791 1451 3884 siquidem
1487 3791 1540 3864 illi
1577 3790 1687 3865 iuerat
1718 3791 1877 3886 agilitas,
1906 3793 1945 3865 ut

395 3911 647 4004 quatuordecim
674 3913 791 3986 robora
819 3911 853 3984 in
881 3911 995 4004 aliquo
1031 3911 1182 3987 aedificio
1218 3913 1253 3985 in
1289 3934 1422 3985 sursum
1456 3910 1633 3985 locationis
1669 3911 1785 3984 ordine
1822 3913 1942 4002 erecta,

395 4056 495 4108 cursu
522 4031 675 4128 praepeti
702 4034 948 4124 conscenderet,
977 4036 1013 4108 et
1039 4033 1193 4109 resiliens
1220 4032 1255 4106 in
1283 4033 1423 4128 pedibus
1460 4031 1550 4106 fixus
1586 4033 1705 4106 staret.
1742 4031 1874 4105 Habuit
1900 4055 1944 4106 ex

396 4155 550 4249 praefata
575 4151 723 4248 Hedvigi
749 4155 790 4229 de
816 4152 971 4228 Anhalth
1000 4154 1109 4248 prima
1136 4176 1240 4230 uxore
1267 4176 1329 4227 sua
1347 4153 1492 4247 quatuor
1510 4151 1620 4227 filias:
1648 4175 1791 4244 quarum
1810 4151 1943 4246 unam⁴)

397 4274 567 4370 agnetem
603 4273 724 4348 domiti
765 4273 805 4349 de
832 4273 1068 4350 Wartemberk
1096 4273 1257 4366 tradidit,
1299 4275 1441 4349 alteram
1476 4272 1658 4368 Hedvigim
1693 4273 1846 4348 Ounrado
1873 4273 1942 4346 bla-

396 4395 507 4470 soviae
533 4393 618 4470 Duci
645 4393 717 4470 ulio
744 4393 905 4470 Semoviti
933 4393 997 4468 filii
1025 4395 1169 4470 Ounradi
1197 4393 1431 4490 desponsavit,
1459 4393 1562 4470 tertia
1587 4393 1687 4468 Anna
1722 4393 1758 4467 in
1784 4393 1943 4467 'llaebni-

397 4515 507 4591 cnensi
535 4514 736 4591 monasterio
773 4515 923 4590 ordinem
958 4517 1108 4610 professa
1141 4517 1177 4591 et
1210 4515 1346 4590 tandem
1381 4515 1571 4606 abbatissa,
1609 4517 1730 4609 quarta
1764 4513 1945 4591 (letherius

396 4637 432 4710 in
459 4636 634 4711 iuventute
661 4637 804 4731 mortua,
832 4637 922 4733 apud
949 4637 1201 4713 Praedicatores
1228 4636 1264 4711 in
1290 4635 1437 4732 begnica
1464 4637 1611 4732 sepulta.

505 4965 529 5043 ¹)
552 4967 698 5042 signifieat
723 4965 795 5031 Ood.
819 4967 911 5031 Rosr.
936 4965 962 5045 Ι)
984 4969 1115 5030 Hanbalt
1140 4965 1211 5030 (lod.
1234 4967 1327 5028 Rosr.
1359 4963 1386 5044 8)
1409 4965 1571 5027 abdominis
1599 4965 1670 5028 (lod.
1693 4967 1787 5027 Roar.
1812 4961 1839 5044 ⁴)
1862 4983 1943 5026 unam

398 5089 433 5132 ex
456 5071 566 5132 eisdem
589 5072 704 5132 filiabus
731 5071 802 5133 Ood.
826 5073 919 5134 Roer.
