4172 6278
146 533 202 627 (Α.
221 531 271 609 D.
293 535 417 630 1203.)
775 560 888 612 onena
914 561 1069 613 sexsus.
1626 543 1698 615 165

145 741 247 816 etiam
277 743 451 835 ecclesias,
485 745 689 820 monasteria
715 747 751 820 et
777 745 876 820 aedes
901 745 971 822 Deo
997 745 1137 837 dicatus,
1176 745 1413 840 ministrosque
1440 747 1513 823 eius
1538 747 1704 840 desaevit,

146 863 325 957 spoliando
354 866 648 960 metropolitanam
675 866 849 942 ecclesiam
876 867 1020 942 Sanctae
1047 867 1192 962 Sophiae
1218 869 1254 943 et
1279 891 1394 944 omnes
1420 868 1520 944 alias.
1552 868 1699 946 Univer-

145 984 190 1058 sis
216 987 337 1061 autem
365 987 502 1062 senibus
527 990 563 1062 et
589 987 734 1062 infirmis
770 989 894 1084 partim
921 989 1110 1080 trucidatis,
1148 989 1274 1084 partim
1309 988 1463 1081 omentis,
1500 991 1698 1082 sacerdotes,

146 1107 339 1198 monachos,
378 1110 558 1184 monachas
585 1113 620 1184 el
646 1133 760 1185 omnes
786 1109 995 1205 Kyorienses
1021 1112 1179 1206 Beparos,
1216 1111 1306 1188 cives
1332 1113 1368 1186 et
1394 1113 1525 1206 plebem
1552 1133 1700 1186 commu-

145 1251 231 1318 nem,
261 1252 341 1304 cum
360 1231 533 1323 uxoribus,
562 1232 715 1325 parvulis
732 1235 768 1307 et
785 1232 1005 1322 lactantibus,
1035 1233 1070 1306 in
1095 1232 1326 1327 captivitatem
1354 1236 1390 1308 et
1415 1233 1586 1328 regionam
1605 1255 1700 1308 suam

145 1349 300 1424 deduxit.
347 1352 519 1446 Oaptiuati
545 1354 581 1426 el
601 1353 624 1446 ¹)
651 1355 713 1427 surb
740 1354 853 1428 eodem
881 1355 1032 1448 tompore
1058 1356 1207 1444 fuerunt,
1237 1353 1435 1429 ldscuislaus
1462 1353 1698 1430 Wlodimirzo·

7 1551 9 1580 >
145 1469 232 1560 nien,
263 1472 350 1547 item
377 1473 571 1547 Rescislaus
597 1474 676 1548 Dux
702 1477 738 1549 et
765 1474 890 1548 militia
917 1474 1033 1569 eius²)
1061 1497 1120 1569 per
1146 1476 1343 1550 Poloucnos.
1373 1475 1501 1570 Quibus
1520 1475 1621 1548 malis
1640 1475 1700 1570 pa-

7 1651 8 1654 ,
144 1592 256 1685 tratis,
287 1594 400 1669 Rurik
428 1593 463 1670 in
492 1595 568 1670 sade
595 1594 780 1691 Kyoviensi
807 1593 947 1690 vasta³)
975 1599 1088 1672 tomen
1116 1600 1152 1672 el
1178 1619 1263 1692 pene
1290 1597 1424 1672 deserta
1450 1596 1612 1672 consedit.
1706 1645 1707 1650 Ν

599 1955 807 2068 ANNUS
842 1864 1074 2070 DOMINI¹
1104 1957 1245 2071 1203.

5 2241 7 2272 r
144 2203 367 2275 terrentiano
390 2203 503 2275 latita
521 2203 561 2275 de
580 2205 749 2276 lorarcla
776 2204 935 2296 eligendo,
962 2222 1075 2277 omnes
1095 2205 1128 2277 ln
1146 2205 1340 2278 lestkone-
1368 2205 1585 2293 consentiunt,
1604 2205 1701 2278 noto
1773 2169 1776 2174 Ι

4 2399 6 2434 3
145 2324 232 2414 prim
251 2325 417 2415 relegetur
444 2325 644 2398 doudecim
671 2327 837 2417 palatinus
857 2325 1143 2400 Sandcmlriansla:
1170 2327 1256 2419 qood
1275 2345 1347 2399 cum
1366 2329 1471 2399 lacere
1489 2327 1610 2400 lestko
1628 2345 1702 2418 neg·

145 2445 227 2536 tigit,
255 2446 331 2538 ipsc
358 2441 524 2538 palatinus
551 2464 588 2518 rc
615 2451 763 2538 paratum
791 2448 885 2520 oren
912 2447 954 2520 ad
981 2448 1131 2540 axilium
1159 2449 1252 2520 crim
1269 2447 1424 2522 drtrmm
1442 2449 1631 2540 complexus
1649 2451 1701 2522 le·

500 2569 586 2656 allo,
613 2587 685 2641 curn
714 2587 752 2641 ca
780 2569 965 2642 conditione
990 2571 1098 2642 renuit
1125 2569 1350 2662 Principalem.

251 2806 304 2882 Ad
324 2807 595 2883 substituendum
616 2807 651 2883 in
671 2808 922 2885 cracoviensem
952 2809 1185 2906 Principalem
1212 2833 1255 2885 ex
1273 2808 1453 2905 llpecnslai
1480 2809 1577 2886 Senis
1596 2812 1702 2886 morte

143 2931 334 3019 vacanmm,
363 2930 468 3004 alium
495 2930 686 3026 Principem
712 2932 818 3007 Fulco
845 2931 1020 3026 opiscopus
1046 2934 1082 3007 et
1108 2931 1269 3008 Nicolaus
1296 2931 1471 3027 palatinus
1504 2932 1700 3007 dracorien-

3 3017 4 3076 ἶ
145 3073 202 3126 ses
228 3053 422 3147 generalem
449 3054 648 3128 conventum
675 3053 884 3130 comitiorum
911 3053 1024 3148 gratia
1051 3055 1141 3148 apud
1167 3053 1358 3130 Oraooriam
1385 3053 1584 3128 instituunt.
1630 3054 1703 3144 Quo

146 3196 224 3249 cum
251 3171 453 3248 militarium
479 3175 638 3266 frequens
665 3197 824 3251 numerus
855 3175 1074 3267 coercuisset,
1111 3175 1239 3271 singuli
1266 3176 1308 3250 ad
1335 3177 1538 3252 lestkonem
1564 3173 1701 3266 Album,

147 3299 222 3368 tum
250 3297 293 3370 ob
321 3297 463 3390 paterna
490 3295 622 3387 merita,
659 3299 733 3371 tum
769 3319 812 3372 ne
839 3297 1055 3392 Principatus
1092 3296 1320 3374 Oracouiensis
1355 3296 1655 3390 sequestrationem
1682 3318 1703 3371 a

147 3415 413 3491 Sandomirionsi
432 3415 608 3512 acciperet,
637 3419 711 3491 tum
729 3419 771 3492 ob
789 3417 935 3493 indolem
962 3417 1130 3512 Principis
1156 3420 1340 3512 coeperunt
1361 3418 1484 3494 habero
1501 3419 1702 3513 respectum

2 3613 3 3658 ἕ
148 3561 210 3613 nec
239 3537 330 3612 inter
355 3537 530 3632 Principes
557 3538 716 3614 Poloniac
743 3539 833 3613 alius
859 3562 964 3633 aequo
990 3539 1089 3613 utilis
1116 3539 1303 3614 videbatur.
1347 3537 1599 3614 Adremabatur
1624 3537 1705 3616 huic

2 3753 3 3758 Ἰ
148 3663 225 3734 roto
253 3659 415 3734 Nicolaus
455 3659 631 3754 palatinus
666 3660 893 3736 Ormouiensis
920 3664 955 3735 el
981 3659 1159 3756 indignum
1193 3662 1352 3735 censebat
1387 3681 1504 3754 parere
1538 3659 1700 3754 Prinoipi,

149 3779 244 3854 cuius
272 3779 429 3875 singulae
456 3780 605 3856 actiones
639 3804 683 3857 ox
715 3781 856 3856 levitate
891 3781 1037 3857 feminea
1069 3783 1223 3874 (nombal
1238 3769 1363 3856 'autem
1389 3781 1556 3856 Helenam
1582 3779 1702 3856 Ducis-

150 3925 220 3976 sam
248 3901 414 3976 Kanimiri
441 3901 595 3977 relictam
622 3905 658 3978 ot
685 3905 826 3978 matrem
853 3901 1050 3997 Lestlonis)
1077 3903 1315 3998 dependerent,
1343 3900 1438 3976 cuius
1457 3902 1525 3976 bile
1544 3901 1702 3997 indigna·

150 4027 249 4098 batur
277 4045 314 4098 se
341 4023 504 4118 superiori
532 4045 619 4098 anno
646 4023 751 4099 luisse
778 4024 1014 4119 proscriptum.
1057 4026 1167 4099 Parva
1192 4025 1308 4099 umen
1334 4024 1417 4098 haec
1443 4044 1546 4098 musa
1572 4023 1607 4098 et
1634 4045 1703 4098 me·

151 4145 225 4219 liori
253 4145 372 4220 ordine
397 4144 616 4220 rescindenda
636 4147 839 4240 putabatur:
867 4147 937 4220 alia
956 4148 1062 4220 multo
1081 4144 1228 4220 amrbior
1253 4147 1408 4221 extabat.
1436 4144 1596 4220 Nicolaus
1613 4144 1704 4220 enim

152 4266 328 4360 palatinus
354 4266 582 4341 Graccviansis
609 4269 644 4341 et
670 4267 873 4342 Gouoricius
901 4267 1074 4362 palatinus
1091 4265 1372 4342 Sandomiriensis
1399 4265 1434 4340 in
1461 4267 1533 4340 tam
1559 4267 1704 4340 testatas
1857 4287 1860 4292 ·

2 4475 3 4478 p
150 4392 184 4463 et
209 4389 373 4481 vulgatas
399 4387 594 4462 inimicitius
620 4389 833 4480 devenerant,
871 4391 911 4463 ut
938 4410 1026 4463 unus
1061 4387 1204 4463 alterius
1239 4388 1362 4462 nedum
1389 4387 1547 4478 fortunis,
1585 4387 1642 4463 sed
1669 4391 1705 4463 ol
1774 4407 1776 4414 ⁴

2 4497 3 4536 ¹
150 4509 252 4604 capiti
284 4508 512 4583 insidiaretur.
541 4507 710 4603 Superiori
739 4532 872 4601 quoque
897 4513 1048 4604 tempore
1075 4508 1278 4585 Gouoricius
1301 4507 1582 4583 Sandomiriensis
1608 4509 1704 4603 pala-

2 4619 3 4622 *
149 4631 242 4704 tinus
284 4629 472 4724 potentiam
499 4629 630 4704 Nicolai
668 4631 813 4724 palatini
850 4630 1080 4706 Graooviensis
1108 4631 1325 4722 monterone,
1355 4631 1392 4702 in
1418 4629 1616 4704 Bohomiam
1643 4651 1704 4706 ex-

2 4803 3 4848 }
149 4752 283 4826 elatum
311 4751 460 4838 abierat3
489 4751 530 4825 de
556 4773 624 4842 qua
651 4773 671 4825 a
697 4753 868 4827 Lestlrone
894 4749 992 4844 Albo,
1030 4753 1208 4846 postquam
1238 4751 1447 4846 Mpocnslaus
1474 4749 1704 4826 Monarchiam

149 4877 183 4946 et
210 4871 442 4966 Principatum
480 4871 729 4947 dracouienscm
767 4875 972 4967 occupasset,
1010 4875 1195 4963 revocatus,
1228 4871 1399 4966 imprimo
1434 4871 1570 4946 honoris
1596 4865 1704 4966 gr'adu

2 5065 3 5094 Ξ
150 4995 237 5088 apud
264 4993 468 5067 lestkonem
497 4995 532 5066 ct
559 4994 846 5069 Sandornirienses
873 5015 1026 5087 proceres
1052 4995 1250 5069 habebatur.
1278 4993 1319 5066 In
1339 4992 1441 5067 huius
1459 4991 1573 5085 itaque
1591 4991 1704 5066 odium

2 5125 3 5206 ,
149 5115 310 5191 Nicolaus
337 5113 511 5208 palatinus
537 5114 778 5207 cracoviensis,
815 5115 996 5190 Lestlronis
1032 5115 1431 5210 magnopereabnuebat
1457 5112 1703 5207 Principalem,

2 5335 3 5344 ,
150 5235 356 5326 difficileque
383 5236 472 5326 erat,
502 5234 564 5313 illo
590 5235 820 5329 dissentiente,
850 5237 886 5310 in
913 5237 1060 5312 fauorem
1088 5234 1270 5336 Lestlronis
1296 5234 1433 5328 aliquod
1451 5234 1628 5310 concedere
1647 5233 1704 5309 de·

257 5495 281 5578 ¹)
306 5497 421 5582 Captivi
445 5497 534 5558 etiam
555 5497 616 5570 Ed.
639 5497 733 5558 Dour.
774 5495 802 5592 ⁹)
826 5515 891 5558 cnm
912 5499 1094 5574 militiaeue
1120 5497 1179 5570 Ed.
1203 5497 1298 5569 Dodr.
1337 5492 1364 5578 ³)
1386 5499 1502 5563 vastata
1525 5493 1585 5563 Ed·
1607 5441 1703 5561 Deos.
