4162 6288
50 560 54 568 ·
141 503 197 600 (A
217 503 266 581 D.
287 504 408 600 1264.)
752 526 864 581 omna
891 525 1085 582 snnnnros.
1613 507 1687 580 393

139 713 205 789 lom
232 713 351 788 nullus
378 711 573 789 mortalium
605 713 688 790 tunc
722 712 838 790 vivens
865 714 945 790 anm
971 713 1113 807 viderat,
1152 712 1320 809 apparuit.
1365 712 1419 789 Ab
1445 712 1574 789 criente
1600 712 1690 788 enim

139 857 214 910 cum
241 835 377 932 fulgore
403 857 558 930 surgens,
586 857 693 928 usque
719 836 761 910 ad
787 835 934 911 modium
961 835 1045 912 coeli
1070 857 1188 911 versus
1215 835 1431 928 occidentem,
1458 857 1587 910 munem
1615 857 1690 930 per·

139 955 287 1032 lucidam
314 960 544 1054 protrahebat.
590 957 747 1034 Duravit
768 960 882 1033 summ
918 959 1076 1053 aspectus
1111 957 1207 1031 illius
1241 957 1327 1032 eitra
1361 957 1471 1032 tribus
1505 957 1689 1034 mensibus.

139 1079 319 1174 Primoque
347 1083 441 1156 ortus
467 1081 521 1157 sui
548 1079 603 1156 die
628 1080 788 1155 Urbanus
814 1082 908 1175 Papa
934 1081 1096 1176 languere
1123 1079 1244 1174 coepit,
1272 1081 1307 1155 et
1333 1079 1454 1154 ultimo
1481 1079 1619 1155 commis
1638 1079 1691 1154 die

138 1202 173 1276 at
198 1200 274 1296 ipse
300 1201 338 1276 in
364 1201 514 1295 Perusia,
543 1201 667 1278 ultima
692 1200 853 1278 videlicet
879 1199 1086 1296 Septembris
1111 1197 1165 1276 die
1192 1200 1324 1292 occidit,
1344 1223 1418 1276 cum
1445 1201 1545 1277 annis
1570 1200 1690 1290 tribus,

140 1344 254 1398 mense
281 1345 349 1399 uno
376 1323 531 1402 sedisset.
577 1323 628 1398 Ut
654 1345 722 1398 non
748 1322 841 1398 aliud
868 1323 1013 1398 cometes
1038 1321 1122 1418 ipse,
1155 1343 1256 1416 quam
1283 1321 1412 1396 Summi
1438 1321 1614 1398 Pontifieis
1640 1322 1691 1395 vi-

138 1442 250 1518 cinam
279 1444 434 1537 mortem,
470 1443 676 1540 praecinisse
702 1443 885 1534 videretur,
914 1442 950 1518 in
976 1441 1118 1518 Polonia
1142 1445 1258 1520 umen
1288 1442 1395 1518 alium
1430 1444 1587 1518 effectum
1614 1465 1691 1539 pro-

137 1564 259 1639 duxit:
289 1587 328 1641 oo
355 1566 444 1642 euim
472 1565 657 1658 desinente,
686 1565 885 1640 animalium
912 1565 1164 1660 quadrupedum
1191 1563 1381 1640 mortalitas
1407 1566 1604 1640 secutaest.
1633 1565 1691 1638 Se·

138 1685 315 1779 pnituram
342 1689 455 1762 antem
482 1687 641 1762 Urbanus
668 1688 762 1782 Papa
796 1686 886 1781 apud
918 1685 1096 1762 Perusiam
1122 1686 1159 1761 in
1185 1683 1303 1760 maiori
1330 1685 1482 1778 ecclesia,
1519 1685 1611 1760 insta
1638 1687 1655 1759 f
1678 1727 1692 1741 -

139 1804 210 1881 neri
238 1806 476 1883 cardinalibus
504 1806 724 1898 solventibus,
752 1808 894 1902 accepit.
930 1806 995 1902 Qui
1022 1806 1253 1884 celebritatem
1281 1807 1321 1884 de
1348 1807 1490 1902 (torpore
1516 1807 1692 1882 christia

138 1927 447 2022 praedecessoribus
482 1931 637 2006 omnibus
672 1929 743 2004 suis
778 1929 969 2024 neglectam
1004 1927 1172 2021 instituit,
1210 1931 1309 2004 beato
1336 1929 1465 2004 'I'homa
1491 1930 1531 2004 de
1557 1928 1692 2021 Aquino

139 2049 283 2125 Doctore
311 2050 469 2126 Officium
496 2051 591 2125 illius
617 2053 688 2126 tom
717 2051 871 2146 cognatis
897 2051 1081 2144 adaptante
1112 2049 1232 2140 verbis,
1262 2052 1301 2124 ut
1327 2071 1442 2125 omnes
1470 2050 1602 2124 Veteris
1629 2051 1692 2126 'le-

140 2171 303 2246 stamenti
329 2172 469 2268 figures,
498 2174 750 2248 Sacramentum
778 2173 932 2268 corporis
958 2172 1083 2246 dhristi
1108 2174 1411 2266 repraesentantes,
1439 2173 1620 2262 contineat,
1650 2173 1692 2245 li·

140 2293 193 2366 cet
218 2292 396 2370 institutio
423 2295 499 2389 ipse
524 2296 632 2370 morte
658 2293 790 2370 Urbani
817 2297 900 2369 tunc
925 2294 1126 2388 imperfecta
1151 2292 1351 2368 remanserit
1370 2294 1406 2387 ¹).

204 2659 327 2732 icon·
354 2659 460 2734 curtii
486 2659 662 2734 mittantur
687 2659 853 2734 Panasion
880 2659 923 2733 ad
948 2659 1182 2751 procurandum
1209 2661 1486 2735 canonizatione·
1512 2661 1642 2736 beatae.

842 2782 1004 2874 lledvissis.

245 3019 371 3096 Nuntii
406 3021 534 3116 priores
569 3022 612 3098 ad
648 3022 892 3118 procurandam
927 3025 1045 3099 beatae
1071 3022 1236 3119 Hedvigis
1270 3023 1431 3100 Ducissae
1465 3023 1624 3099 Poloniae
1659 3025 1694 3099 et

144 3140 286 3217 Henrici
312 3164 388 3217 curn
415 3144 518 3218 barba
544 3143 694 3236 relictae,
731 3143 1028 3236 canonisationem,
1059 3145 1217 3220 videlicet
1244 3146 1401 3220 Salomon
1427 3145 1692 3236 archidiaconus,

144 3261 306 3338 Nicolans
332 3263 553 3339 scholasticus
587 3263 831 3356 dracovienses,
869 3267 905 3340 et
929 3265 1225 3361 Aherengebertus
1239 3265 1274 3359 ²)
1304 3267 1449 3342 decanus
1475 3267 1693 3360 Wischegra·

145 3384 270 3477 densis,
299 3408 375 3460 com
401 3388 552 3482 regestro
579 3386 745 3462 examinis
779 3386 930 3480 testium,
959 3389 994 3463 et
1020 3388 1130 3464 literis
1161 3387 1459 3464 commissariorum
1496 3388 1693 3483 apostolico·

146 3527 230 3598 mm,
259 3507 433 3584 Wolimiri
459 3508 607 3604 episcopi
633 3508 928 3586 Wladislaviensis
954 3511 989 3585 et
1016 3497 1134 3584 fratris
1165 3510 1311 3585 Simonis
1346 3510 1568 3586 Provincialis
1595 3511 1694 3585 Polo-

145 3626 232 3721 niao,
261 3628 298 3703 in
325 3628 392 3704 fine
417 3629 567 3726 Augnsti
593 3629 734 3724 egressi,
763 3630 939 3705 Petusium
970 3631 1155 3722 venientes,
1193 3631 1368 3706 Urbanum
1394 3633 1522 3726 Papam
1538 3628 1567 3725 ³)
1593 3652 1694 3724 qnar-

146 3749 219 3826 tvm
255 3751 473 3846 absumptum
509 3752 705 3826 offendunt:
744 3752 785 3828 de
821 3774 887 3844 quo
922 3775 989 3827 uon
1024 3751 1181 3826 mediocri
1216 3753 1424 3828 consternati
1450 3753 1581 3843 dolore,
1619 3775 1695 3826 com

147 3871 259 3947 omnia
286 3872 329 3946 ad
354 3872 515 3947 maiorem
542 3873 780 3948 difficultatem
807 3895 869 3948 sua
896 3873 1032 3968 negotia
1060 3874 1212 3950 viderant
1240 3877 1345 3950 morte
1372 3873 1502 3948 Urbani
1526 3873 1694 3965 recidisse,

147 3993 425 4070 substitutionem
449 3995 565 4070 tamen
591 3995 734 4070 alterius
759 3995 958 4090 praestolari
986 3995 1091 4071 coacti
1119 3999 1211 4071 sunt.

501 4358 709 4453 comparui
736 4358 908 4453 episcopos
934 4359 1168 4438 lucuniensis
1194 4361 1340 4436 norim.

251 4597 377 4695 Quinta
411 4599 540 4676 decima
573 4601 765 4679 Decembris
799 4601 1022 4697 Boguphalus
1055 4598 1294 4679 Poeneniensis
1329 4597 1505 4699 episcopus
1540 4605 1577 4679 in
1611 4606 1697 4681 villa

149 4741 228 4797 suso
255 4720 414 4797 ecclesiae
440 4721 596 4796 daancim
611 4723 640 4816 6)
675 4723 761 4798 alias
796 4723 952 4798 dcirmna
986 4722 1128 4797 moritur
1162 4726 1198 4799 et
1228 4723 1264 4798 in
1297 4723 1439 4800 ecclesia
1475 4726 1697 4801 Posnaniensi

148 4842 331 4937 sepelitur,
368 4863 444 4916 cum
480 4864 586 4918 annos
617 4843 729 4918 decem
757 4843 793 4916 in
820 4842 1018 4938 pontificatu
1054 4843 1244 4938 exegisset,
1280 4845 1483 4939 virtutibus,
1520 4847 1697 4939 quaesibi

149 4961 238 5039 Dens
265 4963 412 5058 optimus
437 4965 474 5039 et
499 4966 623 5042 natura
649 4964 851 5056 contulerat,
880 4967 1013 5039 abusus.

257 5238 281 5319 ¹)
303 5247 492 5303 remanserat
508 5241 568 5302 Ed.
584 5239 670 5318 Lipe.
710 5239 737 5320 Ω)
759 5243 983 5317 Ahengebertus
1001 5242 1071 5306 (lod.
1086 5243 1179 5304 Reor.
1219 5239 1246 5321 3)
1268 5243 1377 5316 Papam
1392 5242 1470 5304 deest
1483 5244 1519 5304 io
1537 5241 1608 5304 (lod.
1624 5243 1697 5306 Aac.

153 5339 179 5420 ⁴)
201 5344 328 5422 emerim
352 5344 422 5410 σοι).
446 5347 539 5408 Roar.
562 5345 697 5422 Ozyazim
723 5345 800 5410 Oed-
816 5347 882 5408 In'a.

199 5479 221 5524 J,
234 5479 326 5536 blanca
340 5481 425 5524 naar.
438 5481 517 5524 Paion.
532 5481 558 5523 ¹1¹.
572 5481 605 5526 11.
1510 5487 1543 5540 50
