4172 6278
153 531 425 626 (Α.ῠ.1205.)
786 557 898 608 crena
924 557 1079 610 sexsus,
1156 539 1157 544 ’
1353 504 1359 514 ⁵
1634 541 1706 614 173

150 763 226 815 cum
254 765 301 818 ox
327 742 483 818 Polonico
510 743 598 818 bello
626 741 774 834 redierit,
804 744 967 818 ulturum.
996 743 1062 818 Sed
1089 743 1160 820 eius
1188 745 1297 820 minas
1324 745 1501 841 episcopus
1526 745 1707 822 Wladimi·

149 863 275 939 rieneis
302 866 483 961 negligens
509 864 703 940 reintimat:
736 867 863 940 frustra
890 888 926 941 se
952 866 1135 942 terroribus
1161 867 1346 962 exagitari,
1374 867 1532 962 quoniam
1559 871 1595 943 et
1621 890 1714 944 mors

151 985 215 1060 sibi
243 1008 307 1082 pro
333 988 477 1064 veritate
512 1009 684 1080 nunquam
722 987 844 1082 pavida
879 988 1002 1080 fuerit,
1031 990 1066 1064 et
1092 991 1284 1082 Romanus,
1323 1013 1436 1064 anax
1464 990 1592 1066 nefario
1619 991 1709 1066 bello

150 1108 325 1184 rediturus
351 1108 409 1199 sit,
439 1109 584 1204 ignoret.
613 1109 812 1205 Magnitudo
840 1109 918 1184 fidei
946 1110 1049 1185 etiarn
1076 1110 1113 1184 in
1135 1111 1349 1187 schismatico
1370 1111 1392 1206 Ι)
1420 1111 1574 1208 episcopo
1601 1111 1707 1187 admi·

151 1231 282 1320 randal
321 1231 480 1306 Maximis
515 1231 630 1324 itaque
656 1233 692 1306 et
719 1232 950 1325 frequentibus
986 1231 1091 1326 copiis
1118 1255 1161 1307 ex
1189 1232 1337 1326 equestri
1364 1236 1400 1308 et
1426 1234 1572 1328 pedestri
1600 1233 1711 1310 milite

151 1353 372 1444 coadunatis,
402 1352 509 1448 primo
536 1353 678 1428 aestatis
705 1355 854 1447 ternpore
881 1354 1054 1429 Romanus
1081 1355 1315 1429 Ruthonorum
1342 1356 1421 1429 Dux
1448 1355 1483 1430 in
1510 1359 1619 1430 terras
1642 1359 1710 1430 Ρο-

151 1476 308 1549 louorum
344 1475 565 1566 descendere,
603 1474 843 1552 Lublinensem
879 1475 1050 1570 regionem
1085 1476 1149 1550 sibi
1185 1476 1364 1550 finitimam
1398 1477 1543 1571 periurum
1571 1477 1709 1568 invasit,

150 1600 371 1690 castnrmque
397 1596 623 1687 Lublinense,
660 1598 748 1690 quod
780 1619 840 1692 per
867 1597 1070 1692 praesidinm
1097 1599 1298 1672 Polonorum
1334 1598 1483 1673 militurn
1518 1601 1708 1689 tenebatur,

150 1718 325 1794 obsidione
352 1718 480 1810 cinxit,
508 1721 544 1794 et
571 1741 631 1813 pro
658 1717 731 1793 eius
758 1719 1003 1813 conquisitione
1039 1721 1153 1814 plures
1184 1723 1324 1794 conatus
1351 1723 1386 1795 et
1413 1721 1545 1811 studia,
1576 1720 1712 1796 Polonis

151 1863 261 1915 arcem
290 1842 393 1935 probe
420 1839 699 1930 defendentibus,
728 1839 862 1934 integro
890 1863 1004 1915 nrense
1031 1841 1205 1916 intendere
1232 1864 1298 1916 non
1326 1841 1479 1930 destitit;
1526 1845 1710 1932 matronae,

152 1983 277 2037 uxores
305 1965 341 2038 et
367 1962 458 2037 filias
485 1962 635 2037 militurn
662 1962 834 2057 captivos,
863 1962 899 2036 in
927 1964 1071 2054 quadam
1098 1963 1277 2058 indagine,
1306 1967 1347 2037 ut
1374 1986 1511 2059 pecora,
1541 1965 1713 2059 praecepit

152 2083 299 2158 detineri
326 2086 363 2159 ct
389 2107 410 2158 a
436 2083 506 2158 suis
532 2083 702 2160 Ruthonis
729 2083 882 2178 permisit
910 2085 1077 2179 impudice
1101 2084 1254 2159 tractari.
1300 2085 1444 2160 Interim
1470 2089 1583 2162 autern
1610 2086 1709 2162 lest·

153 2205 251 2280 lonis
278 2208 316 2281 et
343 2206 489 2281 Ounradi
515 2207 645 2280 Ducum
673 2206 820 2281 iussione
847 2229 890 2282 ox
917 2206 1191 2297 Sandomiriensi,
1220 2207 1422 2282 Masoviensi
1455 2210 1490 2281 et
1516 2207 1709 2283 (luiaviensi
1746 2210 1751 2216 ’

154 2327 340 2422 provinciis
375 2327 513 2423 grandis
549 2327 758 2402 confluxerat
793 2349 909 2403 versus
943 2327 1187 2402 Sandorniriam
1222 2328 1409 2419 exercitus,
1439 2352 1505 2402 non
1532 2330 1640 2402 solum
1668 2352 1712 2404 ex

154 2448 383 2541 militaribus,
411 2449 599 2549 sedetiam
628 2473 672 2523 ex
698 2450 891 2545 agrestibus
918 2451 1102 2541 collectus,
1138 2472 1238 2542 quom
1264 2450 1369 2525 etiam
1395 2449 1503 2544 aliqui
1530 2450 1712 2525 voluntarii

154 2571 284 2646 milites
311 2593 357 2646 ex
384 2570 594 2646 Oracoviensi
620 2573 753 2646 Ducatu
780 2575 996 2646 coauxerant.
1024 2573 1198 2646 Romanus
1226 2573 1267 2646 ab
1294 2571 1565 2666 exploratoribus
1592 2573 1715 2648 certior

153 2693 276 2785 factus,
305 2693 510 2768 Lestlronem
537 2696 573 2768 et
597 2693 788 2768 cunradum
815 2693 1020 2769 exercitibus
1049 2693 1211 2784 collectis,
1240 2693 1276 2767 in
1303 2693 1406 2768 armis
1431 2715 1515 2784 esee,
1543 2692 1714 2768 obsidione

153 2813 358 2890 Lublinonei
384 2815 508 2905 solnta,
536 2837 637 2908 quarn
665 2815 730 2889 sibi
756 2814 869 2890 minus
896 2837 1052 2910 prospero
1078 2815 1214 2891 ridebat
1241 2815 1444 2910 provenisse,
1474 2815 1510 2890 in
1538 2814 1715 2892 ulteriores

153 2936 359 3012 Polonorum
394 2936 570 3032 regiones,
598 2936 736 3031 singula
762 2937 892 3032 rapinis
919 2938 955 3013 et
981 2937 1125 3012 damnis
1152 2937 1386 3028 consumendo,
1414 2936 1577 3031 procedit,
1606 2937 1715 3011 mina-

154 3061 279 3151 turque
307 3079 344 3134 ee
370 3081 438 3132 non
465 3059 573 3132 solum
601 3058 760 3134 Poloniae
786 3059 945 3154 Regnum
972 3060 1196 3148 vastaturum,
1226 3059 1284 3134 sed
1311 3061 1346 3134 et
1373 3059 1539 3154 Paginam
1557 3058 1716 3134 Divinam

155 3179 356 3256 Latinorum
391 3179 705 3255 exterminaturum.
762 3180 913 3256 Mittitur
928 3180 956 3275 π)
992 3180 1107 3274 itaquo
1143 3181 1247 3256 Falco
1275 3180 1504 3256 Gracoviensis
1540 3179 1716 3275 opiscopus

160 3323 234 3376 curn
264 3301 345 3377 Vito
372 3303 525 3377 Plooonsi
562 3301 717 3398 episcopo
753 3305 789 3376 et
807 3300 844 3396 3)
879 3324 956 3376 cnm
992 3303 1164 3394 aliquibus
1199 3302 1379 3378 baronibus
1410 3303 1454 3377 ad
1490 3301 1616 3377 furiam
1642 3301 1716 3376 eius

158 3423 384 3519 mitigandam
402 3425 438 3498 et
460 3445 575 3518 pacem
593 3425 815 3514 tractandam,
844 3425 1011 3500 offerendo
1038 3423 1283 3499 satisfactionis
1311 3424 1528 3518 aequitatem,
1548 3423 1578 3498 si
1596 3423 1715 3499 Poloni

158 3545 193 3620 in
220 3545 338 3640 aliquo
373 3546 508 3620 foedera
542 3545 714 3622 societatis
750 3548 984 3622 temerassent.
1038 3544 1085 3620 At
1121 3546 1180 3620 ille
1217 3547 1310 3622 dolos
1341 3547 1377 3620 in
1405 3548 1538 3641 pectore
1565 3568 1715 3636 versans,

161 3689 277 3761 pacem
311 3666 507 3762 pollicitans
542 3670 577 3742 et
614 3667 750 3743 nuntios
786 3667 1030 3743 circumventos
1065 3669 1260 3759 remittens,
1284 3667 1334 3741 in
1370 3667 1532 3742 ulteriora
1566 3667 1717 3762 grassari

158 3789 279 3883 coepit.
328 3788 493 3883 Quosdam
521 3811 652 3881 quoque
679 3788 816 3866 clericos
843 3789 994 3884 captivos
1021 3789 1144 3864 ictibus
1171 3788 1376 3884 sagittarum
1404 3787 1506 3862 iussit
1532 3789 1647 3879 obrui,
1678 3790 1718 3863 ut

157 3911 295 3986 eliceret
323 3912 366 3984 ab
392 3909 441 3985 eis
469 3909 602 3986 fidelem
630 3911 839 4003 relationem,
868 3911 1005 3986 ubinam
1033 3912 1159 3986 Lostko
1186 3933 1262 3986 cum
1290 3910 1442 3985 exercitu
1468 3909 1633 3986 latitaret.
1661 3908 1715 3986 Ad

159 4033 301 4107 fluvium
328 4054 459 4126 quoque
486 4032 632 4108 Wielam
664 4033 871 4128 perveniens,
912 4033 1036 4128 partim
1064 4033 1162 4106 illum
1190 4032 1331 4107 navibus
1359 4036 1394 4107 et
1421 4033 1561 4123 lembis,
1591 4031 1720 4127 parlim

161 4154 252 4228 vadis
280 4154 318 4228 in
345 4153 478 4244 aliquot
504 4154 586 4228 locis
613 4155 767 4249 repertis,
802 4155 955 4230 siccitate
983 4156 1124 4230 aestatis
1152 4154 1249 4248 aquis
1277 4141 1372 4228 illius
1399 4153 1588 4244 diminutis,
1618 4176 1719 4248 supe·

158 4279 212 4349 rat
238 4278 274 4350 et
294 4275 337 4350 ad
356 4275 516 4369 oppidum
542 4276 730 4350 Zavicbost
756 4275 883 4351 stativa
910 4277 1017 4370 ponit.
1046 4276 1125 4352 Illic
1151 4299 1228 4352 euru
1256 4276 1498 4351 consistentem
1525 4277 1719 4368 frequentes

158 4397 209 4470 sui
238 4397 473 4491 exploratores
500 4397 540 4471 de
567 4397 768 4472 Polonorum
804 4398 952 4473 adventu
986 4399 1132 4472 avisant.
1170 4398 1316 4492 Quorum
1344 4421 1419 4472 cum
1447 4397 1602 4473 irrideret
1627 4397 1716 4471 rela-

159 4519 281 4610 tiones,
312 4519 449 4610 milites,
480 4541 563 4612 quos
586 4543 646 4614 pro
664 4521 817 4595 excubiis
844 4521 1000 4596 tenendis
1026 4519 1274 4611 transmiserat,
1303 4521 1554 4615 exploratorum
1582 4521 1720 4595 senten-¹

160 4640 245 4714 tiam
281 4640 505 4728 confirmant;
551 4641 609 4716 sed
645 4663 720 4716 cunr
756 4641 811 4714 his
848 4663 979 4735 quoque
1014 4642 1186 4716 Romanm
1222 4641 1424 4716 discrederet
1441 4641 1467 4736 6)
1504 4644 1539 4715 et
1574 4641 1718 4716 Polonos

160 4783 374 4854 nequaquam
401 4783 511 4837 secum
541 4765 749 4857 pugnaturos
776 4764 984 4838 asseveraret
1000 4763 1047 4857 5);
1076 4762 1204 4838 decima
1231 4785 1319 4837 nona
1345 4763 1438 4836 Iunii
1465 4761 1600 4854 mensis,
1629 4764 1720 4836 San-

167 4886 298 4958 ctorum
325 4882 477 4959 Gervasii
506 4886 540 4958 et
566 4885 708 4960 Protasii
739 4885 900 4980 martyrio
927 4885 1040 4961 dicata
1067 4884 1132 4975 die,
1163 4886 1234 4959 sole
1260 4884 1399 4975 oriente,
1426 4885 1552 4960 Lestlxo
1579 4887 1614 4958 et
1632 4885 1721 4958 Oun-

162 5005 265 5080 radus
292 5007 402 5080 Duces
430 5027 505 5080 cum
533 5007 733 5082 Polonorum
760 5007 974 5098 exercitibus,
1004 5029 1146 5100 quorum
1163 5005 1331 5080 cristinus
1357 5005 1529 5100 palatinus
1555 5003 1724 5081 llasoviae

164 5128 237 5200 erat
273 5126 412 5218 ductor,
449 5127 635 5204 adveniunt
661 5131 696 5204 ot
722 5129 895 5204 ordinatas
922 5130 1011 5205 acies
1038 5129 1213 5204 decernere
1228 5127 1257 5222 ⁶)
1285 5128 1396 5223 parati
1422 5127 1618 5203 ostendunt.
1654 5128 1722 5203 Ro·

270 5407 296 5487 ¹)
320 5409 448 5470 catolioc
476 5407 548 5469 Ood.
571 5407 645 5470 Aut.
693 5405 902 5486 ”ildittuntur
928 5407 998 5472 eoo.
1022 5408 1093 5484 Lip.
1140 5405 1166 5486 ³)
1190 5413 1220 5468 et
1242 5408 1319 5470 docel
1342 5409 1379 5468 iro
1405 5405 1476 5471 Oool.
1502 5405 1575 5476 Aut.
1622 5401 1649 5492 ⁴)
1665 5406 1723 5473 oif-
1753 5481 1755 5488 Α

163 5510 268 5582 fideret
290 5513 353 5584 Eo,
375 5513 470 5584 Dobr.
517 5509 543 5603 ο)
566 5513 702 5586 crederet
724 5513 783 5585 Ed.
806 5513 900 5586 Dobr.
947 5509 973 5604 ⁰)
997 5513 1150 5585 decertare
1173 5513 1233 5583 Ed,
1256 5513 1352 5584 chr,
