4172 6278
155 547 215 642 (Α.
235 547 285 628 D.
307 547 435 644 1202.)
787 570 899 623 urana
925 569 1078 623 snxuus.
1636 553 1708 626 lca

154 779 231 836 vero
248 757 424 848 exulante,
452 755 566 832 omnia
583 756 618 849 1),
646 776 732 849 quae
759 757 821 830 aut
849 756 959 850 pacta,
987 756 1048 830 aut
1066 755 1275 832 concordiam
1303 755 1438 832 inficere
1465 760 1611 851 possent,
1640 780 1709 834 ces·

154 880 283 954 satura.
330 879 425 954 llaec
451 879 566 953 autem
592 877 801 972 llyecaslaus
828 878 939 954 Senex
966 876 1040 954 ideo
1066 879 1245 952 aestuabat
1280 879 1458 973 perticere,
1495 881 1535 954 ut
1570 879 1710 954 Nicoluo

155 998 319 1095 palatino,
348 1021 448 1091 quem
474 997 602 1074 sciebat
627 997 808 1074 lestkonis
834 1001 869 1074 et
895 997 1040 1074 Ounradi
1067 1000 1227 1093 nepotum
1254 1021 1388 1074 suorum
1415 999 1650 1076 fidelissimum
1676 1002 1712 1076 et

154 1123 368 1196 mustantem
394 1119 538 1196 amicum
565 1123 601 1194 et
627 1120 791 1194 cultorem
818 1141 901 1210 esse,
939 1120 1083 1210 sublato,
1121 1119 1257 1195 facilius
1284 1119 1320 1194 in
1346 1120 1435 1196 filios
1450 1120 1477 1215 ²)
1505 1143 1582 1196 suos
1609 1122 1708 1198 Wla·

154 1241 303 1320 dislaum
329 1243 365 1318 et
392 1243 550 1318 Ottonem
586 1240 795 1318 derivaretur
830 1240 1006 1316 successio.
1051 1241 1195 1318 Duoissa
1230 1243 1345 1316 autern
1380 1243 1512 1318 Helena
1542 1242 1708 1318 Karimiri

154 1364 287 1455 relicta,
316 1363 537 1438 iamdudum
564 1362 702 1438 Nicolao
729 1362 881 1457 palatino
908 1361 1115 1438 Gracoviensi
1145 1385 1205 1456 pro
1232 1362 1336 1438 variis
1363 1365 1462 1438 rebus
1487 1365 1523 1440 et
1545 1364 1708 1459 suspicio·

153 1485 263 1578 nibus,
295 1484 417 1578 quibus
443 1483 633 1560 invidorum
674 1483 760 1558 livor
786 1507 863 1559 eum
899 1489 1055 1559 onerarat
1070 1482 1110 1578 ³),
1143 1486 1261 1579 utpote
1296 1484 1405 1560 virum
1442 1485 1646 1560 industrium
1674 1489 1711 1562 et

3 1709 4 1714 Ν
153 1607 244 1682 iusto
272 1627 312 1682 ac
338 1605 494 1702 legitimo
520 1608 638 1680 tenore
664 1604 820 1699 singulas
846 1604 1066 1700 Reipublicae
1093 1607 1209 1699 partes
1236 1604 1541 1697 administrantem,
1570 1608 1707 1698 offensa,

154 1727 189 1802 in
224 1726 457 1804 exclusionem
492 1747 588 1800 suram
624 1725 923 1817 exiliationemque
937 1725 964 1820 ⁴)
1000 1725 1137 1801 facilem
1173 1728 1345 1821 praestitit
1380 1748 1590 1802 consensum.
1636 1727 1708 1822 Quo

153 1848 306 1945 periculo
333 1847 494 1926 Nicolaus
520 1846 694 1943 palatinus
721 1847 907 1940 intellecto,
936 1848 978 1922 ad
1005 1847 1183 1923 Ducissam
1210 1848 1422 1942 Helenam⁶)
1449 1847 1615 1924 Karimiri
1654 1872 1707 1924 re·

152 1971 272 2048 lictam
299 1971 335 2046 et
361 1969 451 2046 filios
478 1991 556 2044 suos
582 1971 787 2046 lestkonem
814 1971 849 2044 et
875 1969 1066 2044 Gunradum
1093 1967 1237 2065 supplex
1264 1969 1368 2061 venit,
1407 1991 1523 2044 orans:
1563 1973 1600 2046 ut
1626 1970 1708 2047 dde-

2 2111 3 2200 ζ
152 2090 239 2166 lium
266 2111 405 2167 suorum
432 2089 678 2182 obsequiorum,
716 2093 787 2164 tam
814 2089 1065 2185 praestitorum,
1102 2112 1203 2180 quam
1230 2092 1507 2185 praestandorum
1534 2113 1706 2183 memores,
1768 2186 1772 2192 ,

152 2211 334 2290 exiliatum
349 2211 380 2307 6)
406 2233 443 2289 se
468 2211 510 2286 iri
538 2236 604 2286 non
631 2211 817 2307 patiuntur,
855 2211 891 2286 in
927 2211 999 2288 eius
1026 2211 1225 2306 praesertim
1260 2211 1369 2288 hostis
1404 2213 1572 2304 favorem,
1605 2236 1704 2307 quom
1763 2261 1767 2268 -

152 2333 289 2410 nonnisi
325 2336 464 2429 propter
498 2333 599 2408 fidem
626 2333 664 2408 iu
691 2355 767 2424 eos,
796 2334 992 2428 patremque
1019 2355 1134 2408 eorum
1161 2332 1324 2424 habitam,
1362 2333 1427 2410 sibi
1453 2335 1603 2429 graviter
1629 2357 1707 2410 noe-

153 2458 205 2532 set
231 2454 381 2544 iratum;
418 2477 460 2530 ne
487 2477 618 2549 quoque
644 2454 736 2531 hosti
764 2453 932 2530 communi
959 2476 1056 2530 suum
1085 2455 1285 2530 devoverent
1310 2459 1423 2550 eaput,
1457 2456 1546 2547 quod
1571 2455 1644 2550 ipse
1671 2456 1707 2530 in

2 2547 3 2582 ³
154 2575 338 2654 certamine
364 2577 408 2652 ad
435 2577 658 2671 Mosegauam
684 2597 760 2652 cum
788 2576 903 2652 eodem
929 2576 1026 2652 hoste
1061 2575 1178 2652 habito
1209 2577 1361 2652 extremo
1397 2575 1545 2671 periculo
1572 2599 1632 2671 pro
1658 2577 1708 2654 eis

153 2697 342 2776 obiecisset.
370 2698 496 2773 Verum
522 2719 598 2774 eum
626 2697 715 2772 nihil
733 2697 910 2793 pacificum
937 2720 958 2772 a
984 2696 1126 2774 Duoissa
1154 2700 1189 2772 et
1216 2697 1297 2772 filiis
1318 2698 1574 2792 responderetur
1592 2698 1707 2794 (quip-

153 2843 195 2916 pe
220 2822 294 2896 tam
321 2818 419 2915 gravi
445 2818 692 2916 indignationis
718 2819 835 2896 nubilo
861 2818 1004 2896 Duoissa
1022 2819 1059 2894 in
1076 2819 1252 2896 Nicolaum
1279 2819 1470 2916 palatinum
1496 2821 1707 2912 efferbuerat,
1757 2867 1760 2872 v

1 2957 2 3008 l
154 2945 193 3020 ut
219 2941 486 3037 supplicationes
521 2964 600 3016 suas
635 2941 747 3016 surdis
781 2941 920 3018 auribus
952 2941 1113 3034 audiret),
1138 2941 1314 3036 palatinus
1349 2940 1422 3036 ipse
1458 2941 1708 3036 implacabilem

1 3105 2 3148 ,
153 3063 334 3140 attondens
360 3062 521 3140 Duoissae
547 3062 645 3155 iram,
670 3065 781 3144 ,rebus
807 3063 878 3138 suis
903 3065 1152 3159 prospecturus,
1186 3063 1229 3140 ad
1254 3063 1479 3158 Myecuslaum
1507 3063 1620 3159 ipsum
1647 3066 1707 3140 Se-

153 3209 229 3261 nem
256 3184 463 3260 Posuauiam
489 3185 715 3279 personaliter
741 3184 925 3276 contendit,
963 3183 1100 3261 lucilius
1126 3205 1267 3280 sperans
1294 3206 1330 3261 se
1356 3185 1446 3280 apud
1473 3185 1646 3280 publicum
1672 3189 1708 3262 et

1 3402 2 3430 i
154 3307 281 3383 iratum
306 3307 450 3397 bostem,
488 3326 589 3399 quarn
616 3307 706 3401 apud
733 3305 902 3382 infensam
927 3305 1117 3397 Ducissam,
1151 3305 1282 3383 veniam
1309 3307 1538 3382 obtenturum.
1583 3307 1709 3402 llagna

153 3427 366 3525 gratitudine
392 3428 428 3502 et
453 3426 688 3503 benevolentia
707 3449 728 3503 a
745 3428 931 3523 Myeeuslao
957 3429 1049 3504 Duce
1075 3427 1237 3522 exceptus
1262 3429 1324 3520 est,
1354 3426 1567 3519 maximoque
1594 3429 1707 3505 favore

1 3597 2 3642 ᾗ
152 3553 187 3628 et
213 3551 340 3625 honore
365 3547 524 3624 habitus:
560 3571 627 3623 non
664 3549 841 3624 dubitabat
867 3548 956 3626 enim
983 3551 1063 3624 Dux
1089 3550 1295 3644 Mpecaslaus
1322 3547 1520 3644 principalis
1547 3551 1582 3624 et
1609 3571 1705 3644 prae·

154 3669 244 3767 cipui
271 3669 408 3746 baronis
443 3668 673 3764 accessione⁷)
700 3669 822 3746 solium
857 3669 1018 3745 suumin
1044 3669 1244 3765 Ptineipatu
1278 3669 1488 3746 dracoviensi
1525 3693 1585 3764 pro
1610 3693 1647 3746 se
1672 3674 1708 3746 ot

1 3813 2 3826 ¹
153 3815 212 3888 pro
239 3790 324 3868 filiis
350 3791 576 3866 firmaturum.
604 3791 781 3868 Gaudebat
807 3791 946 3887 insuper
971 3814 1048 3867 eum
1068 3790 1149 3886 sel)
1173 3791 1395 3886 rerumque⁹)
1421 3813 1560 3868 suarum
1585 3793 1708 3868 babere

1 3963 2 3976 ι
153 3913 353 4003 adiutorem,
392 3933 493 4006 quem
519 3915 620 3988 antea
646 3911 809 3988 infestum
835 3915 997 4008 expertus
1022 3915 1097 3988 erat
1123 3914 1265 4004 hostem,
1298 3912 1334 3988 et
1360 3912 1455 3988 cuiue
1481 3914 1554 3988 sola
1579 3913 1706 3990 auteri-

153 4036 226 4111 tate
252 4034 294 4110 de
321 4032 521 4129 Principatu
547 4033 757 4111 Gracoviensi
783 4035 857 4110 vice
883 4033 952 4110 iam
978 4035 1082 4110 tertia
1109 4031 1292 4110 exciderat.
1328 4033 1486 4110 Omnium
1513 4033 1629 4127 itaque
1655 4037 1706 4108 ol·

1 4211 2 4266 ἶ
153 4157 326 4232 tensarum
353 4154 563 4249 superiorum
590 4154 654 4230 sibi
675 4154 719 4249 ¹⁰)
745 4157 863 4251 culpas
888 4155 1077 4232 liberaliter
1112 4156 1216 4230 donat
1240 4159 1276 4230 et
1302 4154 1459 4251 ignoscit,
1480 4156 1515 4230 et
1533 4155 1705 4250 amplissi-

154 4277 218 4352 mis
244 4274 524 4372 promissionibus
559 4277 734 4352 oneratum
761 4276 797 4351 in
824 4277 877 4352 sui
905 4276 1005 4354 fidem
1032 4280 1068 4353 et
1093 4276 1276 4352 amicitiam
1303 4275 1473 4366 conciliat,
1506 4276 1707 4372 intelligens

153 4421 189 4474 se
215 4397 260 4472 ud
286 4396 495 4508 conditiones
521 4396 557 4471 in
584 4399 715 4474 loedere
751 4421 827 4474 cum
860 4399 992 4475 Helena
1025 4397 1169 4474 Duoissa
1203 4398 1300 4490 inito,
1338 4397 1483 4493 palatini
1510 4397 1708 4473 assbteutia

1 4517 2 4562 ³
153 4519 281 4610 habita,
310 4517 386 4614 cogi
412 4541 478 4594 non
506 4541 614 4614 posse.
642 4521 714 4596 Nec
740 4543 816 4595 eum
844 4520 972 4598 fefellit
997 4520 1122 4615 opinio.
1163 4519 1247 4594 Eius
1274 4519 1409 4613 quidem
1437 4521 1541 4596 ductu
1566 4522 1602 4596 et
1628 4542 1706 4594 con-

1 4645 2 4730 }
154 4639 242 4716 siliis
268 4639 479 4735 llyeouslaus
514 4641 593 4715 Dux
631 4642 742 4718 Senex
768 4641 805 4717 in
832 4641 1024 4718 cracoviam
1060 4643 1215 4736 receptus
1241 4643 1306 4733 oet,
1344 4643 1380 4716 et
1406 4641 1477 4716 tam
1504 4664 1578 4734 arx,
1607 4665 1706 4734 quam

1 4747 2 4840 ζ
154 4764 233 4837 urbs
260 4759 500 4852 Crotoniensis,
540 4764 758 4858 metereaque
784 4763 943 4840 civitates
969 4765 1005 4839 et
1031 4762 1235 4838 munitiones
1262 4762 1299 4837 in
1325 4763 1458 4838 Ducatu
1484 4761 1705 4854 cracoviensi,

1 4877 2 4886 '
154 4883 336 4959 mandante
361 4884 398 4958 et
423 4881 592 4978 dirigente
618 4883 771 4979 palatino
790 4884 833 4978 ¹¹)
859 4884 1010 4976 Nicolao,
1043 4884 1077 4958 in
1106 4883 1268 4960 ditionem
1294 4883 1476 4980 llvecaslai
1497 4883 1705 4980 consignan-

1 5103 2 5111 ,
153 5007 219 5097 tur,
248 5003 422 5097 totiusque
439 5005 590 5080 Ducatue
608 5005 836 5082 Oracoviensie
858 5007 1057 5102 Myeenslao,
1085 5007 1183 5082 nulla
1208 5005 1348 5081 illarum
1375 5005 1577 5098 conditione,
1605 5027 1706 5097 quam
1822 5066 1825 5078 .

259 5193 284 5273 ¹)
307 5211 344 5256 ea
366 5195 464 5256 omnia
488 5193 560 5256 Ood.
582 5198 677 5258 Roer.
716 5194 745 5273 ⁹)
768 5197 845 5258 filios
875 5199 952 5260 dccet
982 5199 1018 5259 ia
1051 5196 1121 5260 Ood.
1145 5195 1220 5259 Aur.
1261 5195 1288 5274 ³)
1311 5203 1450 5258 onerarat
1471 5198 1549 5260 decet
1571 5198 1607 5258 ta
1632 5197 1705 5261 coa.

152 5295 224 5361 Aac.
264 5295 570 5377 ‘lexulationemqae
593 5301 652 5360 Ed.
675 5301 771 5362 Dobr.
809 5297 836 5379 δ)
859 5302 1001 5364 Helenam
1030 5303 1109 5366 deest
1138 5303 1174 5364 br
1199 5301 1270 5363 eod.
1291 5299 1367 5363 Aut.
1406 5297 1433 5378 6)
1457 5303 1605 5362 exulatum
1631 5301 1704 5362 Ood.

1 5369 2 5404 ἶ
152 5404 242 5466 Βοιν.
283 5400 504 5477 ⁷)aseistsntda
526 5405 587 5465 Ed.
610 5405 705 5466 Dobr.
739 5403 834 5482 ⁸)svd
859 5404 931 5469 Occi.
954 5407 1046 5469 Rosr.
1079 5402 1227 5485 ’lterum
1250 5423 1365 5490 quoque
1388 5405 1448 5470 Ed.
1470 5405 1566 5471 Dobr.
1601 5403 1644 5484 ¹⁰)
1662 5406 1707 5468 illi

156 5505 224 5582 dod.
246 5509 341 5574 coer.
382 5504 424 5598 ¹¹)
445 5509 577 5594 palatino
600 5509 788 5572 cracoviensi
813 5508 885 5584 God.
907 5512 1001 5580 Rosa,
