4246 6274
416 529 467 605 54·
1029 553 1139 606 arnna
1166 553 1338 616 ouranos.
1698 531 1759 627 (Α.
1779 532 1824 610 Β.
1845 535 1951 628 aaa.)

413 737 546 835 inipso
581 759 661 814 suae
696 738 922 815 restitutionis
957 740 1067 816 limite
1101 741 1246 832 excidit,
1279 744 1315 816 et
1340 741 1524 818 temeritati
1551 743 1717 834 quondam
1745 765 1824 819 suae
1851 746 1885 819 et
1912 745 1949 819 in

413 859 611 936 exterminio
646 862 789 936 fratrum
809 861 852 957 ¹),
884 865 919 937 et
946 862 981 936 in
1007 863 1194 939 caecatione
1230 864 1323 939 Petri
1357 864 1440 939 Daci
1475 864 1614 939 domitis
1650 864 1862 940 Skrainensis
1888 889 1948 961 pa-

413 985 533 1075 tratas,
559 1005 682 1077 poenas
709 983 817 1059 iustos
843 984 945 1076 dedit,
966 988 1005 1060 ut
1023 985 1057 1060 in
1075 985 1178 1061 exilio
1200 988 1444 1077 contabescens,
1465 986 1643 1081 exulisque
1670 1009 1759 1064 more
1777 987 1813 1062 in
1831 989 1952 1064 alienis

414 1105 547 1182 sedibus
573 1108 788 1199 occumbens,
825 1129 932 1201 neque
958 1107 1127 1203 propriam
1154 1107 1321 1202 patriam,
1350 1108 1566 1204 propriosque
1592 1109 1805 1205 Principatus
1832 1114 1866 1185 et
1892 1135 1950 1206 pe-

414 1231 521 1321 nates,
550 1228 702 1320 quamuis
720 1227 933 1306 restitutione
950 1231 1120 1324 patefacta
1142 1231 1363 1326 contingeret,
1392 1231 1668 1322 quemadmodum
1686 1232 1827 1308 Iacobus
1844 1233 1951 1308 dnos-

415 1349 528 1444 nensis
554 1349 821 1446 archiepiscopus
848 1351 1004 1427 maiorem
1022 1351 1058 1426 in
1076 1354 1210 1427 modum
1236 1352 1308 1428 eius
1330 1351 1435 1428 ricem
1462 1353 1588 1445 dolens,
1608 1354 1720 1429 talem
1746 1375 1857 1430 rerum
1875 1377 1952 1430 sua·

413 1495 487 1547 rum
523 1471 576 1546 illi
610 1473 775 1548 oscinerat
794 1471 822 1569 ²)
856 1473 986 1549 exitum
1021 1477 1229 1550 euenturum.
1283 1477 1363 1550 Post
1398 1474 1492 1550 ouius
1529 1499 1547 1550 e
1582 1475 1654 1550 uita
1681 1497 1854 1552 excessum
1879 1479 1949 1553 tres

414 1594 498 1687 lilii,
526 1593 682 1670 uidelicet
707 1595 902 1687 Boleslaus,
931 1598 1138 1692 Mpeczslaus
1164 1599 1199 1672 et
1225 1597 1397 1673 (lunradus
1422 1594 1607 1692 Loripcsb
1634 1599 1676 1673 ab
1702 1621 1740 1673 eo
1766 1598 1887 1690 rolicti,
1916 1599 1952 1673 in

413 1716 586 1792 Poloniam
613 1716 719 1792 redire
746 1720 999 1811 cunctabantur,
1028 1719 1137 1822 veriti,
1166 1742 1207 1796 ne
1234 1743 1293 1815 pro
1321 1721 1459 1815 paterno
1488 1720 1632 1796 iocinore
1658 1721 1826 1816 apatruis
1851 1742 1954 1816 graue

415 1839 544 1933 aliquid
571 1839 606 1914 in
633 1839 711 1915 illos
738 1841 864 1916 consuli
880 1837 908 1936 ⁴)
934 1840 1141 1938 contigisset,
1170 1845 1208 1917 ut
1240 1866 1306 1918 non
1332 1842 1516 1939 inpetrem
1543 1843 1661 1935 solum,
1689 1843 1747 1918 sed
1762 1843 1789 1937 5)
1813 1842 1847 1917 in
1865 1843 1954 1918 tilios

415 1963 656 2038 diffunderetur
683 1963 817 2038 sceleris
844 1963 1007 2060 correptio
1021 1963 1061 2060 ⁶).
1089 1967 1170 2040 Esto
1184 1965 1224 2060 ⁷),
1253 1965 1393 2040 nonnuli
1420 1968 1583 2056 asserant,
1612 1965 1838 2042 Wladislamn
1856 1987 1952 2060 prae·

417 2087 525 2160 latum
560 2086 685 2160 Ducem
721 2084 757 2160 in
792 2086 964 2162 Poloniam
1000 2109 1074 2162 oum
1117 2087 1312 2184 pignoribus
1348 2091 1383 2163 et
1417 2087 1620 2182 supellectili
1657 2089 1738 2164 tuno
1773 2110 1953 2180 reuersum,

414 2208 482 2283 tria
507 2209 618 2284 castra
652 2208 869 2305 Imperatoris
904 2210 1094 2304 eurnptibus
1131 2212 1165 2284 et
1201 2209 1379 2306 suffragio,
1409 2209 1566 2286 uidelicet
1591 2209 1693 2286 Wlen
1713 2208 1764 2305 8),
1792 2209 1957 2285 Grotbeca

413 2333 449 2407 ot
475 2332 661 2428 Npempcne
675 2331 705 2426 9)
731 2331 934 2422 aedificasse,
963 2333 1156 2425 bellumque
1183 2332 1346 2408 iratribus
1373 2331 1551 2420 intulisse;
1581 2312 1638 2427 pro
1658 2355 1722 2425 quo
1740 2332 1956 2408 rescindendo

413 2454 493 2528 dum
519 2454 561 2530 ad
588 2454 790 2546 colloquium
817 2454 853 2528 in
880 2454 1006 2531 Plodek
1027 2453 1068 2549 ¹⁰)
1100 2477 1174 2531 oum
1209 2455 1371 2531 fratribus
1404 2453 1569 2548 uenisset,
1603 2477 1728 2530 ueneno
1763 2455 1955 2531 extinctum

415 2575 530 2652 fuisse.
1632 2567 1637 2576 ’

502 2943 677 3019 lrldericrr
704 2945 879 3038 laperator
905 2943 1117 3018 Mediolanum
1141 2946 1306 3037 oppugnat
1333 2947 1368 3018 et
1393 2943 1563 3019 boloniae
1589 2946 1708 3020 bacon
1731 2950 1873 3020 coronat

520 3187 710 3265 Pridoricus
736 3188 924 3284 Imperator
950 3209 1025 3264 oum
1051 3189 1086 3262 et
1112 3209 1155 3262 ox
1180 3185 1358 3280 almania,
1387 3186 1510 3280 Italia,
1539 3187 1717 3280 Bohemia,
1747 3188 1956 3282 caeterisque

417 3310 610 3387 nationibus
636 3312 671 3386 et
696 3309 888 3406 regionibus
925 3310 1135 3402 frequentem
1170 3309 1355 3386 exercitum
1391 3309 1591 3401 adunasset,
1627 3310 1791 3386 tricentos
1828 3333 1960 3405 quoque

418 3434 472 3508 illi
498 3435 633 3509 lanceae
660 3432 761 3525 viris,
799 3431 920 3524 armis,
958 3432 1118 3524 equisque
1145 3430 1316 3527 insignes,
1346 3453 1405 3526 per
1431 3433 1539 3507 Duces
1565 3431 1724 3508 Poloniae
1750 3434 1957 3525 Boleslaum,

418 3556 641 3654 Mpeozslaum
667 3557 702 3632 et
728 3555 921 3647 Henricum,
950 3553 1000 3629 ita
1025 3556 1066 3629 ut
1084 3553 1313 3648 unusquisque
1330 3555 1459 3629 Ducum
1486 3554 1715 3630 centenarium
1741 3555 1959 3651 expleret¹¹),

419 3679 454 3752 in
473 3679 631 3754 solatium
651 3677 693 3774 η)
720 3699 799 3753 suae
825 3679 941 3753 eontra
966 3676 1230 3752 Mediolanenses
1257 3676 1481 3771 expeditionis
1508 3676 1629 3752 missae
1646 3678 1783 3752 fuerant
1803 3675 1855 3772 18),
1884 3699 1960 3751 oum

419 3800 636 3876 validissimis
662 3801 777 3894 itaque
803 3787 992 3895 legionibus
1017 3798 1155 3874 Italiam
1182 3797 1354 3895 ingressus
1380 3798 1591 3874 Brixiensem
1617 3799 1763 3894 primum
1789 3798 1960 3894 regionem

419 3925 543 4016 uastat,
572 3921 690 3998 deinde
716 3921 941 3998 Mediolanum
976 3920 1124 3997 obsidere
1161 3942 1336 4017 agressus,
1374 3943 1447 3995 cum
1485 3921 1599 4016 plores
1627 3921 1700 3998 illic
1725 3920 1899 4017 Principes
1925 3922 1961 3997 et
1991 3968 1996 3984 ·

420 4045 547 4121 milites
580 4044 616 4119 in
641 4043 789 4120 ciuitatis
825 4043 1075 4140 oppugnatione
1112 4042 1301 4135 amisisset,
1338 4042 1640 4119 Mediolanensibus
1677 4043 1777 4118 uictis
1812 4042 1959 4139 petenti-

420 4170 482 4243 bus
501 4167 554 4262 Η),
582 4165 691 4243 rietus
712 4165 753 4261 16)
780 4169 815 4242 et
841 4166 912 4262 ipse
938 4165 1022 4260 a¹⁶)
1049 4165 1284 4256 misericordia,
1313 4187 1429 4261 paoem
1452 4165 1544 4240 dedit
1561 4165 1596 4240 et
1614 4165 1817 4242 obsidionem
1844 4165 1959 4256 solvit,

419 4289 634 4386 legionesque
652 4288 688 4363 in
707 4287 840 4384 propriu
865 4287 972 4364 redire
999 4287 1109 4362 iussit.
1139 4289 1204 4364 Sed
1229 4287 1493 4364 Mediolanenses
1519 4287 1609 4363 breui
1637 4290 1714 4382 post
1732 4287 1775 4383 ¹⁷)
1802 4287 1876 4362 dolo
1894 4287 1960 4379 usi,

421 4412 652 4487 iusiurandum
678 4411 877 4506 Imperatori
904 4409 1102 4506 praestitum
1130 4409 1365 4505 praevaricati,
1394 4431 1552 4506 magnam
1579 4412 1744 4505 stragem,
1773 4411 1885 4485 eastra
1910 4408 1962 4483 di·

420 4534 523 4610 tionis
549 4531 783 4628 imperatoriae
809 4532 1041 4625 conquirendo,
1070 4532 1237 4607 fallaciter
1263 4532 1449 4607 ediderunt.
1477 4531 1688 4607 Wladislans
1714 4534 1827 4607 autem
1851 4531 1962 4607 Bobe-

423 4656 507 4732 miae
534 4657 622 4747 Dux,
650 4655 770 4747 quiin
797 4655 1044 4750 expeditionem
1082 4653 1273 4729 huiusmodi
1308 4657 1424 4728 contra
1449 4653 1715 4729 Mediolanenses
1743 4655 1964 4750 personaliter
2102 4739 2103 4746 ἵ

422 4801 457 4854 ee
483 4777 681 4869 contulerat,
718 4776 753 4851 in
789 4777 841 4852 sui
877 4777 1001 4852 laboris
1033 4776 1217 4871 praemium
1244 4797 1264 4850 a
1290 4774 1459 4851 Priderioo
1487 4776 1693 4872 Imperatore
1720 4775 1755 4850 in
1781 4775 1964 4852 Bohemiae

529 5005 553 5085 ¹)
576 5024 692 5067 snorum
714 5005 835 5067 fratrum
862 5005 931 5068 Ood.
955 5005 1046 5066 Βονν.
1076 4961 1108 5083 Ι9)
1131 5011 1301 5066 narraverat
1323 5003 1380 5066 Ed.
1404 5005 1496 5065 Βοῦν.
1536 5000 1563 5081 ³)
1585 5004 1708 5084 Loripes¹
1730 5004 1882 5078 Principes
1905 5003 1964 5065 Ed.

423 5113 516 5174 Βοῦν.
548 5107 574 5190 ⁴)
590 5113 679 5172 statui
706 5107 775 5172 Ood.
799 5112 891 5172 Βοῦν.
917 5107 942 5190 ⁵)
958 5111 1010 5171 sed
1034 5111 1121 5170 etiam
1143 5111 1201 5171 Ed.
1224 5110 1319 5170 Βῦῦν.
1351 5105 1378 5187 ⁶)
1394 5109 1614 5170 animadversio.
1638 5109 1697 5169 Ed.
1720 5109 1814 5169 Βοῦν.
1849 5105 1964 5187 ⁷)Esto
2100 5095 2102 5138 ³

423 5217 501 5292 quod
527 5212 597 5277 Ood.
620 5215 710 5277 Roar.
742 5213 886 5294 ⁸)Welen
914 5213 976 5278 dou
998 5215 1090 5275 Βονν.
1122 5211 1151 5293 ⁹)
1174 5215 1310 5273 Nicmcze
1337 5211 1408 5274 θοοῦ.
1432 5213 1523 5273 Roar.
1555 5211 1965 5291 ιο)Ρ1ο(1οοο1ιΒοοῦ.ον“νον.

2099 5185 2101 5286 l

422 5323 532 5383 Ploolro
555 5322 614 5383 Ed.
635 5321 730 5382 Βοῦν.
771 5319 811 5398 ¹¹)
834 5323 965 5395 expleret
986 5337 1134 5380 nnmerum
1164 5319 1223 5378 Ed.
1246 5319 1340 5378 Βοῦν.
1384 5315 1423 5395 ῙΕ)
1446 5319 1584 5378 auxilinm
1610 5314 1679 5379 Coei.
1707 5319 1797 5379 Roar,
1838 5314 1879 5395 ¹⁸)
1901 5317 1964 5378 ine·
2099 5301 2101 5318 ⁴

423 5434 491 5488 rant
512 5427 588 5489 deest
609 5429 645 5488 ia
670 5425 740 5488 Geel.
765 5423 838 5486 Aac.
879 5421 919 5503 ¹⁴)
943 5431 972 5485 et
994 5442 1094 5499 pacem
1117 5425 1283 5499 petentibus
1310 5419 1380 5484 eoa.
1403 5425 1494 5485 Βοῦν.
1513 5419 1570 5502 .¹⁵)
1600 5425 1693 5488 victus
1717 5429 1762 5484 est
1785 5419 1845 5486 Ed.
1869 5423 1963 5485 Βοῦν.

430 5528 555 5616 1⁰)ipse
578 5531 759 5599 innataEd.
782 5531 874 5602 ΒοῦνἹ
921 5526 961 5618 ¹⁷)
983 5547 1050 5590 mox
1072 5535 1175 5618 postca
1201 5525 1271 5591 Οοοῦ.
1295 5529 1384 5598 Βονν.
1451 5553 1454 5562 v
