4246 6274
381 528 431 600 20
1002 544 1114 596 urens
1141 543 1314 605 domnus.
1675 521 1737 614 (Α.
1758 520 1803 594 Ι).
1823 522 1931 614 bea.)

380 735 533 806 futurum
560 753 633 806 esso
664 730 844 820 debuerat,
883 730 1068 823 praelium,
1097 730 1137 802 ut
1163 729 1339 804 deuoueret
1364 750 1400 804 ee
1428 728 1542 824 potius
1568 728 1648 804 telis
1673 727 1873 818 hostilibus,
1889 727 1933 802 ¹si

381 854 430 928 ita
456 873 528 928 sors
555 853 669 942 ferret,
699 873 801 942 quam
834 849 1044 925 miserationi
1080 851 1250 924 fraternae
1286 849 1421 944 saepius
1457 849 1585 943 potitae
1611 854 1647 924 et
1672 871 1845 942 nunquam
1872 852 1929 924 ob-

261 1019 265 1028 ·
381 976 515 1062 tentae,
553 973 654 1068 eaput
690 971 910 1047 obiecturum.
965 971 1043 1045 Una
1069 972 1105 1045 et
1131 969 1207 1064 ipsa
1242 969 1381 1061 tardior,
1419 993 1521 1061 qnam
1555 973 1690 1065 tempus
1726 971 1931 1064 postulabat,

381 1094 542 1170 euadendi
570 1115 648 1187 spes
673 1095 759 1184 erat,
788 1093 817 1166 si
844 1091 983 1167 hiberno
1010 1093 1160 1185 ternpore
1186 1091 1420 1182 subveniente,
1449 1091 1534 1166 solvi
1560 1091 1720 1166 hostilem
1747 1091 1933 1166 exereitum

383 1215 497 1309 inopia
523 1215 723 1308 pabulorum
750 1215 785 1288 ot
812 1211 1011 1307 intemperie
1046 1211 1167 1287 hiemis
1203 1211 1434 1306 contingeret:
1479 1212 1539 1286 sed
1574 1210 1712 1288 interim
1740 1213 1933 1305 quoquest

383 1336 472 1430 apud
499 1357 535 1410 se
561 1337 743 1410 nosoebant
769 1335 927 1410 defutura
953 1333 1128 1408 alimenta.
1156 1335 1225 1408 Res
1253 1334 1367 1426 itaque
1394 1355 1473 1408 suae
1500 1333 1651 1408 uidentes
1677 1333 1720 1408 ad
1745 1335 1935 1408 extremum

382 1457 514 1547 uersas,
543 1459 640 1531 noote
666 1458 702 1530 et
727 1455 876 1531 interdiu
903 1477 1002 1528 snum
1036 1454 1181 1530 exitium
1216 1453 1454 1546 metiebantur,
1483 1457 1519 1530 et
1544 1456 1713 1530 oresoebat
1739 1453 1872 1528 assidue
1899 1453 1935 1528 in

384 1578 595 1671 singulorum
622 1576 813 1670 peotoribus
840 1576 1050 1671 desperatio:
1095 1575 1253 1669 quoniam
1279 1576 1377 1650 nulla
1405 1575 1492 1651 ratio
1520 1575 1735 1650 tolerantiam
1762 1573 1937 1669 amplioris

384 1698 577 1789 obsidionis,
605 1698 684 1772 dum
712 1699 808 1772 nulla
834 1699 979 1772 ventura
1005 1696 1137 1772 auxilia
1164 1697 1343 1791 expectare
1369 1698 1422 1771 ias
1448 1698 1534 1787 erat,
1562 1698 1734 1771 afferebat.
1763 1695 1937 1790 Gomplexi

385 1820 505 1896 deinde
531 1840 568 1894 se
594 1818 736 1894 inuioem
763 1818 986 1894 certissimum
1025 1817 1185 1893 moriendi
1219 1817 1447 1912 propositum,
1476 1817 1567 1892 datis
1593 1817 1743 1908 dextris,
1772 1815 1938 1908 laetisque

388 1940 521 2030 osonliS,
551 1961 652 2032 quam
680 1938 827 2034 primum
853 1938 980 2014 occasio
1008 1939 1148 2029 suberit,
1177 1940 1366 2013 assumunt.
1420 1939 1540 2013 Crebro
1567 1938 1683 2029 itaque
1710 1937 1745 2012 in
1772 1937 1937 2012 stationes

275 2121 278 2130 .
385 2063 527 2136 hostiles
554 2063 590 2136 et
616 2061 652 2134 iu
679 2083 779 2156 opera
806 2059 1007 2150 insilientes,
1036 2081 1193 2155 magnam
1220 2062 1370 2154 stragem
1397 2059 1592 2134 oonheiunt.
1620 2060 1685 2134 Sed
1706 2059 1787 2132 dunr
1804 2061 1846 2133 ob
1863 2081 1937 2134 earn

385 2177 456 2258 rom
483 2182 632 2256 militum
660 2203 820 2256 nurnerus
846 2205 906 2276 pro
933 2181 1069 2256 tuendis
1105 2180 1262 2274 oporibus
1297 2180 1538 2274 duplicaretur,
1572 2181 1780 2256 obsessorum
1807 2178 1937 2254 Prinoi-

387 2327 467 2398 pum
495 2302 622 2378 milites
650 2324 709 2396 per
735 2301 943 2396 multiplices
977 2301 1117 2376 insidias
1153 2301 1307 2376 inoautos
1344 2301 1576 2397 intercipiunt.
1631 2301 1773 2396 Saepius
1807 2321 1939 2393 quoque

387 2423 570 2500 mrtamine
599 2422 873 2514 interutrosque
899 2445 1047 2513 aooenso,
1077 2421 1257 2498 mirifioum
1284 2422 1451 2516 praelium
1476 2423 1698 2516 sequebatur;
1743 2422 1859 2516 plmes
1886 2423 1938 2495 ta-

389 2568 464 2620 men
492 2545 532 2620 de
559 2543 710 2620 exorbito
733 2543 914 2620 Wladislai
933 2543 1035 2619 Duois
1053 2545 1114 2618 aut
1132 2543 1234 2638 eapti,
1263 2546 1324 2618 aut
1351 2543 1461 2635 oeeisi,
1490 2543 1640 2635 quotidie
1667 2544 1938 2634 suooumbobant,

389 2667 425 2740 in
452 2667 630 2740 Ruthonos
657 2667 771 2742 tamen
798 2665 914 2756 maior,
943 2668 1045 2758 quani
1071 2687 1131 2760 pro
1159 2687 1307 2755 numero,
1336 2664 1373 2738 in
1391 2663 1682 2760 eongressionibus
1708 2666 1744 2738 ot
1769 2662 1939 2740 extorsio-

389 2789 488 2862 nibus
522 2786 715 2862 huiusmodi
751 2786 867 2862 oaedes
902 2786 1074 2862 edebatur.
1129 2786 1289 2860 Pluribus
1325 2774 1443 2861 deinde
1470 2786 1586 2861 diebus
1613 2787 1655 2860 ab
1682 2784 1826 2860 obsessis
1853 2784 1941 2858 nihil

390 2909 604 2998 morabatur,
641 2906 882 3003 Prinoipesque
913 2908 1037 2984 obsessi
1073 2929 1151 2984 suos
1186 2929 1301 2984 omnes
1324 2906 1427 3001 ¹intra
1461 2928 1572 2983 aroem
1598 2905 1836 2996 oontioehant,
1865 2927 1942 2982 oum

389 3027 576 3106 lacessendi
604 3027 735 3123 magis,
773 3052 874 3122 quam
910 3027 1099 3105 sustinendi
1131 3030 1246 3104 hostes
1272 3028 1403 3104 levibus
1429 3027 1669 3104 oertaminibus
1696 3026 1942 3122 experientiam

391 3150 610 3245 aooepissent,
643 3149 741 3224 nulla
767 3153 864 3244 parte
890 3149 1013 3226 virium
1048 3150 1202 3224 hostibus
1239 3171 1349 3246 pares.
1389 3149 1522 3245 Dilapsi
1548 3151 1584 3226 et
1603 3148 1627 3243 ¹)
1653 3171 1696 3224 ex
1723 3147 1941 3237 stationibus,

391 3271 607 3364 custodiaque
634 3275 770 3364 dperum
785 3271 814 3365 ²)
841 3270 1023 3346 Wladislai
1059 3270 1206 3361 milites,
1244 3273 1423 3366 postquam
1448 3273 1491 3346 ab
1517 3270 1661 3346 obsessis
1688 3269 1783 3364 eopia
1810 3291 1943 3364 pugnae

392 3416 458 3466 non
477 3391 584 3482 fieret,
613 3413 752 3486 eorpora
777 3393 952 3482 ourahant,
978 3393 1039 3466 aut
1056 3392 1167 3483 luxui,
1188 3391 1411 3483 ebrietatique
1438 3415 1574 3486 operam
1600 3392 1736 3481 dabant,
1765 3389 1944 3482 omniaque

394 3515 429 3588 in
455 3511 578 3587 eastris
601 3511 795 3602 Wladislai,
825 3511 920 3604 quasi
947 3511 1029 3587 vioti
1048 3515 1083 3588 et
1100 3513 1290 3607 expugnati
1317 3513 1430 3588 hostes
1457 3515 1579 3603 forent,
1609 3511 1790 3605 solatiora;
1819 3513 1945 3587 fractos

393 3634 587 3725 quoquest
614 3632 736 3706 ultima
762 3633 995 3728 desperatione
1022 3633 1186 3727 'fatigatos
1213 3633 1397 3728 Prinoipes,
1426 3634 1633 3724 Boloslaum,
1662 3633 1888 3729 hlyeonslaum
1910 3635 1946 3708 et

394 3753 589 3844 Henrioum,
618 3776 739 3846 eosque
766 3753 824 3847 qui
851 3777 919 3828 una
945 3777 1058 3830 seeum
1085 3754 1333 3845 obsidebantur,
1362 3756 1468 3845 ratus,
1502 3755 1614 3830 laetus
1640 3757 1676 3830 et
1702 3754 1946 3849 gloriabundus

394 3875 600 3950 deditionem
626 3897 741 3948 eornm
767 3875 979 3950 Wladislaue
1005 3877 1082 3950 Dux
1109 3875 1331 3970 operiebatur.
1372 3876 1593 3970 Contemptus
1629 3875 1749 3950 deinde
1784 3875 1945 3964 hostium,

396 3999 473 4091 poet
499 3994 711 4089 negligentia
746 3995 782 4068 in
818 3996 970 4072 exereitu
997 3996 1200 4086 Wladislai,
1239 3997 1333 4071 uelut
1368 4019 1388 4070 a
1422 4019 1459 4070 re
1494 4019 1652 4092 prospere
1689 3997 1886 4072 sueoedonte
1912 3999 1948 4072 et
2019 4011 2033 4024 “

395 4138 599 4206 suooessura,
627 4115 743 4190 haberi
771 4121 888 4211 eoepta
914 4117 1048 4211 sonti).
1076 4117 1197 4192 Pauois
1224 4117 1266 4191 ad
1289 4116 1453 4193 stationes
1472 4120 1508 4192 et
1526 4140 1626 4212 opero
1653 4117 1793 4208 relictis,
1822 4117 1947 4192 eaeteri

396 4261 431 4313 se
458 4237 493 4310 iu
521 4236 614 4310 varia
642 4237 714 4312 loea
741 4241 954 4332 sparserant,
992 4237 1144 4333 plerique
1172 4237 1207 4311 in
1234 4237 1409 4314 lastiniam
1436 4239 1638 4333 explendam
1666 4238 1842 4329 abierant,
1869 4259 1948 4332 pare

396 4360 457 4433 aut
483 4357 562 4430 ludo
588 4359 650 4431 aut
677 4359 910 4434 comessationi
946 4361 1107 4448 vacabat,
1148 4358 1284 4451 quidam
1322 4359 1514 4434 hesternam
1550 4361 1742 4436 errrotantes
1776 4360 1948 4453 crapulam

396 4500 510 4553 somno
538 4477 637 4550 strati
665 4478 820 4553 iaoebant
846 4479 1001 4570 inermes,
1030 4479 1225 4568 inordinati,
1244 4481 1293 4552 ‘ut
1322 4479 1444 4571 quibus
1471 4480 1564 4555 velot
1589 4503 1648 4574 pro
1667 4481 1835 4575 eornperto
1862 4481 1947 4570 erat,

398 4603 547 4674 obsessos
574 4599 615 4672 de
642 4600 772 4674 eaetero
808 4600 896 4673 nihil
932 4601 1057 4676 hostile
1092 4602 1253 4674 moturos.
1308 4599 1377 4674 Ubi
1404 4600 1490 4674 satis
1516 4600 1691 4696 Prinoipos
1717 4597 1843 4676 obsessi
1870 4623 1948 4676 oon·

397 4722 566 4815 temptum
594 4719 647 4792 sui
673 4719 832 4795 viderunt
859 4722 948 4816 apud
975 4721 1204 4796 Wladislaurn
1232 4723 1267 4795 et
1294 4720 1429 4808 milites,
1448 4721 1521 4797 eius
1548 4721 1731 4813 insedisse,
1759 4721 1950 4812 seireutque

398 4865 441 4916 ex
467 4840 614 4935 eaptiris
642 4842 676 4914 et
703 4842 857 4936 profugis
884 4841 1134 4936 negligentiora
1161 4840 1273 4916 omnia
1300 4842 1390 4938 apud
1417 4843 1532 4917 hostes
1559 4865 1643 4934 esse,
1672 4865 1765 4917 arma
1791 4864 1867 4918 suos
1894 4865 1949 4918 oa·

398 4985 488 5058 pere,
517 4963 754 5055 fonnnanquo
780 4965 913 5038 tentare
940 4963 1068 5052 iubent,
1097 4961 1278 5057 gloriosius
1304 4963 1480 5054 aliquanto
1505 4964 1539 5037 in
1560 4985 1674 5059 pugna
1700 4963 1848 5039 aduersis
1875 4963 1950 5037 vnl-

399 5083 547 5174 neribue,
576 5105 678 5176 quam
705 5083 739 5156 in
768 5105 843 5159 aroe
870 5085 959 5158 famo
986 5085 1021 5158 et
1047 5083 1161 5157 inedia
1188 5083 1301 5174 strati,
1331 5083 1498 5158 morituri.
1539 5085 1702 5159 Omnibus
1728 5087 1799 5159 tam
1826 5084 1951 5176 equiti-

509 5355 535 5442 1)
557 5359 673 5436 Dilapsi
702 5361 803 5422 hostes
836 5361 906 5425 Cod.
929 5363 1022 5426 Roar.
1066 5359 1095 5440 ⁹)
1118 5343 1238 5442 operum
1269 5379 1303 5426 so
1334 5364 1444 5428 caeteri
1471 5361 1541 5427 ooo.
1564 5363 1657 5427 Roer.
1702 5359 1730 5446 ³)
1752 5369 1874 5443 coeptas
1898 5367 1952 5428 est,

405 5460 477 5530 Gon.
502 5465 595 5529 Rosr.
