4140 6298
399 505 473 580 288
1002 527 1115 579 arnna
1142 525 1337 580 sarsurus.
1483 479 1489 492 ’
1662 502 1732 604 (Α.
1752 504 1798 581 D.
1818 505 1947 602 1242.)

398 711 576 808 Karimiri,
604 711 664 806 qui
690 710 727 787 in
745 733 860 788 omnes
886 711 1117 808 expeditiones
1148 735 1224 789 cum
1251 734 1314 788 sue
1339 713 1441 809 gente
1468 734 1544 788 oum
1571 703 1752 790 (trucidaris
1778 713 1862 807 ibat,
1890 737 1947 791 ae·

400 834 565 929 dificasse,
593 837 629 910 et
655 833 858 930 primoribus
894 835 1144 912 Pruthonorum
1180 835 1322 928 deletis,
1358 835 1506 929 reliquos
1533 836 1734 912 -Pruthenos
1769 837 1813 912 ad
1840 835 1948 912 sueci-

398 957 559 1053 piendunn
595 957 768 1033 lavacrum
803 957 1070 1054 regenerationis
1107 959 1143 1034 et
1176 957 1337 1053 baptismi
1373 957 1532 1054 coegisse,
1570 959 1785 1036 uehementer
1820 959 1950 1035 sibiet

398 1079 545 1154 Ducatui
573 1101 633 1155 suo
659 1079 877 1156 Pomeraniae
904 1102 965 1176 per
991 1079 1207 1176 tyrannidem
1234 1081 1270 1155 et
1296 1080 1410 1155 dolum
1441 1082 1614 1177 occupato,
1651 1105 1693 1158 ne
1720 1083 1755 1157 et
1781 1081 1855 1177 ipse
1881 1081 1949 1156 ali·

398 1203 531 1295 quando
558 1201 619 1278 illo
648 1225 707 1299 por
734 1202 923 1280 druciferos
949 1204 1140 1296 exueretur,
1169 1201 1289 1279 timere
1316 1203 1437 1298 eoepit,
1476 1205 1512 1278 et
1538 1203 1657 1278 multis
1684 1203 1949 1300 cogitationibus

397 1326 541 1402 rexatus
568 1327 604 1401 et
630 1325 817 1418 (lisinnias,
854 1325 1027 1402 adversari
1053 1325 1300 1402 Graniferorum
1327 1325 1492 1420 profectui
1520 1327 1556 1401 et
1581 1325 1758 1418 fortunae,
1786 1325 1867 1400 dum
1894 1327 1949 1401 to·

397 1469 499 1524 merae
526 1447 636 1523 adhuc
662 1449 776 1524 essent
803 1469 918 1523 eorum
944 1447 1044 1540 vires,
1073 1447 1265 1523 constituit.
1293 1449 1339 1522 Et
1366 1470 1431 1540 quo
1458 1447 1493 1522 id
1516 1446 1652 1522 facilius
1678 1447 1845 1540 conficiat,
1875 1469 1949 1523 om·

362 1581 364 1584 ’
396 1591 457 1646 nes
483 1571 732 1647 Pruthenorum
759 1569 924 1662 nationes,
952 1570 1024 1645 tam
1051 1571 1239 1666 neophytas
1251 1570 1287 1664 ¹),
1315 1591 1418 1662 quam
1444 1569 1642 1645 idololatras
1669 1570 1713 1645 ad
1739 1591 1839 1644 suum
1866 1592 1947 1665 pro·

398 1690 548 1786 positum
574 1691 730 1784 inclinat,
758 1691 1013 1786 baptisatosque
1040 1691 1129 1766 ritus
1156 1691 1303 1767 nefarios
1330 1711 1498 1767 resumere
1525 1690 1669 1767 inducit.
1696 1692 1840 1786 Propter
1858 1691 1950 1784 quod

397 1837 464 1889 uno
491 1813 545 1888 die
572 1836 687 1890 omnes
714 1812 877 1909 neophyti
904 1813 948 1888 ad
974 1813 1201 1889 idololatriam
1228 1812 1365 1906 reuersi,
1394 1814 1465 1918 tam
1483 1813 1627 1889 Polonoe
1654 1835 1755 1907 quam
1782 1811 1949 1888 Almanos

397 1937 432 2011 et
459 1935 629 2027 quoslibet
664 1934 856 2010 catholicos
883 1934 919 2009 in
949 1934 1088 2010 Prussia
1123 1935 1355 2028 demorantes,
1393 1934 1530 2011 iubente
1557 1936 1858 2030 Swantopolkone,
1886 1959 1948 2010 ne-

397 2057 483 2132 farie
509 2057 759 2150 exterminant,
797 2058 832 2134 et
860 2059 976 2153 strage
1012 2057 1198 2138 miserabili
1229 2056 1340 2148 edita,
1378 2057 1492 2133 omnia
1527 2060 1639 2133 castra
1664 2059 1699 2134 et
1727 2058 1947 2150 munitiones,

396 2181 532 2274 praeter
559 2181 705 2275 Balgam
732 2180 767 2255 ot
793 2178 934 2274 Elbing‚
963 2201 1049 2271 quae
1075 2177 1240 2254 druoiferi
1266 2177 1537 2272 aedificaverant,
1573 2179 1764 2255 interfectis
1791 2174 1972 2257 detonso-'

396 2300 502 2394 ribus,
539 2301 754 2396 conquirunt,
792 2323 831 2376 ao
857 2302 984 2377 Ducem
1019 2301 1334 2395 Suantopelkonem
1361 2301 1398 2374 in
1424 2303 1550 2377 Ducem
1585 2302 1621 2376 et
1647 2300 1819 2378 dominam
1846 2323 1947 2377 assu·

397 2425 506 2515 munt,
535 2423 766 2520 astringentes
784 2445 820 2498 se
838 2423 902 2498 sibi
920 2423 957 2498 in
976 2422 1142 2516 omnibus,
1171 2445 1399 2517 quaecumque
1417 2423 1559 2515 iuberet,
1588 2423 1769 2518 parituros.
1802 2425 1949 2501 Obsessa

253 2622 260 2630 ,
396 2545 512 2640 itaque
530 2547 628 2621 erant
654 2547 690 2623 et
716 2545 892 2622 terrestria
918 2548 953 2621 et
979 2545 1139 2641 aquatica
1165 2567 1268 2641 supra
1293 2545 1440 2621 Wislam
1467 2567 1528 2640 per
1545 2545 1860 2640 Suantopellronem
1885 2545 1947 2620 iti·

396 2690 489 2762 nera,
518 2670 553 2744 ot
579 2691 693 2745 omnes
719 2668 948 2760 transeuntes,
976 2667 1012 2741 hi
1040 2667 1241 2762 praesertim
1268 2668 1326 2761 qui
1353 2666 1493 2744 ditionis
1519 2667 1764 2744 cruciferorum
1790 2671 1890 2744 erant
1904 2667 1945 2763 ²),

396 2792 458 2866 aut
483 2778 742 2866 trucidabantur
768 2792 829 2867 aut
855 2789 1126 2886 captivabantur.
1154 2791 1201 2865 Et
1218 2789 1300 2866 licet
1326 2790 1469 2865 nuntius
1495 2789 1703 2885 apostolicus
1729 2789 1946 2867 duilhelmns

395 2912 574 3010 episcopua
599 2911 814 3006 Mutinensis,
843 2935 904 3009 per
929 2911 1167 2988 Innocentium
1194 2914 1354 3004 quartum
1381 2913 1423 2986 ad
1449 2912 1634 2987 sedandum
1660 2911 1853 2988 huiusmodi
1872 2935 1944 2988 ma-

396 3035 469 3111 lum
496 3033 631 3129 missus,
669 3036 873 3112 auctoritate
898 3033 1086 3130 apostolica
1121 3035 1435 3130 suantopelkonem
1461 3034 1586 3110 crebris
1612 3033 1724 3109 litoris
1750 3037 1787 3109 et
1812 3034 1945 3110 nuntiis

397 3156 595 3250 monuisset,
624 3159 791 3252 quatenus
816 3159 888 3232 tam
915 3157 1105 3234 execrabile
1131 3159 1284 3252 coeptum
1305 3157 1493 3246 omitteret;
1521 3158 1580 3232 sed
1606 3157 1667 3233 ille
1693 3157 1812 3233 maiori
1838 3157 1945 3232 obsti·

395 3279 491 3356 natia
517 3280 659 3356 indutus
674 3277 712 3376 ³),
743 3303 819 3356 cum
845 3279 997 3356 exercitu
1015 3279 1232 3356 Pomeraniae
1258 3282 1293 3356 et
1319 3279 1523 3356 Pruthenioo
1550 3279 1587 3355 in
1613 3281 1740 3355 terram
1766 3281 1943 3357 (tholmon-

396 3424 466 3479 sem
493 3402 686 3495 adueniens,
723 3425 855 3479 omnem
881 3401 962 3498 igne
988 3403 1024 3478 et
1050 3401 1170 3496 spoliis
1201 3403 1361 3492 vastarit,
1399 3404 1434 3476 et
1461 3403 1605 3496 quatuor
1630 3403 1743 3478 millia
1769 3403 1943 3479 hominum

395 3527 457 3601 aut
482 3525 598 3622 gladio
625 3525 778 3602 extinxit
804 3526 865 3601 aut
892 3523 994 3620 oepit,
1021 3523 1175 3618 nihilque
1201 3524 1353 3600 interra
1379 3525 1570 3600 Ohelmensi
1597 3525 1781 3621 integrum,
1810 3528 1944 3622 praeter

394 3647 465 3724 tria
491 3651 615 3742 castra,
644 3649 793 3740 Thorun,
830 3643 948 3724 Obelni
976 3648 1011 3723 et
1037 3646 1180 3722 Radaim
1194 3646 1233 3742 ⁴),
1271 3670 1357 3742 quae
1384 3647 1579 3740 conquirere
1614 3671 1682 3722 non
1709 3647 1832 3743 potuit,
1861 3648 1943 3724 reli·

395 3770 482 3862 quit.
510 3772 576 3846 Pro
603 3770 718 3847 eodem
744 3771 883 3866 insuper
909 3771 1070 3865 tompore,
1098 3793 1159 3864 per
1177 3771 1368 3864 praefatum
1395 3769 1627 3846 Guilholmum
1649 3769 1841 3866 episcopum
1868 3773 1943 3845 Mu-

394 3892 563 3969 tinensem
599 3892 672 3987 (qui
708 3894 825 3988 postea
851 3891 888 3966 in
916 3893 1090 3966 Summum
1126 3891 1324 3968 Pontificem
1359 3893 1533 3987 promotus
1570 3892 1765 3969 Alexander
1799 3896 1944 3984 quartus

393 4015 647 4110 nominabatur)
673 4013 866 4090 universam
891 4015 1019 4090 terram
1050 4014 1209 4090 Prussiae
1236 4014 1271 4088 in
1298 4016 1369 4090 tres
1395 4014 1621 4110 episcopatus,
1658 4014 1815 4092 videlieet
1841 4015 1942 4091 War-

393 4136 567 4230 miensem,
604 4137 837 4213 Zambiensem
863 4137 899 4212 et
926 4135 1221 4212 Pomeraniensem
1245 4135 1430 4211 distinxit.
1474 4138 1643 4212 Numerus
1673 4136 1942 4212 Christianorum

393 4259 721 4354 aSuantopellrone
755 4259 847 4334 Duce
882 4257 1100 4334 Pomeraniae
1127 4260 1163 4332 et
1189 4257 1261 4332 suis
1287 4258 1543 4334 interfectorum
1578 4258 1638 4334 rix
1669 4261 1803 4353 poterat
1838 4258 1940 4334 aesti-

394 4381 493 4456 mari.
539 4382 661 4473 Itaque
688 4383 751 4462 sub
777 4380 927 4456 eiusdem
963 4379 1044 4454 anni
1079 4379 1190 4475 spatio
1224 4381 1260 4456 et
1286 4380 1485 4456 Thartarica
1519 4383 1555 4456 et
1589 4381 1795 4456 Pruthenica
1830 4381 1942 4456 clades

394 4504 609 4597 provenerat:
646 4505 682 4578 et
708 4503 797 4594 quod
824 4502 1012 4578 Thartarus
1039 4502 1209 4598 attingere
1236 4525 1303 4578 non
1330 4503 1454 4598 potuit,
1482 4503 1677 4578 Pmthenns
1699 4503 1836 4578 delerit.

746 4868 888 4944 lotarie
915 4887 935 4943 e
960 4869 1120 4945 triderioo
1147 4873 1233 4944 bueo
1258 4870 1406 4944 lustriae
1431 4873 1592 4946 restatur.

494 5109 573 5185 Dux
599 5109 759 5186 Austriae
785 5110 977 5187 Fridericus
1004 5109 1199 5188 districtum
1227 5113 1466 5209 Snoymensem
1483 5111 1512 5206 ⁶)
1549 5133 1624 5187 cum
1652 5111 1763 5188 ualido
1789 5111 1943 5190 exercitu

500 5387 525 5475 ἶ)
548 5393 717 5468 theophltes
748 5389 819 5453 Ood.
842 5391 936 5453 Beer.
976 5389 1126 5468 bessem
1159 5391 1230 5453 Cod.
1253 5393 1346 5452 Roar.
1386 5389 1572 5470 ³)induotus
1600 5389 1672 5452 Uod.
1694 5391 1787 5454 Reor.
1827 5387 1856 5470 ⁴)
1877 5391 1937 5469 Ka·

390 5494 458 5558 dzin
481 5497 543 5560 Ed.
567 5497 655 5572 Lipa.
696 5492 722 5574 ⁵)
745 5496 935 5557 Smimensem
962 5492 1034 5572 (lod.
1056 5497 1151 5557 Roar.
