4208 6282
408 557 456 630 9¹2
1029 579 1140 630 urens
1166 577 1317 631 sexsus,
1688 529 1748 651 (Α.
1769 555 1814 650 D.
1835 545 1940 651 oro.)

507 765 782 842 Pronuntiatione
809 765 998 841 sententiae
1034 765 1211 841 decisoriae
1238 765 1409 841 matronae
1435 767 1573 858 querela
1599 767 1764 858 absoluta,
1806 765 1939 843 seleon

405 889 669 966 Oraooviensium
696 887 848 984 pontifex
868 889 891 983 ¹)
918 888 1048 982 Spiritu
1075 889 1186 963 divino
1213 887 1384 984 impletus,
1412 910 1611 984 assurgens:
1641 891 1784 980 Iustum,
1813 889 1937 983 inquit,

397 1001 564 1108 ¹Princeps
591 1011 880 1103 excellentissime,
918 1010 1048 1088 divinae
1074 1013 1110 1086 et
1135 1012 1298 1086 humanae
1335 1033 1519 1106 congruens
1554 1011 1624 1106 legi
1651 1011 1824 1106 protulisti
1851 1012 1950 1086 iudi-¹

406 1135 504 1226 cium,
533 1138 567 1210 et
594 1135 821 1229 quaestionem
848 1133 1005 1208 nodosam
1032 1155 1138 1226 aequa
1163 1135 1318 1228 reamque
1345 1133 1509 1209 decisione
1543 1133 1730 1208 absolvisti.
1775 1135 1839 1209 Sed
1866 1137 1940 1209 tum

407 1261 539 1334 demum
565 1259 625 1332 tua
643 1259 724 1332 'rata
751 1257 899 1332 manebit
929 1255 1061 1348 decisio,
1090 1255 1119 1330 si
1146 1259 1181 1330 te
1208 1255 1329 1350 ipsum,
1366 1255 1461 1331 velut
1496 1278 1622 1350 aequus
1656 1255 1841 1352 legislator,
1870 1256 1939 1352 pri·

408 1403 498 1454 mum
525 1403 565 1455 eu
590 1379 838 1471 constrinxeris,
876 1401 974 1473 quem
1000 1377 1070 1453 suis
1096 1377 1278 1468 effectione,
1315 1389 1439 1472 suoque
1465 1377 1655 1474 significato
1669 1378 1697 1474 2)
1723 1377 1853 1454 videtur
1879 1402 1939 1454 ex·

374 1576 376 1579 ,
407 1501 577 1598 pressisse,
606 1504 640 1576 et
667 1503 708 1576 ad
734 1503 769 1575 te
796 1523 900 1576 unum
918 1499 1186 1592 convincendum,
1202 1489 1514 1592 ¹emendandumque
1532 1505 1604 1576 arte
1627 1524 1701 1576 moa
1717 1498 1940 1594 fabrefacta&

408 1647 492 1716 esse,
521 1624 608 1717 quod
634 1622 768 1717 quidem
794 1623 935 1698 abducto
970 1623 1043 1698 velo
1076 1621 1174 1696 facile
1201 1621 1326 1717 poteris
1361 1621 1520 1717 accipere.
1566 1625 1640 1698 Non
1667 1622 1825 1718 vigilanti
1851 1621 1940 1698 enirn

408 1747 472 1822 tibi
499 1749 599 1840 atque
625 1745 744 1841 sopito,
773 1747 868 1821 nocte
895 1747 997 1840 atquo
1022 1745 1169 1821 interdiu
1200 1746 1399 1820 Polonorum
1425 1767 1479 1821 res
1506 1745 1639 1841 publica
1665 1745 1818 1835 occurrit,
1846 1744 1941 1820 ouius

398 1879 483 1944 'cum
510 1869 663 1960 nitorem,
692 1868 882 1943 libertatern
910 1871 945 1942 et
971 1867 1226 1963 amplitudinem
1255 1889 1430 1962 procurare
1457 1869 1627 1959 debueras,
1656 1867 1769 1963 egisti,
1797 1871 1836 1943 ιι
1852 1871 1942 1944 esset

408 1991 508 2065 vidua
534 1991 642 2084 inops
670 2012 765 2066 serva
791 1989 912 2065 misera
937 1993 972 2065 et
998 2012 1082 2085 pene
1109 1989 1251 2085 captiva.
1278 1991 1371 2065 Haeo
1389 1989 1551 2082 siquidem
1571 1986 1722 2065 matrona
1743 1991 1941 2066 Polonorum

397 2113 579 2208 ¹provincia
605 2115 667 2203 ost,
695 2111 853 2208 regimini
880 2114 938 2186 tuo
965 2111 1150 2187 commissa.
1178 2113 1239 2204 Tu,
1260 2113 1348 2204 quod
1366 2111 1508 2186 inficiari
1531 2136 1596 2188 non
1614 2114 1719 2207 polee,
1748 2111 1940 2202 filiuseius:

408 2237 581 2310 balantum
608 2257 703 2330 grex,
732 2234 908 2310 Polonious
932 2235 1087 2330 populus,
1125 2233 1177 2310 cui
1204 2235 1367 2329 pascendo
1402 2233 1514 2310 hostes
1549 2237 1583 2310 et
1609 2235 1839 2326 mercenarios,
1876 2259 1942 2311 non

408 2358 580 2448 sollicitos,
616 2358 860 2452 clamantesque
876 2358 904 2452 ό)
931 2359 1091 2452 pastores,
1120 2357 1332 2453 praefecisti:
1368 2379 1411 2432 ox
1447 2380 1511 2450 quo
1542 2381 1612 2446 ‚non
1648 2357 1813 2433 immerito
1844 2357 1940 2432 filioli
2018 2374 2031 2396 “

409 2479 542 2555 nomine
569 2481 738 2575 abrogato,
776 2479 952 2576 privignus
978 2479 1121 2555 infestus
1147 2479 1248 2554 huius
1275 2481 1456 2571 matronae,
1494 2481 1670 2575 postquam
1698 2483 1732 2555 te
1758 2479 1852 2554 illius
1879 2479 1940 2554 mi·

395 2602 562 2678 ¹serebilis
588 2604 623 2677 et
649 2602 863 2678 calamitosae
890 2601 1090 2677 conditionis
1117 2601 1214 2678 iuxta
1250 2605 1350 2695 utque
1381 2621 1549 2695 novercae,
1587 2626 1653 2678 non
1680 2602 1826 2692 miseret,
1853 2602 1939 2678 voci-

408 2724 505 2800 taris.
548 2725 673 2800 Sedet
699 2746 796 2800 canes
822 2724 965 2824 rabidos,
1003 2724 1173 2817 officiales
1202 2725 1388 2820 praefectos
1413 2727 1448 2801 st
1474 2727 1645 2801 exactores
1672 2729 1759 2816 tuos,
1787 2724 1942 2800 licentiae

408 2850 524 2922 fraeno
550 2847 676 2938 lanato,
704 2849 828 2940 tuoque
854 2847 947 2922 iussu
975 2851 1010 2922 et
1036 2847 1302 2924 dissimulatione
1317 2847 1479 2944 disrupto,
1508 2847 1661 2924 omnibus
1679 2848 1939 2944 oppressionum,

316 3057 319 3064 ,
410 2970 676 3062 mulctarumque
694 2968 871 3068 generibus
889 2968 973 3043 sinis
999 2967 1204 3061 debacchari,
1233 2992 1374 3062 quorum
1400 2969 1504 3044 atroci
1531 2973 1566 3045 et
1592 2969 1694 3065 impio
1721 2991 1833 3044 morsu
1859 2992 1943 3064 grex

397 3091 567 3190 ¹innocens
593 3090 705 3186 periit,
733 3093 768 3167 st
793 3092 888 3165 tuem
928 3091 1153 3167 defensionem
1188 3091 1409 3186 nequicquam
1445 3091 1639 3187 implorans,
1672 3091 1708 3166 in
1734 3091 1941 3183 horrendam,

397 3215 444 3288 'te
471 3213 690 3309 inspectante,
728 3214 935 3309 pertrahitur
970 3214 1219 3290 calamitatem:
1258 3236 1333 3290 oum
1359 3216 1530 3292 exactores
1556 3213 1837 3290 truculentissimi
1864 3201 1943 3290 adeo

409 3336 511 3411 stiam
539 3336 574 3410 in
601 3358 737 3432 gregem
772 3337 919 3413 lacerum
955 3341 990 3412 ot
1024 3337 1231 3413 confractum
1266 3336 1482 3430 desaeviunt,
1520 3338 1559 3412 ut
1594 3336 1728 3412 nonnisi
1766 3359 1825 3432 per
1851 3359 1944 3412 cruo-

409 3482 479 3534 rem
505 3462 540 3534 et
567 3459 720 3556 iugulum
748 3461 862 3555 gregis
889 3459 1077 3556 rugientem
1104 3459 1245 3534 esuriem
1259 3459 1287 3554 5)
1313 3459 1725 3556 expleturi,provinciam
1751 3463 1845 3535 tuam
1870 3481 1943 3554 por-

410 3586 512 3676 petna
538 3581 762 3676 solitudine&
798 3583 899 3675 atque
934 3605 1013 3658 nece
1049 3581 1262 3658 confecerint.
1307 3582 1445 3678 Proprio
1482 3582 1596 3676 itaque
1632 3583 1811 3657 damnatus
1846 3583 1945 3676 atque

410 3703 579 3780 convictus
606 3703 738 3795 iudicio,
768 3727 806 3778 ea
832 3705 999 3797 exequito,
1038 3726 1123 3799 quae
1150 3704 1227 3778 aliis
1254 3703 1438 3800 imperasti,
1477 3727 1682 3798 excussoque
1718 3704 1946 3808 negligentiae

408 3829 540 3920 torpore
576 3827 719 3918 (foedum
755 3827 843 3902 onim
880 3826 1055 3901 avaritiam
1088 3827 1124 3900 in
1159 3829 1193 3901 te
1220 3826 1382 3921 suspicari
1417 3829 1556 3921 nequeo)
1593 3827 1731 3901 tandem
1766 3827 1945 3918 aliquando

409 3970 581 4043 consurgo,
610 3952 645 4023 et
671 3951 739 4022 tarn
766 3949 955 4040 honestati,
975 3949 1118 4044 atque⁷)
1147 3950 1289 4044 primum
1317 3949 1421 4024 saluti
1448 3951 1538 4040 tuae,
1577 3951 1650 4022 tum
1687 3947 1810 4043 perditi
1846 3951 1947 4041 atque

409 4069 550 4166 perituri
577 4070 690 4165 gregis
717 4071 768 4144 tui
796 4071 979 4145 miserabili
1015 4073 1150 4145 consule
1187 4071 1374 4146 calamitati
1391 4070 1429 4166 θ),
1457 4095 1499 4146 ne
1526 4071 1655 4146 ultione
1683 4069 1797 4146 divina
1823 4071 1858 4146 et
1883 4071 1946 4144 hu-

409 4214 508 4265 mana
535 4192 748 4286 percellaris:
784 4215 859 4266 cum
886 4192 1067 4268 verisimile
1094 4192 1241 4284 nonsit,
1270 4193 1482 4288 tyrannidem
1514 4195 1608 4268 tuam
1644 4215 1751 4285 neque
1777 4192 1946 4268 Divinita-

409 4315 489 4402 tem‚
526 4314 675 4408 nequell
710 4313 860 4390 homines
898 4315 1055 4389 diuturno
1091 4317 1239 4410 tempore
1274 4316 1415 4390 laturos.
1460 4315 1510 4389 Ut
1536 4315 1625 4391 enim
1660 4317 1865 4391 caeterorum
1896 4315 1947 4390 tui

410 4433 573 4508 similium
599 4437 753 4530 exemplu
779 4439 958 4528 transeam,
995 4437 1079 4511 satis
1105 4437 1167 4512 tibi
1194 4437 1383 4512 documenti
1412 4439 1529 4512 beatos
1555 4437 1662 4512 David
1689 4437 1725 4510 in
1751 4459 1866 4512 omnes
1892 4459 1947 4511 oa·

409 4580 467 4630 sus
494 4557 559 4631 sit:
596 4580 694 4651 quem
721 4561 878 4653 populum
907 4559 1074 4634 numerari
1100 4560 1340 4650 tantummodo,
1375 4583 1441 4634 non
1468 4559 1622 4655 opprimi,
1651 4581 1711 4634 neo
1737 4559 1862 4635 iniuste
1887 4581 1946 4634 ex-

409 4679 571 4753 actionari
599 4681 777 4768 iubentem,
815 4681 946 4755 subitus
973 4685 1008 4757 et
1034 4681 1207 4756 districtus
1243 4681 1383 4756 ultionis
1419 4681 1549 4757 divinae
1584 4682 1708 4757 vindan
1734 4681 1946 4776 perstrinxit,

410 4802 466 4876 sed
494 4825 600 4894 neque
626 4803 701 4892 tibi,
729 4803 793 4877 nisi
820 4807 950 4878 reatum
978 4808 1073 4877 tuum
1102 4804 1192 4878 iusta
1219 4804 1427 4898 poenitentia
1453 4804 1649 4900 expiaveris,
1678 4827 1849 4900 parsurus.
1877 4806 1947 4879 En·

408 4923 604 5019 pergisoere,
635 4947 758 5019 precor,
787 4926 977 5019 aliquando,
1005 4927 1040 5001 et
1066 4948 1126 5000 nos
1153 4949 1267 5001 omnes
1292 4927 1395 5022 longe
1414 4925 1456 5022 ¹⁰)
1483 4927 1644 5002 servitute
1671 4947 1801 5022 pressos
1828 4927 1945 5015 libera,

408 5047 557 5120 attenti
584 5047 744 5141 temporis
770 5069 906 5137 moram,
936 5049 1014 5122 dum
1041 5047 1131 5140 licet,
1161 5049 1239 5122 dum
1257 5051 1363 5144 potes,
1392 5049 1568 5125 velocitate
1587 5071 1774 5144 compensa,
1804 5050 1839 5123 et
1857 5047 1946 5124 omni

509 5237 538 5315 ⁴)
562 5239 763 5299 cracoviensis
787 5242 940 5314 episcopus
966 5237 1037 5300 eod.
1059 5241 1151 5302 soar.
1184 5237 1210 5319 9)
1234 5259 1298 5302 oum
1320 5249 1350 5302 te
1372 5243 1430 5302 tuis
1453 5241 1548 5315 fectis,
1580 5249 1688 5316 tuoque
1718 5241 1880 5316 significato
1904 5240 1945 5302 fe·

408 5344 485 5401 mina
507 5343 580 5403 haec
606 5341 675 5404 Ood.
698 5345 788 5405 Rocr.
830 5341 858 5424 3)
880 5347 1023 5405 instructa
1049 5344 1118 5408 (lod.
1141 5347 1232 5407 Roer.
1271 5343 1297 5424 ⁴)
1320 5347 1566 5422 inclementesque
1592 5346 1661 5409 Ood.
1685 5347 1776 5408 Roer.
1815 5341 1842 5424 ὅ)
1866 5365 1945 5406 suam

411 5447 535 5506 esuriem
562 5447 632 5508 Cod.
655 5451 746 5509 Rosr.
780 5445 806 5525 ⁶)
830 5449 1025 5508 sollicitudine
1047 5451 1107 5510 Ed.
1130 5451 1225 5510 Dobr.
1257 5447 1386 5528 ⁷)quam
1412 5451 1470 5510 Ed.
1493 5453 1587 5512 Dour.
1620 5447 1697 5529 ε)ιιι
1718 5445 1866 5537 honestati
1881 5469 1947 5512 con·

411 5552 473 5612 sule
502 5553 572 5613 t'od.
595 5553 687 5614 Rocr.
727 5550 753 5632 9)
776 5561 854 5614 tuam
876 5553 969 5615 Deum
992 5561 1022 5614 et
1049 5555 1117 5616 Oorl.
1141 5555 1233 5616 Rom.
1274 5553 1316 5635 ¹⁰)
1338 5557 1444 5617 misera
1466 5557 1525 5618 Ed.
1547 5557 1639 5620 Dodr.
