4208 6282
1162 388 1175 418 Ὶ

376 563 424 636 90
997 585 1108 638 annua
1134 583 1285 639 saurus.
1645 561 1711 660 (Α.
1733 561 1778 648 D.
1798 561 1909 660 1176.)

373 775 558 863 taneorum,
587 771 830 867 praefectorum
857 771 891 847 et
918 771 1122 865 officialium,
1161 771 1294 849 Gedeon
1329 770 1503 868 episcopus
1530 771 1754 848 Graccuiensis
1781 793 1910 847 summo

374 895 495 988 studio,
525 918 719 987 summaque
746 918 825 970 cura
850 897 1029 970 sanaturus
1049 893 1083 990 ¹),
1121 895 1272 988 nihilque
1299 895 1479 991 superioris
1506 894 1650 970 iniuriae
1677 895 1811 991 repulsa
1838 918 1907 969 mo·

373 1021 440 1110 tus,
468 1041 543 1093 curn
571 1020 605 1092 et
632 1017 818 1113 pontificali
846 1039 904 1093 suo
932 1017 966 1091 id
992 1017 1101 1093 officio
1129 1018 1229 1092 sciret
1265 1041 1456 1113 congruere,
1481 1021 1515 1094 et
1542 1018 1821 1109 calamitosorum,
1849 1039 1909 1112 op-

372 1163 625 1236 pressorumque
652 1141 806 1236 singultu
822 1139 860 1234 2),
899 1139 981 1214 fletu
1007 1145 1108 1232 atque
1135 1141 1362 1216 obsecratione
1395 1141 1583 1236 urgeretur,
1620 1163 1704 1215 novo
1729 1139 1910 1234 reprehen-

371 1263 474 1338 sionis
501 1286 633 1358 genere,
662 1263 715 1336 illi
742 1265 865 1354 tamen,
904 1263 989 1356 quod
1021 1263 1157 1337 Nathan
1195 1264 1358 1357 propheta
1388 1263 1468 1337 olinr
1496 1263 1537 1338 ad
1564 1261 1671 1338 David
1697 1262 1825 1353 habuit,
1855 1283 1908 1335 so-

372 1381 501 1480 rorio³)
529 1386 689 1459 utendum
718 1385 827 1475 duxit,
856 1387 1021 1475 quatenus
1048 1385 1255 1479 Mpeeuslaus
1281 1385 1359 1458 Dux
1386 1384 1571 1480 exemplari
1589 1385 1767 1459 simulacro
1782 1384 1810 1478 4)
1837 1407 1908 1457 mo·

371 1510 513 1598 veretur,
542 1507 600 1598 qui
627 1509 799 1583 uerborum
826 1506 1010 1582 efficaciam
1037 1509 1115 1581 aute
1141 1509 1406 1602 contempsisset,
1444 1511 1479 1582 et
1505 1530 1566 1582 sua
1592 1508 1713 1582 saltem
1740 1505 1910 1582 sonantia

372 1632 407 1704 et
432 1631 562 1704 decreto
590 1629 760 1704 convictus
787 1653 808 1703 a
834 1629 1010 1724 tyrannide
1037 1629 1257 1724 resipisceret,
1280 1633 1321 1728 ,et
1348 1629 1382 1703 in
1401 1653 1534 1704 suorum
1558 1632 1710 1704 reatuum
1737 1629 1837 1722 atque
1855 1651 1908 1702 er-

371 1755 530 1842 ratorum,
559 1751 679 1843 quibus
705 1751 798 1846 regio
824 1751 980 1826 uniuersa
999 1753 1033 1825 et
1051 1752 1195 1827 viluerat
1220 1755 1254 1826 et
1281 1752 1451 1846 deperibat
1467 1751 1505 1847 ⁵),
1535 1751 1662 1828 reniret
1688 1751 1856 1826 notionem
1868 1750 1908 1845 6).

371 1874 557 1968 llpeccslao
584 1873 697 1964 itaque
723 1875 814 1949 Duco
840 1876 901 1948 sub
928 1874 1096 1967 frequenti
1123 1873 1387 1949 consiliariorum
1415 1864 1604 1969 praesentia
1621 1873 1755 1969 publica
1774 1871 1910 1968 negotia

371 1995 542 2085 tractanti,
572 1996 723 2069 matrona
751 1995 912 2087 quaedam
940 2017 999 2090 per
1025 1995 1212 2070 Gedeonem
1239 1995 1439 2090 episcopum,
1468 1995 1524 2089 qui
1552 1998 1587 2070 et
1613 1995 1683 2090 ipse
1700 2015 1811 2070 eoram
1829 1994 1908 2068 ade·

370 2120 435 2208 rat,
464 2117 639 2208 submissa,
668 2117 703 2190 in
730 2119 817 2191 tetro
844 2121 878 2192 et
905 2117 1039 2212 lugubri
1059 2117 1188 2209 habitu,
1218 2121 1381 2213 moestum
1408 2117 1544 2212 insuper
1570 2119 1605 2192 et
1624 2116 1795 2192 lachrimis
1812 2118 1908 2190 obor-

370 2239 416 2313 tis
442 2239 625 2333 oblitumq
652 2239 757 2315 imbre
784 2239 924 2314 fletuum
961 2241 1189 2335 praeseferens
1226 2241 1369 2332 uultum,
1407 2263 1450 2314 err
1479 2239 1646 2314 industria
1682 2241 1759 2314 ante
1790 2237 1908 2313 ducale

369 2362 520 2436 tribunal
551 2361 723 2452 constitit,
761 2366 795 2436 et
822 2385 921 2456 super
948 2362 1043 2458 graui
1070 2361 1194 2436 iniuria
1220 2365 1255 2437 et
1281 2361 1493 2457 oppressione
1528 2385 1599 2452 sua,
1638 2362 1711 2436 alta
1744 2361 1906 2436 nocifera-

369 2483 502 2579 tione⁸)
529 2483 734 2559 audientiam
761 2487 795 2559 et
822 2484 989 2558 iustitiam
1017 2485 1081 2558 sibi
1109 2483 1272 2579 praestari
1292 2485 1479 2580 deposcens,
1507 2487 1577 2559 tam
1595 2483 1774 2580 Myecuslai
1791 2483 1907 2572 Ducis,

370 2629 470 2699 quam
497 2607 645 2680 omnium
672 2607 936 2682 consiliariorum
974 2631 1119 2697 suorum,
1160 2607 1319 2698 quidnam
1355 2606 1602 2701 quaestionisf)
1628 2629 1741 2682 eorum
1768 2605 1907 2681 audieu-

369 2729 439 2803 tiae
465 2730 605 2804 illatura
631 2732 730 2821 esset,
760 2729 1021 2824 expectantium,
1049 2753 1107 2804 ora
1133 2731 1308 2806 convertit.
1336 2732 1432 2805 Hanc
1458 2731 1664 2826 blyeczslaus
1690 2729 1769 2803 Dux
1795 2731 1830 2803 et
1847 2751 1909 2824 pro
1935 2828 1944 2838 ·

370 2851 548 2926 matronali
576 2852 773 2943 reuerentia,
801 2854 835 2927 et
862 2875 903 2927 ne
930 2852 1121 2928 fastidiosos
1148 2853 1218 2927 suis
1244 2853 1379 2928 auribus
1398 2853 1621 2948 ingeminaret
1647 2853 1817 2941 clamores,
1846 2873 1908 2924 ex-

369 2975 556 3065 auditurus,
585 2996 660 3048 cum
687 2973 815 3050 eminus
841 2974 1049 3066 consisteret,
1078 2975 1215 3070 propius
1241 2976 1404 3067 accedere,
1437 2978 1472 3051 et
1498 2976 1655 3068 quidnam
1681 2974 1730 3050 rei
1757 2975 1906 3062 baberet,

370 3119 390 3169 a
416 3096 600 3189 quibusque
627 3097 777 3191 personis
803 3097 1018 3172 offensionem
1045 3098 1242 3192 excepisset,
1270 3097 1359 3172 omni
1387 3120 1507 3193 pauore
1533 3096 1908 3192 circumscriptoiussit

370 3219 570 3313 depromere,
595 3218 782 3294 certissima
807 3220 909 3294 etiarn
937 3242 996 3314 spe
1023 3243 1058 3295 se
1084 3220 1138 3293 illi
1165 3221 1338 3313 devovens,
1371 3220 1560 3315 expeditam
1589 3219 1765 3311 iustitiam,
1794 3219 1907 3314 prote·

369 3341 495 3416 latione
515 3339 556 3436 ¹⁰)
583 3342 733 3434 qualibet
759 3342 896 3433 succisa,
925 3343 1206 3417 ministraturum.
1252 3345 1337 3417 Tum
1365 3345 1518 3418 matrona
1544 3341 1659 3417 maiori
1696 3341 1817 3416 fiducia
1843 3341 1906 3414 du-

368 3464 433 3538 cali
460 3487 610 3540 sermone
635 3464 790 3554 subnixa,
818 3465 969 3539 tribunal
997 3466 1113 3540 ducale
1140 3465 1308 3558 accedens,
1338 3487 1397 3560 per
1414 3468 1546 3540 bassam
1566 3465 1609 3560 ¹¹)
1635 3463 1757 3560 eapitis
1783 3463 1906 3538 demis-

368 3587 493 3662 sionem
512 3587 698 3663 reverentia
716 3586 863 3682 Principi
892 3587 1055 3679 exhibita,
1085 3588 1120 3662 iu
1146 3589 1235 3662 hunc
1262 3611 1345 3683 pene
1372 3588 1504 3662 modurn
1522 3587 1779 3682 propositionem
1797 3607 1904 3675 suam,

369 3711 643 3804 quemadmodum
671 3733 692 3784 a
718 3709 869 3786 Gedeone
895 3711 1048 3806 episcopo
1079 3711 1196 3785 edocta
1222 3713 1306 3800 erat,
1344 3711 1521 3785 disseruit:
1557 3711 1730 3786 Habebam
1755 3731 1829 3804 ego,
1858 3707 1905 3781 mi

368 3833 446 3907 Dux
465 3832 519 3928 ¹²),
547 3833 672 3908 ancilla
697 3835 768 3924 tua,
796 3833 964 3929 copiosum
991 3834 1165 3908 balantum
1192 3856 1341 3928 gregem,
1370 3833 1464 3908 cuius
1482 3855 1590 3924 carne,
1619 3833 1760 3907 lacteat
1784 3831 1905 3908 uellere

300 4051 303 4058 Ι
367 3955 493 4048 uirens,
521 3955 623 4031 etiarn
650 3978 729 4050 opes
755 3978 798 4030 ex
825 3956 905 4046 illis,
934 3979 1018 4050 quae
1046 3957 1225 4031 cuiuslibet
1251 3956 1426 4031 ambitioni
1451 3955 1604 4030 sufficere
1626 3955 1773 4049 possent,
1801 3975 1903 4044 quae-

368 4077 499 4169 sieram,
537 4077 735 4171 felicemque
771 4079 806 4152 et
841 4080 985 4170 beat-arn,
1024 4079 1084 4153 illo
1119 4079 1215 4154 unico
1251 4103 1366 4174 pecore
1402 4079 1575 4169 contenta,
1612 4079 1750 4172 agebam
1786 4076 1904 4150 sitam.

366 4199 476 4273 Filius
503 4199 639 4274 interim
665 4222 758 4275 meus
786 4201 1013 4290 mercenarios,
1042 4223 1125 4290 quos
1151 4201 1252 4274 etiarn
1281 4201 1316 4274 in
1338 4203 1434 4274 tuum
1461 4200 1684 4294 conspectum,
1713 4196 1834 4271 iustius
1852 4197 1905 4270 iu-

367 4321 489 4395 dicium
516 4321 565 4396 eis
591 4321 823 4416 praesentibus
860 4325 1052 4417 exceptura,
1090 4322 1137 4397 ire
1164 4323 1266 4416 coegi,
1305 4321 1363 4414 qui
1398 4345 1474 4398 ores
1500 4321 1642 4397 excelsis
1668 4323 1704 4395 et
1729 4319 1907 4394 uberrimis

367 4427 458 4518 loeisv
476 4446 591 4538 pastas
611 4441 653 4538 13)
680 4445 721 4518 ad
748 4446 861 4519 caulas
887 4445 1070 4522 incolumes
1103 4447 1306 4536 reducerent,
1343 4428 1523 4533 conduxit;
1560 4444 1617 4520 sed
1645 4465 1665 4516 a
1691 4441 1906 4518 mercenariis

366 4585 452 4662 grex
478 4588 571 4641 meus
597 4567 828 4662 negligentius
854 4569 1002 4659 habitus,
1039 4569 1214 4643 universus
1241 4569 1310 4642 fere
1336 4569 1491 4663 luporum
1522 4567 1629 4642 saeris
1655 4565 1819 4640 morsibus
1845 4565 1904 4638 de-

366 4687 478 4784 periit.
506 4685 572 4779 lta,
601 4689 668 4762 nisi
694 4692 733 4763 tu
760 4691 903 4765 ancillae
930 4693 1008 4765 tuae
1035 4691 1231 4785 suffragium
1252 4691 1294 4784 ¹⁴)
1322 4689 1446 4764 iustum
1477 4689 1607 4780 tuleris,
1645 4689 1757 4762 actum
1783 4688 1824 4763 de
1850 4709 1907 4760 nne

366 4814 429 4901 est,
457 4813 564 4905 deque
590 4811 736 4886 fortunis
763 4813 855 4902 meis,
893 4815 1036 4906 orbaque
1062 4816 1097 4887 et
1124 4813 1244 4888 misera
1272 4835 1405 4888 necesse
1432 4813 1485 4888 est
1511 4811 1648 4901 efficiar,
1684 4812 1762 4885 tarn*
1782 4810 1905 4884 damno

366 4934 543 5030 praecipiti
570 4935 784 5030 pessundata.
832 4935 973 5028 Querela
1008 4938 1180 5011 matronae
1208 4935 1286 5009 Dux
1313 4935 1518 5031 Myeczslaus
1553 4932 1722 5026 exaudita,
1760 4931 1905 5025 quaerit:

472 5143 496 5222 ¹)
519 5163 622 5206 sanare
651 5146 804 5218 invigilans
840 5144 908 5206 Cod.
941 5144 1031 5204 Reor.
1075 5141 1103 5222 9)
1136 5143 1310 5217 singultibus
1344 5141 1414 5203 Ood.
1445 5142 1536 5203 Roar.
1574 5139 1679 5214 ³lsibi
1710 5136 1781 5203 Coa.
1811 5139 1905 5202 coar.

366 5245 392 5326 ⁴)
416 5252 547 5323 exemplo
570 5249 657 5308 simili
680 5230 739 5310 aa.
762 5249 855 5309 Dolor.
895 5245 921 5328 ε5)
944 5241 1072 5323 perierat
1095 5249 1153 5307 Ed.
1179 5249 1273 5308 Dobr.
1312 5244 1338 5324 ⁶)
1362 5249 1565 5321 cognitionem.
1583 5245 1653 5306 eoa.
1676 5247 1767 5310 Roar.
1798 5243 1827 5324 7)
1842 5265 1906 5307 rua·

366 5355 463 5414 didam
490 5354 559 5414 Ood.
584 5356 679 5416 Reor:
713 5351 833 5432 ⁸)roce
859 5353 1035 5414 Ed.1)obr.
1070 5349 1097 5430 ο)
1121 5355 1256 5426 querelae
1279 5353 1337 5411 Ed.
1359 5353 1452 5413 Dobr.
1490 5350 1529 5430 ¹⁰)
1552 5351 1691 5411 dilutione
1719 5351 1788 5412 Cod.
1811 5351 1907 5414 Roaer.

370 5455 410 5534 ¹¹)
431 5459 567 5518 humilem
592 5453 661 5522 Cod.
685 5459 777 5521 Rosa.
820 5455 860 5542 ¹⁹)
882 5459 1004 5520 Domine
1028 5457 1090 5517 Rex
1116 5454 1187 5517 Ocu.
1211 5457 1302 5518 Roar.
1345 5452 1384 5536 13)
1405 5462 1559 5534 pascentes
1582 5455 1640 5518 Ed.
1663 5455 1758 5518 Dorb.
1796 5451 1836 5539 ¹⁸)
1851 5475 1908 5520 au-

363 5564 464 5626 xilium
486 5557 555 5626 cac.
579 5563 669 5632 Rosr.
