4192 6272
411 523 490 594 506
1022 538 1134 590 urana
1161 537 1355 590 seramus.
1708 513 1769 606 (Α.
1789 512 1836 588 ὓ.
1858 513 1959 608 mot.)

411 728 549 823 insuper
576 727 664 801 Nida
689 727 791 820 longo
819 726 854 799 et
881 726 1032 819 porrecto
1059 725 1190 800 ambitu
1230 725 1487 818 circumquaque
1523 722 1683 817 oppidum
1705 723 1727 817 ¹)
1764 724 1956 818 stagnante,

410 850 508 940 forte,
537 848 704 924 deditione
731 847 843 942 capit;
872 849 1020 920 castrum
1048 846 1186 942 insuper
1213 847 1372 920 Oblelrorn
1402 868 1505 940 prope
1532 844 1658 920 fluento
1688 843 1818 920 Wislac
1845 845 1957 936 situm,

410 972 444 1044 in
473 994 537 1064 quo
566 969 769 1064 praesidium
797 967 992 1042 Polonicurn
1019 969 1216 1059 habebatur,
1245 969 1432 1062 expugnat.
1461 965 1774 1042 ASandomiriensi
1792 989 1870 1043 uero
1889 988 1958 1042 cas·

408 1095 461 1166 tro
489 1095 524 1168 et
551 1092 672 1187 oppido
700 1091 759 1185 per
786 1089 1012 1166 Wladislnum
1040 1091 1172 1165 Loktelr
1208 1091 1335 1166 Ducem
1371 1089 1611 1184 (legoniensem
1648 1092 1684 1164 et
1722 1089 1794 1165 eius
1821 1088 1956 1180 milites,

410 1215 489 1287 dum
516 1214 601 1287 illud
630 1235 837 1307 expugnare,
867 1210 1035 1286 deditione
1063 1235 1128 1284 mon
1157 1211 1382 1305 proveniente,
1412 1209 1603 1300 contendit,
1633 1210 1727 1305 turpi
1762 1211 1900 1305 repulsa
1925 1213 1959 1285 et

409 1334 632 1428 ignominiosa
660 1337 775 1428 strage
792 1333 830 1425 ²),
861 1332 1017 1426 plurimis
1056 1333 1214 1407 Bchemis
1242 1333 1408 1406 militibus
1445 1332 1570 1426 partim
1597 1331 1805 1424 desideratis,
1835 1331 1957 1426 partim

406 1455 593 1529 uolneratis
622 1458 656 1528 et
683 1455 803 1548 captis,
834 1454 1007 1528 discedens
1034 1453 1069 1526 in
1098 1453 1289 1528 Graccuiam
1316 1457 1351 1529 et
1379 1454 1497 1528 deinde
1526 1453 1561 1526 in
1590 1453 1803 1544 Bohemiam,
1834 1452 1957 1547 praesi-

408 1577 462 1650 dio
491 1577 639 1650 militurn
667 1575 847 1650 Bchemiae
875 1576 909 1648 in
939 1579 1048 1650 castro
1076 1577 1111 1649 et
1138 1575 1274 1650 ciuitate
1301 1575 1512 1651 bracariensi
1538 1575 1669 1666 relicto,
1698 1576 1798 1665 redit,
1820 1573 1957 1669 (triphi-

409 1721 487 1773 nam
515 1699 617 1774 etiam
644 1698 822 1773 Ducissam
849 1698 1030 1771 Lestlrcnis
1058 1697 1222 1787 relictam,
1253 1721 1295 1772 ne
1322 1719 1387 1788 quo
1415 1699 1512 1791 pecto
1541 1696 1677 1771 donatio
1709 1697 1749 1770 de
1777 1696 1959 1771 liuentibus

408 1819 619 1896 bracbatensi
646 1822 681 1894 et
709 1819 971 1894 Sendcmiriensi
1011 1819 1212 1894 Wenceslao
1252 1819 1431 1894 Bchemiae
1470 1819 1555 1893 Duoi
1592 1841 1651 1914 per
1685 1841 1759 1893 earn
1786 1819 1889 1910 facte,
1918 1818 1958 1894 ad

408 1941 541 2016 irritum
569 1941 740 2032 recideret,
770 1963 881 2016 secum
909 1941 1052 2015 ducens:
1082 1963 1168 2032 quae
1204 1940 1292 2034 apud
1329 1941 1494 2015 Bohemos
1529 1942 1659 2036 Prngae
1695 1939 1795 2014 annis
1829 1939 1958 2032 aliquot

408 2062 616 2156 contemptui
654 2064 689 2136 et
724 2061 868 2135 ludibrio
904 2062 1040 2152 habita,
1078 2062 1214 2136 modern
1251 2061 1392 2136 moritur
1427 2065 1462 2135 et
1502 2061 1537 2134 in
1565 2061 1765 2135 monasterie
1791 2060 1956 2134 Minorem

410 2183 526 2259 Sancti
555 2183 677 2273 lacobi,
707 2183 805 2256 iuxta
831 2205 975 2257 sororem
1003 2205 1098 2256 suern
1126 2182 1380 2277 Kunegundim,
1412 2185 1551 2256 matrem
1571 2181 1761 2259 Wenceslai
1779 2181 1956 2257 Bchemiae

408 2305 521 2396 Ducis,
551 2303 726 2398 sepelitur.
754 2305 808 2376 Ex
834 2327 872 2378 eo
899 2305 1036 2378 tandem
1063 2304 1211 2398 tempore
1239 2303 1458 2378 Wenceslaus
1490 2303 1663 2398 praefatus
1682 2301 1862 2378 Bohemiae
1879 2303 1956 2376 Dux

404 2419 439 2500 se
465 2425 867 2500 Ducena-Graccvienscm
894 2428 929 2500 et
956 2424 1259 2500 Sendcmiriensem
1295 2425 1402 2519 gessit
1430 2425 1656 2500 attitulavit.
1695 2424 1856 2500 Exercitu
1890 2425 1953 2498 Bc·

406 2547 533 2621 hemico
562 2545 696 2620 eteius
733 2547 869 2622 ductore
895 2545 1024 2621 Thebis
1051 2547 1217 2641 Pragcnsi
1253 2545 1407 2640 episcopo
1448 2570 1489 2620 ex
1515 2545 1725 2622 Grncouiensi
1762 2570 1819 2622 ora
1854 2546 1953 2620 disce·

404 2669 515 2759 dente,
544 2668 702 2742 continuo
729 2667 939 2743 Wladislaus
975 2668 1108 2742 Loktek
1143 2667 1308 2762 Cupauiae
1335 2669 1413 2741 Dux
1441 2668 1544 2743 arinis
1572 2671 1606 2743 et
1635 2668 1786 2763 potentia
1813 2669 1893 2763 adeo
1919 2668 1952 2741 in

403 2790 568 2865 Bohemos
596 2789 746 2884 superior
773 2789 890 2879 evasit,
920 2792 959 2862 ut
986 2791 1021 2864 ct
1049 2789 1251 2883 praesidium
1279 2788 1493 2864 Bchemicum
1532 2791 1572 2864 de
1606 2789 1800 2865 Visliciemsi
1835 2789 1952 2884 oppido

404 2912 601 3005 expelleret,
629 2913 664 2985 et
690 2910 883 2985 Vislicicnsi
920 2909 1042 3004 oppido
1068 2910 1103 2983 in
1131 2931 1224 2984 snam
1253 2910 1413 2984 ditionem
1440 2911 1592 3002 redacto,
1621 2912 1769 2986 caeteras
1801 2911 1952 2986 oBohc·

404 3031 469 3105 mis
496 3053 666 3126 possessas
695 3030 898 3106 munitiones
925 3033 960 3105 et
987 3030 1156 3125 praesidia
1182 3033 1368 3123 everteret,
1396 3035 1693 3127 expugnaretque,
1721 3035 1757 3105 et
1783 3032 1952 3123 usquead

403 3151 629 3227 Gracoriensis
657 3151 807 3226 ciuitatis
834 3150 994 3226 suburbio
1020 3153 1141 3227 cuncta
1167 3153 1228 3226 aut
1254 3154 1423 3243 uastaret,
1462 3156 1522 3227 aut
1557 3152 1627 3226 suis
1662 3153 1797 3246 cogeret
1829 3151 1951 3228 seruire

402 3273 551 3348 tributis.
581 3274 723 3368 Propter
750 3274 838 3365 quod
866 3271 1032 3347 militibus
1059 3273 1094 3347 et
1121 3273 1249 3347 ciuibus
1276 3273 1550 3348 Grecovicnsibus
1576 3273 1721 3367 querelis
1748 3274 1789 3347 de
1816 3295 1878 3348 sua
1894 3297 1949 3369 op-

402 3393 572 3490 pressione
600 3393 837 3470 Wenceslaum
864 3393 1045 3492 Bchemiae
1072 3394 1198 3470 Ducem
1226 3394 1473 3490 fatigantibus,
1503 3395 1650 3470 Thebias
1669 3394 1848 3488 Pragensis
1865 3395 1950 3490 epis·

402 3536 504 3610 oopus
531 3537 605 3591 curn
634 3539 718 3591 novo
745 3516 895 3591 exercitu
923 3516 1097 3592 Poloniam
1138 3518 1180 3591 ad
1208 3517 1455 3593 cracoviensem
1493 3519 1660 3594 Ducetum
1695 3517 1949 3606 transmittitur,

401 3637 560 3711 solatium
577 3635 604 3730 ³)
631 3637 783 3731 grauatis
801 3651 891 3731 'pace
932 3661 991 3732 per
1018 3641 1173 3733 treugam
1213 3639 1407 3733 composita,
1450 3642 1509 3713 aut
1550 3640 1775 3714 defensionem
1811 3641 1950 3714 laturus.

403 3758 468 3832 Sed
496 3758 686 3832 Wladislao
713 3759 845 3833 Loktek
873 3759 1073 3854 Ouparieusi
1101 3759 1193 3833 Duce
1220 3783 1351 3834 omnem
1378 3760 1652 3855 compositionem
1671 3764 1706 3835 et
1723 3761 1949 3837 sufferentiam

400 3881 612 3973 aspernante,
641 3881 676 3954 et
703 3879 879 3954 continuas
907 3880 942 3953 in
970 3881 1113 3956 rebelles
1140 3884 1175 3955 et
1201 3882 1366 3956 Bchemos
1392 3883 1482 3976 apud
1510 3882 1700 3957 (inaceriam
1719 3885 1872 3978 agentes,
1892 3905 1948 3956 ex-

401 4001 570 4075 cursiones
597 4002 716 4077 edente
743 4004 778 4076 et
805 4023 1015 4095 congressus,
1044 4002 1190 4076 Thebias
1216 4003 1392 4097 episcopus
1428 4003 1609 4098 Progensis
1644 4027 1679 4078 re
1716 4004 1843 4080 iniecta
1871 4006 1947 4078 Pra-

399 4144 477 4215 garn
503 4121 694 4217 regreditur
709 4122 747 4215 ⁴),
777 4122 983 4196 denuntians
1010 4123 1192 4199 Wladislai
1222 4125 1353 4197 lnolrtek
1379 4124 1597 4219 Guyariensis
1632 4125 1735 4199 Ducis
1763 4125 1946 4220 potentiam

400 4242 600 4319 insolentem
641 4246 676 4318 et
717 4244 857 4334 fortem,
895 4245 947 4318 cni
985 4267 1067 4318 asc
1096 4245 1209 4319 resisti
1237 4269 1302 4319 non
1330 4249 1461 4340 posset,
1500 4249 1535 4320 et
1571 4247 1612 4320 ad
1640 4247 1735 4321 illius
1762 4247 1945 4341 oppressio-

399 4387 474 4438 nem
503 4365 792 4458 donationemque
832 4365 1028 4440 fortieribus
1069 4366 1184 4461 copiis,
1223 4389 1323 4456 quam
1364 4389 1449 4460 quae
1489 4369 1553 4442 sibi
1592 4369 1772 4444 mandatae
1799 4369 1942 4459 fuerant,

401 4507 485 4580 opus
513 4487 593 4560 fore.

424 4850 610 4946 badolptus
637 4853 851 4926 aomanorum
878 4852 947 4928 lter
974 4856 1125 4928 moritur:
1153 4857 1204 4927 cni
1232 4853 1366 4928 tdnltus
1393 4857 1507 4928 donea
1534 4855 1574 4928 dc
1600 4857 1750 4928 tuotone
1768 4854 1920 4928 succedit

411 5115 414 5120 ·
500 5095 734 5171 Sextcdecima
760 5097 885 5172 mensis
913 5097 994 5170 Iulii
1023 5097 1076 5172 die
1103 5098 1302 5192 Redolphus
1318 5097 1345 5190 6)
1372 5099 1598 5173 Romanorum
1628 5099 1702 5172 Rex
1735 5097 1945 5192 aegritudine
2026 5135 2027 5138 ¹

506 5370 531 5456 ¹)
554 5375 627 5434 illud
652 5375 721 5438 Ood.
746 5377 838 5435 Roar.
871 5373 899 5453 Ω)
924 5383 954 5435 et
975 5376 1134 5448 ignominia
1156 5383 1310 5451 strageque
1334 5379 1394 5439 Ed.
1418 5377 1504 5454 Lips.
1541 5375 1569 5457 ³)
1594 5377 1733 5436 auxilium
1759 5375 1829 5437 ccc.
1852 5375 1944 5437 Roas.

398 5475 423 5556 ⁴)
447 5481 604 5538 revertitur
629 5478 698 5541 Ood.
721 5480 813 5540 Roar.
839 5476 865 5556 ὗ)
889 5480 1060 5554 Rudolphus
1087 5478 1159 5541 doc.
1180 5482 1274 5541 noer.
