<?xml version="1.0" encoding="UTF-8"?>
<!DOCTYPE html PUBLIC "-//W3C//DTD XHTML 1.0 Transitional//EN"
    "http://www.w3.org/TR/xhtml1/DTD/xhtml1-transitional.dtd">
<html xmlns="http://www.w3.org/1999/xhtml" xml:lang="en" lang="en">
 <head>
  <title>
</title>
<meta http-equiv="Content-Type" content="text/html;charset=utf-8" />
  <meta name='ocr-system' content='tesseract 3.04.00' />
  <meta name='ocr-capabilities' content='ocr_page ocr_carea ocr_par ocr_line ocrx_word'/>
</head>
<body>
  <div class='ocr_page' id='page_1' title='image "./operaomnia02paulgoog_0288.png"; bbox 0 0 4140 6298; ppageno 0'>
   <div class='ocr_carea' id='block_1_1' title="bbox 378 565 1931 674">
    <p class='ocr_par' dir='ltr' id='par_1_1' title="bbox 378 565 1931 674">
     <span class='ocr_line' id='line_1_1' title="bbox 378 565 1931 674; baseline 0.003 -25"><span class='ocrx_word' id='word_1_1' title='bbox 378 574 455 649; x_wconf 76' lang='lat'><strong>272</strong></span> <span class='ocrx_word' id='word_1_2' title='bbox 984 595 1097 650; x_wconf 79' lang='lat' dir='ltr'><strong>amna</strong></span> <span class='ocrx_word' id='word_1_3' title='bbox 1123 595 1317 652; x_wconf 75' lang='lat' dir='ltr'><strong>enervorum</strong></span> <span class='ocrx_word' id='word_1_4' title='bbox 1669 573 1731 672; x_wconf 88' lang='grc' dir='ltr'><strong>(Α.</strong></span> <span class='ocrx_word' id='word_1_5' title='bbox 1752 565 1931 674; x_wconf 70' lang='lat' dir='ltr'><strong>mima)</strong></span> 
     </span>
    </p>
   </div>
   <div class='ocr_carea' id='block_1_2' title="bbox 376 781 1930 1492">
    <p class='ocr_par' dir='ltr' id='par_1_2' title="bbox 376 781 1930 1492">
     <span class='ocr_line' id='line_1_2' title="bbox 377 781 1930 883; baseline 0 -21"><span class='ocrx_word' id='word_1_6' title='bbox 377 781 670 862; x_wconf 75' lang='lat' dir='ltr'><strong>wratislaviensis</strong></span> <span class='ocrx_word' id='word_1_7' title='bbox 697 782 864 879; x_wconf 91' lang='lat' dir='ltr'><strong>stupendo</strong></span> <span class='ocrx_word' id='word_1_8' title='bbox 899 783 1001 877; x_wconf 86' lang='lat' dir='ltr'><strong>atque</strong></span> <span class='ocrx_word' id='word_1_9' title='bbox 1028 783 1246 861; x_wconf 89' lang='lat' dir='ltr'><strong>inenarrabili</strong></span> <span class='ocrx_word' id='word_1_10' title='bbox 1274 783 1407 881; x_wconf 82' lang='lat' dir='ltr'><strong>fulgore</strong></span> <span class='ocrx_word' id='word_1_11' title='bbox 1433 784 1633 861; x_wconf 89' lang='lat' dir='ltr'><strong>illustravit.</strong></span> <span class='ocrx_word' id='word_1_12' title='bbox 1678 785 1748 883; x_wconf 80' lang='lat' dir='ltr'><strong>Quo</strong></span> <span class='ocrx_word' id='word_1_13' title='bbox 1776 785 1930 882; x_wconf 90' lang='lat' dir='ltr'><strong>prodigio</strong></span> 
     </span>
     <span class='ocr_line' id='line_1_3' title="bbox 377 903 1929 1003; baseline 0.003 -24"><span class='ocrx_word' id='word_1_14' title='bbox 377 906 619 981; x_wconf 79' lang='lat' dir='ltr'><strong>&#39;lbartarorum</strong></span> <span class='ocrx_word' id='word_1_15' title='bbox 646 905 782 1001; x_wconf 90' lang='lat' dir='ltr'><strong>pectora</strong></span> <span class='ocrx_word' id='word_1_16' title='bbox 808 905 890 981; x_wconf 88' lang='lat' dir='ltr'><strong>adeo</strong></span> <span class='ocrx_word' id='word_1_17' title='bbox 917 904 953 979; x_wconf 92' lang='lat' dir='ltr'><strong>in</strong></span> <span class='ocrx_word' id='word_1_18' title='bbox 980 928 1137 1001; x_wconf 87' lang='lat' dir='ltr'><strong>pavorem</strong></span> <span class='ocrx_word' id='word_1_19' title='bbox 1156 908 1393 1003; x_wconf 79' lang='lat' dir='ltr'><strong>stuporemque</strong></span> <span class='ocrx_word' id='word_1_20' title='bbox 1419 903 1580 984; x_wconf 73' lang='lat' dir='ltr'><strong>souuerse</strong></span> <span class='ocrx_word' id='word_1_21' title='bbox 1605 909 1696 1001; x_wconf 88' lang='lat' dir='ltr'><strong>sunt,</strong></span> <span class='ocrx_word' id='word_1_22' title='bbox 1725 910 1764 983; x_wconf 88' lang='lat' dir='ltr'><strong>ut</strong></span> <span class='ocrx_word' id='word_1_23' title='bbox 1785 907 1929 984; x_wconf 76' lang='lat' dir='ltr'><strong>onorio·</strong></span> 
     </span>
     <span class='ocr_line' id='line_1_4' title="bbox 377 1026 1930 1126; baseline 0.004 -26"><span class='ocrx_word' id='word_1_24' title='bbox 377 1050 419 1102; x_wconf 93' lang='lat' dir='ltr'><strong>ne</strong></span> <span class='ocrx_word' id='word_1_25' title='bbox 445 1028 568 1121; x_wconf 87' lang='lat' dir='ltr'><strong>soluta,</strong></span> <span class='ocrx_word' id='word_1_26' title='bbox 597 1027 756 1123; x_wconf 85' lang='lat' dir='ltr'><strong>fugerent</strong></span> <span class='ocrx_word' id='word_1_27' title='bbox 782 1026 892 1123; x_wconf 88' lang='lat' dir='ltr'><strong>magis</strong></span> <span class='ocrx_word' id='word_1_28' title='bbox 919 1049 1021 1120; x_wconf 85' lang='lat' dir='ltr'><strong>quam</strong></span> <span class='ocrx_word' id='word_1_29' title='bbox 1048 1027 1269 1104; x_wconf 89' lang='lat' dir='ltr'><strong>discederent.</strong></span> <span class='ocrx_word' id='word_1_30' title='bbox 1303 1029 1447 1105; x_wconf 87' lang='lat' dir='ltr'><strong>Interim</strong></span> <span class='ocrx_word' id='word_1_31' title='bbox 1473 1029 1643 1122; x_wconf 75' lang='lat' dir='ltr'><strong>Thartari,</strong></span> <span class='ocrx_word' id='word_1_32' title='bbox 1672 1030 1731 1122; x_wconf 93' lang='lat' dir='ltr'><strong>qui</strong></span> <span class='ocrx_word' id='word_1_33' title='bbox 1759 1030 1794 1104; x_wconf 92' lang='lat' dir='ltr'><strong>in</strong></span> <span class='ocrx_word' id='word_1_34' title='bbox 1820 1029 1930 1126; x_wconf 78' lang='lat' dir='ltr'><strong>(lupa-</strong></span> 
     </span>
     <span class='ocr_line' id='line_1_5' title="bbox 377 1147 1930 1244; baseline 0.001 -20"><span class='ocrx_word' id='word_1_35' title='bbox 377 1147 467 1224; x_wconf 89' lang='lat' dir='ltr'><strong>viam</strong></span> <span class='ocrx_word' id='word_1_36' title='bbox 495 1148 638 1244; x_wconf 88' lang='lat' dir='ltr'><strong>iverant,</strong></span> <span class='ocrx_word' id='word_1_37' title='bbox 667 1172 743 1225; x_wconf 91' lang='lat' dir='ltr'><strong>cum</strong></span> <span class='ocrx_word' id='word_1_38' title='bbox 770 1149 825 1223; x_wconf 92' lang='lat' dir='ltr'><strong>his</strong></span> <span class='ocrx_word' id='word_1_39' title='bbox 852 1149 909 1241; x_wconf 93' lang='lat' dir='ltr'><strong>qui</strong></span> <span class='ocrx_word' id='word_1_40' title='bbox 937 1151 978 1225; x_wconf 90' lang='lat' dir='ltr'><strong>de</strong></span> <span class='ocrx_word' id='word_1_41' title='bbox 1004 1149 1162 1227; x_wconf 77' lang='lat' dir='ltr'><strong>Oracovia</strong></span> <span class='ocrx_word' id='word_1_42' title='bbox 1188 1152 1362 1244; x_wconf 79' lang='lat' dir='ltr'><strong>veneiant,</strong></span> <span class='ocrx_word' id='word_1_43' title='bbox 1396 1151 1431 1226; x_wconf 93' lang='lat' dir='ltr'><strong>in</strong></span> <span class='ocrx_word' id='word_1_44' title='bbox 1458 1151 1628 1228; x_wconf 85' lang='lat' dir='ltr'><strong>territorio</strong></span> <span class='ocrx_word' id='word_1_45' title='bbox 1654 1151 1930 1229; x_wconf 89' lang='lat' dir='ltr'><strong>Wratislavicnsi</strong></span> 
     </span>
     <span class='ocr_line' id='line_1_6' title="bbox 377 1269 1929 1371; baseline 0.003 -27"><span class='ocrx_word' id='word_1_46' title='bbox 377 1269 463 1346; x_wconf 84' lang='lat' dir='ltr'><strong>feria</strong></span> <span class='ocrx_word' id='word_1_47' title='bbox 489 1273 636 1348; x_wconf 88' lang='lat' dir='ltr'><strong>secunda</strong></span> <span class='ocrx_word' id='word_1_48' title='bbox 662 1271 812 1348; x_wconf 86' lang='lat' dir='ltr'><strong>Paschae</strong></span> <span class='ocrx_word' id='word_1_49' title='bbox 838 1271 1085 1366; x_wconf 86' lang='lat' dir='ltr'><strong>convenientes,</strong></span> <span class='ocrx_word' id='word_1_50' title='bbox 1113 1273 1239 1348; x_wconf 87' lang='lat' dir='ltr'><strong>terram</strong></span> <span class='ocrx_word' id='word_1_51' title='bbox 1266 1273 1346 1370; x_wconf 89' lang='lat' dir='ltr'><strong>igne</strong></span> <span class='ocrx_word' id='word_1_52' title='bbox 1372 1275 1600 1367; x_wconf 67' lang='lat' dir='ltr'><strong>devastantes,</strong></span> <span class='ocrx_word' id='word_1_53' title='bbox 1629 1275 1792 1371; x_wconf 91' lang='lat' dir='ltr'><strong>populum</strong></span> <span class='ocrx_word' id='word_1_54' title='bbox 1819 1274 1929 1370; x_wconf 88' lang='lat' dir='ltr'><strong>sagit-</strong></span> 
     </span>
     <span class='ocr_line' id='line_1_7' title="bbox 376 1392 1558 1492; baseline 0.005 -27"><span class='ocrx_word' id='word_1_55' title='bbox 376 1392 423 1466; x_wconf 86' lang='lat' dir='ltr'><strong>tis</strong></span> <span class='ocrx_word' id='word_1_56' title='bbox 449 1393 485 1469; x_wconf 92' lang='lat' dir='ltr'><strong>et</strong></span> <span class='ocrx_word' id='word_1_57' title='bbox 512 1393 727 1491; x_wconf 89' lang='lat' dir='ltr'><strong>rhomphaeis</strong></span> <span class='ocrx_word' id='word_1_58' title='bbox 755 1393 968 1490; x_wconf 86' lang='lat' dir='ltr'><strong>perimentes,</strong></span> <span class='ocrx_word' id='word_1_59' title='bbox 997 1395 1034 1469; x_wconf 87' lang='lat' dir='ltr'><strong>in</strong></span> <span class='ocrx_word' id='word_1_60' title='bbox 1060 1395 1262 1492; x_wconf 84' lang='lat' dir='ltr'><strong>Legnicaam</strong></span> <span class='ocrx_word' id='word_1_61' title='bbox 1290 1394 1558 1492; x_wconf 88' lang='lat' dir='ltr'><strong>proficiscuntur.</strong></span> 
     </span>
    </p>
   </div>
   <div class='ocr_carea' id='block_1_3' title="bbox 481 1761 1825 1981">
    <p class='ocr_par' dir='ltr' id='par_1_3' title="bbox 481 1761 1825 1981">
     <span class='ocr_line' id='line_1_8' title="bbox 481 1761 1825 1858; baseline 0.002 -24"><span class='ocrx_word' id='word_1_62' title='bbox 481 1761 627 1837; x_wconf 76' lang='lat' dir='ltr'><strong>Thamari</strong></span> <span class='ocrx_word' id='word_1_63' title='bbox 654 1781 674 1836; x_wconf 87' lang='lat' dir='ltr'><strong>r</strong></span> <span class='ocrx_word' id='word_1_64' title='bbox 700 1761 911 1837; x_wconf 69' lang='lat' dir='ltr'><strong>wratislavia</strong></span> <span class='ocrx_word' id='word_1_65' title='bbox 938 1762 1131 1856; x_wconf 81' lang='lat' dir='ltr'><strong>legniararn</strong></span> <span class='ocrx_word' id='word_1_66' title='bbox 1157 1763 1295 1839; x_wconf 81' lang='lat' dir='ltr'><strong>vadunt:</strong></span> <span class='ocrx_word' id='word_1_67' title='bbox 1323 1767 1438 1842; x_wconf 71' lang='lat' dir='ltr'><strong>corba</strong></span> <span class='ocrx_word' id='word_1_68' title='bbox 1464 1783 1548 1858; x_wconf 79' lang='lat' dir='ltr'><strong>quoa</strong></span> <span class='ocrx_word' id='word_1_69' title='bbox 1574 1763 1728 1838; x_wconf 75' lang='lat' dir='ltr'><strong>deomena</strong></span> <span class='ocrx_word' id='word_1_70' title='bbox 1754 1765 1825 1838; x_wconf 83' lang='lat' dir='ltr'><strong>ltux</strong></span> 
     </span>
     <span class='ocr_line' id='line_1_9' title="bbox 783 1883 1525 1981; baseline 0.003 -21"><span class='ocrx_word' id='word_1_71' title='bbox 783 1886 1015 1978; x_wconf 74' lang='lat' dir='ltr'><strong>potentissimo</strong></span> <span class='ocrx_word' id='word_1_72' title='bbox 1035 1887 1153 1961; x_wconf 84' lang='lat' dir='ltr'><strong>auimo</strong></span> <span class='ocrx_word' id='word_1_73' title='bbox 1181 1889 1360 1963; x_wconf 81' lang='lat' dir='ltr'><strong>exercitum</strong></span> <span class='ocrx_word' id='word_1_74' title='bbox 1387 1883 1525 1981; x_wconf 77' lang='lat' dir='ltr'><strong>colligit</strong></span> 
     </span>
    </p>
   </div>
   <div class='ocr_carea' id='block_1_4' title="bbox 374 2127 1927 3202">
    <p class='ocr_par' dir='ltr' id='par_1_4' title="bbox 374 2127 1927 3202">
     <span class='ocr_line' id='line_1_10' title="bbox 480 2127 1927 2230; baseline 0 -26"><span class='ocrx_word' id='word_1_75' title='bbox 480 2127 639 2204; x_wconf 79' lang='lat' dir='ltr'><strong>Thartari</strong></span> <span class='ocrx_word' id='word_1_76' title='bbox 667 2129 702 2203; x_wconf 89' lang='lat' dir='ltr'><strong>et</strong></span> <span class='ocrx_word' id='word_1_77' title='bbox 729 2130 773 2203; x_wconf 91' lang='lat' dir='ltr'><strong>ab</strong></span> <span class='ocrx_word' id='word_1_78' title='bbox 799 2129 1070 2224; x_wconf 86' lang='lat' dir='ltr'><strong>exploratoribus</strong></span> <span class='ocrx_word' id='word_1_79' title='bbox 1097 2130 1243 2230; x_wconf 87' lang='lat' dir='ltr'><strong>propriis</strong></span> <span class='ocrx_word' id='word_1_80' title='bbox 1269 2133 1304 2206; x_wconf 90' lang='lat' dir='ltr'><strong>et</strong></span> <span class='ocrx_word' id='word_1_81' title='bbox 1330 2134 1374 2206; x_wconf 92' lang='lat' dir='ltr'><strong>ab</strong></span> <span class='ocrx_word' id='word_1_82' title='bbox 1401 2131 1604 2227; x_wconf 79' lang='lat' dir='ltr'><strong>agrestibus,</strong></span> <span class='ocrx_word' id='word_1_83' title='bbox 1643 2131 1701 2225; x_wconf 88' lang='lat' dir='ltr'><strong>qui</strong></span> <span class='ocrx_word' id='word_1_84' title='bbox 1728 2131 1927 2205; x_wconf 85' lang='lat' dir='ltr'><strong>initlorum</strong></span> 
     </span>
     <span class='ocr_line' id='line_1_11' title="bbox 376 2249 1926 2349; baseline -0.002 -20"><span class='ocrx_word' id='word_1_85' title='bbox 376 2275 495 2329; x_wconf 78' lang='lat' dir='ltr'><strong>ananus</strong></span> <span class='ocrx_word' id='word_1_86' title='bbox 522 2250 714 2326; x_wconf 87' lang='lat' dir='ltr'><strong>incidebant</strong></span> <span class='ocrx_word' id='word_1_87' title='bbox 736 2249 783 2345; x_wconf 81' lang='lat'><strong>¹),</strong></span> <span class='ocrx_word' id='word_1_88' title='bbox 799 2251 900 2342; x_wconf 87' lang='lat' dir='ltr'><strong>docti,</strong></span> <span class='ocrx_word' id='word_1_89' title='bbox 933 2253 1023 2347; x_wconf 92' lang='lat' dir='ltr'><strong>apud</strong></span> <span class='ocrx_word' id='word_1_90' title='bbox 1050 2252 1311 2347; x_wconf 83' lang='lat' dir='ltr'><strong>Legnicxensem</strong></span> <span class='ocrx_word' id='word_1_91' title='bbox 1339 2253 1512 2329; x_wconf 89' lang='lat' dir='ltr'><strong>civitatem</strong></span> <span class='ocrx_word' id='word_1_92' title='bbox 1539 2254 1653 2349; x_wconf 80' lang='lat' dir='ltr'><strong>plures</strong></span> <span class='ocrx_word' id='word_1_93' title='bbox 1679 2253 1926 2329; x_wconf 70' lang='lat' dir='ltr'><strong>Catholicornm</strong></span> 
     </span>
     <span class='ocr_line' id='line_1_12' title="bbox 376 2371 1926 2472; baseline -0.001 -21"><span class='ocrx_word' id='word_1_94' title='bbox 376 2378 495 2472; x_wconf 86' lang='lat' dir='ltr'><strong>gentes</strong></span> <span class='ocrx_word' id='word_1_95' title='bbox 522 2372 728 2464; x_wconf 91' lang='lat' dir='ltr'><strong>convenisse,</strong></span> <span class='ocrx_word' id='word_1_96' title='bbox 758 2371 841 2447; x_wconf 92' lang='lat' dir='ltr'><strong>illuc</strong></span> <span class='ocrx_word' id='word_1_97' title='bbox 867 2372 916 2448; x_wconf 89' lang='lat' dir='ltr'><strong>ire</strong></span> <span class='ocrx_word' id='word_1_98' title='bbox 943 2376 1102 2470; x_wconf 89' lang='lat' dir='ltr'><strong>pergunt,</strong></span> <span class='ocrx_word' id='word_1_99' title='bbox 1131 2376 1166 2450; x_wconf 91' lang='lat' dir='ltr'><strong>et</strong></span> <span class='ocrx_word' id='word_1_100' title='bbox 1192 2397 1213 2449; x_wconf 91' lang='lat' dir='ltr'><strong>a</strong></span> <span class='ocrx_word' id='word_1_101' title='bbox 1239 2375 1464 2453; x_wconf 88' lang='lat' dir='ltr'><strong>Wratislavia</strong></span> <span class='ocrx_word' id='word_1_102' title='bbox 1489 2397 1606 2452; x_wconf 91' lang='lat' dir='ltr'><strong>versus</strong></span> <span class='ocrx_word' id='word_1_103' title='bbox 1623 2374 1850 2470; x_wconf 83' lang='lat' dir='ltr'><strong>Iegnicnense</strong></span> <span class='ocrx_word' id='word_1_104' title='bbox 1868 2397 1926 2470; x_wconf 92' lang='lat' dir='ltr'><strong>op-</strong></span> 
     </span>
     <span class='ocr_line' id='line_1_13' title="bbox 376 2494 1927 2595; baseline -0.002 -22"><span class='ocrx_word' id='word_1_105' title='bbox 376 2499 504 2595; x_wconf 84' lang='lat' dir='ltr'><strong>pidum,</strong></span> <span class='ocrx_word' id='word_1_106' title='bbox 542 2495 655 2571; x_wconf 88' lang='lat' dir='ltr'><strong>omnia</strong></span> <span class='ocrx_word' id='word_1_107' title='bbox 690 2494 727 2569; x_wconf 91' lang='lat' dir='ltr'><strong>in</strong></span> <span class='ocrx_word' id='word_1_108' title='bbox 762 2494 906 2570; x_wconf 88' lang='lat' dir='ltr'><strong>circuitu</strong></span> <span class='ocrx_word' id='word_1_109' title='bbox 942 2496 1052 2571; x_wconf 89' lang='lat' dir='ltr'><strong>dando</strong></span> <span class='ocrx_word' id='word_1_110' title='bbox 1078 2495 1113 2570; x_wconf 92' lang='lat' dir='ltr'><strong>in</strong></span> <span class='ocrx_word' id='word_1_111' title='bbox 1141 2497 1305 2590; x_wconf 88' lang='lat' dir='ltr'><strong>flammas,</strong></span> <span class='ocrx_word' id='word_1_112' title='bbox 1334 2498 1512 2574; x_wconf 88' lang='lat' dir='ltr'><strong>reflectunt</strong></span> <span class='ocrx_word' id='word_1_113' title='bbox 1538 2497 1615 2574; x_wconf 87' lang='lat' dir='ltr'><strong>iton.</strong></span> <span class='ocrx_word' id='word_1_114' title='bbox 1661 2497 1803 2572; x_wconf 80' lang='lat' dir='ltr'><strong>Femina</strong></span> <span class='ocrx_word' id='word_1_115' title='bbox 1828 2499 1927 2572; x_wconf 84' lang='lat' dir='ltr'><strong>beata</strong></span> 
     </span>
     <span class='ocr_line' id='line_1_14' title="bbox 375 2617 1926 2716; baseline -0.002 -22"><span class='ocrx_word' id='word_1_116' title='bbox 375 2619 552 2716; x_wconf 88' lang='lat' dir='ltr'><strong>Hedvigis,</strong></span> <span class='ocrx_word' id='word_1_117' title='bbox 589 2617 737 2712; x_wconf 89' lang='lat' dir='ltr'><strong>quaein</strong></span> <span class='ocrx_word' id='word_1_118' title='bbox 765 2618 966 2694; x_wconf 89' lang='lat' dir='ltr'><strong>monasterio</strong></span> <span class='ocrx_word' id='word_1_119' title='bbox 1002 2618 1257 2695; x_wconf 81' lang='lat' dir='ltr'><strong>Trnebnionensi</strong></span> <span class='ocrx_word' id='word_1_120' title='bbox 1293 2641 1369 2696; x_wconf 89' lang='lat' dir='ltr'><strong>oum</strong></span> <span class='ocrx_word' id='word_1_121' title='bbox 1403 2619 1595 2715; x_wconf 91' lang='lat' dir='ltr'><strong>virginibus</strong></span> <span class='ocrx_word' id='word_1_122' title='bbox 1631 2619 1866 2715; x_wconf 87' lang='lat' dir='ltr'><strong>virginitatem</strong></span> <span class='ocrx_word' id='word_1_123' title='bbox 1892 2619 1926 2692; x_wconf 90' lang='lat' dir='ltr'><strong>et</strong></span> 
     </span>
     <span class='ocr_line' id='line_1_15' title="bbox 374 2739 1924 2837; baseline -0.003 -20"><span class='ocrx_word' id='word_1_124' title='bbox 374 2741 574 2837; x_wconf 88' lang='lat' dir='ltr'><strong>religionem</strong></span> <span class='ocrx_word' id='word_1_125' title='bbox 610 2739 863 2816; x_wconf 83' lang='lat' dir='ltr'><strong>(listeroiensem</strong></span> <span class='ocrx_word' id='word_1_126' title='bbox 900 2740 1060 2836; x_wconf 85' lang='lat' dir='ltr'><strong>professis</strong></span> <span class='ocrx_word' id='word_1_127' title='bbox 1094 2743 1297 2835; x_wconf 85' lang='lat' dir='ltr'><strong>morabatur,</strong></span> <span class='ocrx_word' id='word_1_128' title='bbox 1336 2765 1402 2817; x_wconf 92' lang='lat' dir='ltr'><strong>non</strong></span> <span class='ocrx_word' id='word_1_129' title='bbox 1436 2743 1508 2816; x_wconf 84' lang='lat' dir='ltr'><strong>tarn</strong></span> <span class='ocrx_word' id='word_1_130' title='bbox 1544 2741 1608 2817; x_wconf 91' lang='lat' dir='ltr'><strong>sibi</strong></span> <span class='ocrx_word' id='word_1_131' title='bbox 1632 2741 1795 2833; x_wconf 90' lang='lat' dir='ltr'><strong>metuens,</strong></span> <span class='ocrx_word' id='word_1_132' title='bbox 1823 2761 1924 2832; x_wconf 88' lang='lat' dir='ltr'><strong>quam</strong></span> 
     </span>
     <span class='ocr_line' id='line_1_16' title="bbox 375 2861 1925 2958; baseline -0.003 -19"><span class='ocrx_word' id='word_1_133' title='bbox 375 2862 707 2955; x_wconf 89' lang='lat' dir='ltr'><strong>sanctimonialibus,</strong></span> <span class='ocrx_word' id='word_1_134' title='bbox 747 2885 790 2937; x_wconf 89' lang='lat' dir='ltr'><strong>ex</strong></span> <span class='ocrx_word' id='word_1_135' title='bbox 817 2861 1072 2938; x_wconf 79' lang='lat' dir='ltr'><strong>&#39;I&#39;rnebniczensi</strong></span> <span class='ocrx_word' id='word_1_136' title='bbox 1099 2863 1171 2939; x_wconf 91' lang='lat' dir='ltr'><strong>loco</strong></span> <span class='ocrx_word' id='word_1_137' title='bbox 1198 2887 1307 2956; x_wconf 87' lang='lat' dir='ltr'><strong>neque</strong></span> <span class='ocrx_word' id='word_1_138' title='bbox 1334 2866 1407 2939; x_wconf 91' lang='lat' dir='ltr'><strong>arte</strong></span> <span class='ocrx_word' id='word_1_139' title='bbox 1438 2887 1545 2958; x_wconf 90' lang='lat' dir='ltr'><strong>neque</strong></span> <span class='ocrx_word' id='word_1_140' title='bbox 1572 2865 1695 2939; x_wconf 89' lang='lat' dir='ltr'><strong>natura</strong></span> <span class='ocrx_word' id='word_1_141' title='bbox 1721 2862 1864 2952; x_wconf 91' lang='lat' dir='ltr'><strong>munito,</strong></span> <span class='ocrx_word' id='word_1_142' title='bbox 1891 2861 1925 2935; x_wconf 93' lang='lat' dir='ltr'><strong>in</strong></span> 
     </span>
     <span class='ocr_line' id='line_1_17' title="bbox 374 2983 1925 3077; baseline -0.003 -16"><span class='ocrx_word' id='word_1_143' title='bbox 374 2987 572 3077; x_wconf 86' lang='lat' dir='ltr'><strong>Krosnnam,</strong></span> <span class='ocrx_word' id='word_1_144' title='bbox 610 2985 759 3060; x_wconf 87' lang='lat' dir='ltr'><strong>castrum</strong></span> <span class='ocrx_word' id='word_1_145' title='bbox 787 2984 822 3058; x_wconf 91' lang='lat' dir='ltr'><strong>in</strong></span> <span class='ocrx_word' id='word_1_146' title='bbox 849 2983 1052 3060; x_wconf 87' lang='lat' dir='ltr'><strong>confluentia</strong></span> <span class='ocrx_word' id='word_1_147' title='bbox 1089 2985 1265 3061; x_wconf 84' lang='lat' dir='ltr'><strong>fluviorum</strong></span> <span class='ocrx_word' id='word_1_148' title='bbox 1301 2986 1408 3060; x_wconf 89' lang='lat' dir='ltr'><strong>Odrae</strong></span> <span class='ocrx_word' id='word_1_149' title='bbox 1443 2988 1478 3060; x_wconf 92' lang='lat' dir='ltr'><strong>et</strong></span> <span class='ocrx_word' id='word_1_150' title='bbox 1514 2987 1605 3061; x_wconf 92' lang='lat' dir='ltr'><strong>Bobr</strong></span> <span class='ocrx_word' id='word_1_151' title='bbox 1639 2985 1753 3076; x_wconf 90' lang='lat' dir='ltr'><strong>situm,</strong></span> <span class='ocrx_word' id='word_1_152' title='bbox 1790 2986 1863 3059; x_wconf 88' lang='lat' dir='ltr'><strong>tam</strong></span> <span class='ocrx_word' id='word_1_153' title='bbox 1890 3005 1925 3056; x_wconf 89' lang='lat' dir='ltr'><strong>se</strong></span> 
     </span>
     <span class='ocr_line' id='line_1_18' title="bbox 375 3103 1927 3202; baseline -0.005 -18"><span class='ocrx_word' id='word_1_154' title='bbox 375 3132 477 3202; x_wconf 89' lang='lat' dir='ltr'><strong>quam</strong></span> <span class='ocrx_word' id='word_1_155' title='bbox 505 3128 633 3183; x_wconf 90' lang='lat' dir='ltr'><strong>sorores</strong></span> <span class='ocrx_word' id='word_1_156' title='bbox 660 3107 694 3182; x_wconf 87' lang='lat' dir='ltr'><strong>et</strong></span> <span class='ocrx_word' id='word_1_157' title='bbox 721 3105 990 3198; x_wconf 88' lang='lat' dir='ltr'><strong>universaquae</strong></span> <span class='ocrx_word' id='word_1_158' title='bbox 1017 3106 1213 3182; x_wconf 91' lang='lat' dir='ltr'><strong>monasterii</strong></span> <span class='ocrx_word' id='word_1_159' title='bbox 1241 3109 1349 3199; x_wconf 90' lang='lat' dir='ltr'><strong>erant,</strong></span> <span class='ocrx_word' id='word_1_160' title='bbox 1389 3107 1471 3183; x_wconf 88' lang='lat' dir='ltr'><strong>item</strong></span> <span class='ocrx_word' id='word_1_161' title='bbox 1498 3106 1633 3184; x_wconf 84' lang='lat' dir='ltr'><strong>Annam</strong></span> <span class='ocrx_word' id='word_1_162' title='bbox 1659 3105 1836 3182; x_wconf 87' lang='lat' dir='ltr'><strong>Ducissam</strong></span> <span class='ocrx_word' id='word_1_163' title='bbox 1863 3103 1927 3178; x_wconf 88' lang='lat' dir='ltr'><strong>filii</strong></span> 
     </span>
    </p>
   </div>
   <div class='ocr_carea' id='block_1_5' title="bbox 375 3225 2069 3323">
    <p class='ocr_par' dir='ltr' id='par_1_5' title="bbox 375 3225 2069 3323">
     <span class='ocr_line' id='line_1_19' title="bbox 375 3225 2069 3323; baseline -0.004 -17"><span class='ocrx_word' id='word_1_164' title='bbox 375 3231 429 3306; x_wconf 89' lang='lat' dir='ltr'><strong>sui</strong></span> <span class='ocrx_word' id='word_1_165' title='bbox 455 3228 593 3306; x_wconf 90' lang='lat' dir='ltr'><strong>Henrici</strong></span> <span class='ocrx_word' id='word_1_166' title='bbox 620 3229 823 3322; x_wconf 87' lang='lat' dir='ltr'><strong>consortem,</strong></span> <span class='ocrx_word' id='word_1_167' title='bbox 859 3229 895 3303; x_wconf 89' lang='lat' dir='ltr'><strong>et</strong></span> <span class='ocrx_word' id='word_1_168' title='bbox 922 3229 1037 3323; x_wconf 86' lang='lat' dir='ltr'><strong>plures</strong></span> <span class='ocrx_word' id='word_1_169' title='bbox 1073 3229 1159 3304; x_wconf 86' lang='lat' dir='ltr'><strong>alias</strong></span> <span class='ocrx_word' id='word_1_170' title='bbox 1196 3229 1325 3305; x_wconf 91' lang='lat' dir='ltr'><strong>nobiles</strong></span> <span class='ocrx_word' id='word_1_171' title='bbox 1360 3229 1504 3306; x_wconf 83' lang='lat' dir='ltr'><strong>feminas</strong></span> <span class='ocrx_word' id='word_1_172' title='bbox 1531 3231 1566 3305; x_wconf 89' lang='lat' dir='ltr'><strong>et</strong></span> <span class='ocrx_word' id='word_1_173' title='bbox 1593 3231 1762 3304; x_wconf 85' lang='lat' dir='ltr'><strong>matronas</strong></span> <span class='ocrx_word' id='word_1_174' title='bbox 1794 3225 1924 3302; x_wconf 87' lang='lat' dir='ltr'><strong>traduci</strong></span> <span class='ocrx_word' id='word_1_175' title='bbox 2068 3233 2069 3240; x_wconf 70' lang='lat'><em>&#39;</em></span> 
     </span>
    </p>
   </div>
   <div class='ocr_carea' id='block_1_6' title="bbox 369 3349 1925 5036">
    <p class='ocr_par' dir='ltr' id='par_1_6' title="bbox 369 3349 1925 5036">
     <span class='ocr_line' id='line_1_20' title="bbox 374 3349 1923 3449; baseline -0.002 -22"><span class='ocrx_word' id='word_1_176' title='bbox 374 3351 577 3449; x_wconf 75' lang='lat' dir='ltr'><strong>procuravit,</strong></span> <span class='ocrx_word' id='word_1_177' title='bbox 605 3352 641 3426; x_wconf 89' lang='lat' dir='ltr'><strong>et</strong></span> <span class='ocrx_word' id='word_1_178' title='bbox 668 3350 703 3425; x_wconf 93' lang='lat' dir='ltr'><strong>in</strong></span> <span class='ocrx_word' id='word_1_179' title='bbox 729 3350 790 3424; x_wconf 93' lang='lat' dir='ltr'><strong>illo</strong></span> <span class='ocrx_word' id='word_1_180' title='bbox 817 3373 877 3445; x_wconf 90' lang='lat' dir='ltr'><strong>per</strong></span> <span class='ocrx_word' id='word_1_181' title='bbox 903 3373 1000 3425; x_wconf 90' lang='lat' dir='ltr'><strong>omne</strong></span> <span class='ocrx_word' id='word_1_182' title='bbox 1027 3352 1173 3446; x_wconf 73' lang='lat' dir='ltr'><strong>tempus</strong></span> <span class='ocrx_word' id='word_1_183' title='bbox 1201 3373 1267 3442; x_wconf 92' lang='lat' dir='ltr'><strong>quo</strong></span> <span class='ocrx_word' id='word_1_184' title='bbox 1294 3351 1423 3426; x_wconf 85' lang='lat' dir='ltr'><strong>Slesiao</strong></span> <span class='ocrx_word' id='word_1_185' title='bbox 1449 3373 1507 3427; x_wconf 91' lang='lat' dir='ltr'><strong>ora</strong></span> <span class='ocrx_word' id='word_1_186' title='bbox 1534 3374 1555 3426; x_wconf 91' lang='lat' dir='ltr'><strong>a</strong></span> <span class='ocrx_word' id='word_1_187' title='bbox 1582 3349 1758 3426; x_wconf 80' lang='lat' dir='ltr'><strong>Thartaris</strong></span> <span class='ocrx_word' id='word_1_188' title='bbox 1784 3371 1923 3444; x_wconf 88' lang='lat' dir='ltr'><strong>quassa·</strong></span> 
     </span>
     <span class='ocr_line' id='line_1_21' title="bbox 373 3471 1922 3568; baseline -0.003 -19"><span class='ocrx_word' id='word_1_189' title='bbox 373 3477 411 3549; x_wconf 91' lang='lat' dir='ltr'><strong>ta</strong></span> <span class='ocrx_word' id='word_1_190' title='bbox 436 3475 500 3566; x_wconf 91' lang='lat' dir='ltr'><strong>est,</strong></span> <span class='ocrx_word' id='word_1_191' title='bbox 529 3472 669 3568; x_wconf 75' lang='lat' dir='ltr'><strong>qruievit.</strong></span> <span class='ocrx_word' id='word_1_192' title='bbox 697 3471 865 3547; x_wconf 89' lang='lat' dir='ltr'><strong>Henrious</strong></span> <span class='ocrx_word' id='word_1_193' title='bbox 891 3473 970 3546; x_wconf 91' lang='lat' dir='ltr'><strong>Dux</strong></span> <span class='ocrx_word' id='word_1_194' title='bbox 996 3471 1289 3549; x_wconf 88' lang='lat' dir='ltr'><strong>Wratislaviensis</strong></span> <span class='ocrx_word' id='word_1_195' title='bbox 1315 3472 1409 3547; x_wconf 87' lang='lat' dir='ltr'><strong>filius</strong></span> <span class='ocrx_word' id='word_1_196' title='bbox 1435 3495 1528 3566; x_wconf 88' lang='lat' dir='ltr'><strong>suus,</strong></span> <span class='ocrx_word' id='word_1_197' title='bbox 1556 3473 1636 3548; x_wconf 90' lang='lat' dir='ltr'><strong>dum</strong></span> <span class='ocrx_word' id='word_1_198' title='bbox 1662 3473 1745 3548; x_wconf 90' lang='lat' dir='ltr'><strong>baso</strong></span> <span class='ocrx_word' id='word_1_199' title='bbox 1762 3475 1922 3567; x_wconf 85' lang='lat' dir='ltr'><strong>aguntur,</strong></span> 
     </span>
     <span class='ocr_line' id='line_1_22' title="bbox 373 3593 1925 3691; baseline -0.003 -19"><span class='ocrx_word' id='word_1_200' title='bbox 373 3600 445 3673; x_wconf 71' lang='lat' dir='ltr'><strong>bru</strong></span> <span class='ocrx_word' id='word_1_201' title='bbox 471 3595 608 3671; x_wconf 84' lang='lat' dir='ltr'><strong>Maioris</strong></span> <span class='ocrx_word' id='word_1_202' title='bbox 634 3593 794 3670; x_wconf 89' lang='lat' dir='ltr'><strong>Poloniaa</strong></span> <span class='ocrx_word' id='word_1_203' title='bbox 821 3617 922 3687; x_wconf 82' lang='lat' dir='ltr'><strong>quam</strong></span> <span class='ocrx_word' id='word_1_204' title='bbox 950 3593 1076 3670; x_wconf 87' lang='lat' dir='ltr'><strong>Slesiae</strong></span> <span class='ocrx_word' id='word_1_205' title='bbox 1104 3594 1231 3670; x_wconf 89' lang='lat' dir='ltr'><strong>milites</strong></span> <span class='ocrx_word' id='word_1_206' title='bbox 1258 3596 1293 3670; x_wconf 89' lang='lat' dir='ltr'><strong>et</strong></span> <span class='ocrx_word' id='word_1_207' title='bbox 1319 3595 1514 3691; x_wconf 87' lang='lat' dir='ltr'><strong>armigeros,</strong></span> <span class='ocrx_word' id='word_1_208' title='bbox 1547 3595 1605 3670; x_wconf 89' lang='lat' dir='ltr'><strong>sed</strong></span> <span class='ocrx_word' id='word_1_209' title='bbox 1632 3596 1667 3670; x_wconf 91' lang='lat' dir='ltr'><strong>et</strong></span> <span class='ocrx_word' id='word_1_210' title='bbox 1693 3594 1883 3668; x_wconf 89' lang='lat' dir='ltr'><strong>rusticanos</strong></span> <span class='ocrx_word' id='word_1_211' title='bbox 1896 3593 1925 3686; x_wconf 72' lang='lat'><strong>²)</strong></span> 
     </span>
     <span class='ocr_line' id='line_1_23' title="bbox 373 3715 1924 3814; baseline -0.004 -19"><span class='ocrx_word' id='word_1_212' title='bbox 373 3722 408 3795; x_wconf 91' lang='lat' dir='ltr'><strong>et</strong></span> <span class='ocrx_word' id='word_1_213' title='bbox 435 3720 587 3814; x_wconf 82' lang='lat' dir='ltr'><strong>agrestes</strong></span> <span class='ocrx_word' id='word_1_214' title='bbox 614 3716 778 3809; x_wconf 91' lang='lat' dir='ltr'><strong>homines,</strong></span> <span class='ocrx_word' id='word_1_215' title='bbox 807 3737 867 3810; x_wconf 90' lang='lat' dir='ltr'><strong>spe</strong></span> <span class='ocrx_word' id='word_1_216' title='bbox 894 3715 1077 3811; x_wconf 87' lang='lat' dir='ltr'><strong>potiundae</strong></span> <span class='ocrx_word' id='word_1_217' title='bbox 1104 3716 1144 3793; x_wconf 95' lang='lat' dir='ltr'><strong>de</strong></span> <span class='ocrx_word' id='word_1_218' title='bbox 1171 3717 1348 3792; x_wconf 79' lang='lat' dir='ltr'><strong>Thartaris</strong></span> <span class='ocrx_word' id='word_1_219' title='bbox 1374 3717 1534 3793; x_wconf 90' lang='lat' dir='ltr'><strong>victoriae</strong></span> <span class='ocrx_word' id='word_1_220' title='bbox 1562 3739 1664 3810; x_wconf 90' lang='lat' dir='ltr'><strong>quam</strong></span> <span class='ocrx_word' id='word_1_221' title='bbox 1691 3716 1839 3791; x_wconf 86' lang='lat' dir='ltr'><strong>maxime</strong></span> <span class='ocrx_word' id='word_1_222' title='bbox 1858 3716 1924 3790; x_wconf 88' lang='lat' dir='ltr'><strong>fre-</strong></span> 
     </span>
     <span class='ocr_line' id='line_1_24' title="bbox 372 3839 1923 3935; baseline -0.003 -19"><span class='ocrx_word' id='word_1_223' title='bbox 372 3843 441 3934; x_wconf 86' lang='lat' dir='ltr'><strong>tus,</strong></span> <span class='ocrx_word' id='word_1_224' title='bbox 470 3841 506 3916; x_wconf 92' lang='lat' dir='ltr'><strong>in</strong></span> <span class='ocrx_word' id='word_1_225' title='bbox 533 3863 628 3916; x_wconf 88' lang='lat' dir='ltr'><strong>arma</strong></span> <span class='ocrx_word' id='word_1_226' title='bbox 654 3840 819 3935; x_wconf 77' lang='lat' dir='ltr'><strong>coegerat,</strong></span> <span class='ocrx_word' id='word_1_227' title='bbox 849 3839 1096 3932; x_wconf 88' lang='lat' dir='ltr'><strong>nonnullosque</strong></span> <span class='ocrx_word' id='word_1_228' title='bbox 1124 3839 1203 3915; x_wconf 89' lang='lat' dir='ltr'><strong>dato</strong></span> <span class='ocrx_word' id='word_1_229' title='bbox 1230 3839 1387 3915; x_wconf 88' lang='lat' dir='ltr'><strong>donativo</strong></span> <span class='ocrx_word' id='word_1_230' title='bbox 1415 3840 1637 3928; x_wconf 86' lang='lat' dir='ltr'><strong>conduxerat;</strong></span> <span class='ocrx_word' id='word_1_231' title='bbox 1666 3839 1779 3934; x_wconf 86' lang='lat' dir='ltr'><strong>plures</strong></span> <span class='ocrx_word' id='word_1_232' title='bbox 1805 3840 1923 3913; x_wconf 90' lang='lat' dir='ltr'><strong>volun·</strong></span> 
     </span>
     <span class='ocr_line' id='line_1_25' title="bbox 372 3961 1923 4058; baseline -0.003 -20"><span class='ocrx_word' id='word_1_233' title='bbox 372 3964 453 4039; x_wconf 85' lang='lat' dir='ltr'><strong>terii</strong></span> <span class='ocrx_word' id='word_1_234' title='bbox 480 3966 516 4038; x_wconf 90' lang='lat' dir='ltr'><strong>et</strong></span> <span class='ocrx_word' id='word_1_235' title='bbox 541 3965 646 4038; x_wconf 80' lang='lat' dir='ltr'><strong>Oruoe</strong></span> <span class='ocrx_word' id='word_1_236' title='bbox 673 3961 801 4058; x_wconf 86' lang='lat' dir='ltr'><strong>signati</strong></span> <span class='ocrx_word' id='word_1_237' title='bbox 829 3961 912 4056; x_wconf 86' lang='lat' dir='ltr'><strong>(iarn</strong></span> <span class='ocrx_word' id='word_1_238' title='bbox 939 3961 1030 4035; x_wconf 90' lang='lat' dir='ltr'><strong>enim</strong></span> <span class='ocrx_word' id='word_1_239' title='bbox 1057 3962 1259 4036; x_wconf 88' lang='lat' dir='ltr'><strong>auctoritate</strong></span> <span class='ocrx_word' id='word_1_240' title='bbox 1296 3962 1483 4057; x_wconf 85' lang='lat' dir='ltr'><strong>apostolica</strong></span> <span class='ocrx_word' id='word_1_241' title='bbox 1514 3962 1549 4036; x_wconf 94' lang='lat' dir='ltr'><strong>in</strong></span> <span class='ocrx_word' id='word_1_242' title='bbox 1577 3961 1696 4036; x_wconf 86' lang='lat' dir='ltr'><strong>multis</strong></span> <span class='ocrx_word' id='word_1_243' title='bbox 1730 3961 1923 4056; x_wconf 88' lang='lat' dir='ltr'><strong>regionibus</strong></span> 
     </span>
     <span class='ocr_line' id='line_1_26' title="bbox 374 4083 1922 4180; baseline -0.001 -19"><span class='ocrx_word' id='word_1_244' title='bbox 374 4087 465 4161; x_wconf 80' lang='lat' dir='ltr'><strong>(lrux</strong></span> <span class='ocrx_word' id='word_1_245' title='bbox 491 4087 608 4162; x_wconf 86' lang='lat' dir='ltr'><strong>contra</strong></span> <span class='ocrx_word' id='word_1_246' title='bbox 626 4085 821 4176; x_wconf 74' lang='lat' dir='ltr'><strong>Thartaros,</strong></span> <span class='ocrx_word' id='word_1_247' title='bbox 850 4084 945 4159; x_wconf 88' lang='lat' dir='ltr'><strong>velut</strong></span> <span class='ocrx_word' id='word_1_248' title='bbox 971 4105 1162 4159; x_wconf 89' lang='lat' dir='ltr'><strong>communes</strong></span> <span class='ocrx_word' id='word_1_249' title='bbox 1188 4086 1224 4158; x_wconf 90' lang='lat' dir='ltr'><strong>et</strong></span> <span class='ocrx_word' id='word_1_250' title='bbox 1250 4085 1402 4180; x_wconf 91' lang='lat' dir='ltr'><strong>publicos</strong></span> <span class='ocrx_word' id='word_1_251' title='bbox 1427 4083 1640 4159; x_wconf 74' lang='lat' dir='ltr'><strong>Christianae</strong></span> <span class='ocrx_word' id='word_1_252' title='bbox 1662 4083 1838 4178; x_wconf 88' lang='lat' dir='ltr'><strong>religionis</strong></span> <span class='ocrx_word' id='word_1_253' title='bbox 1864 4083 1922 4159; x_wconf 91' lang='lat' dir='ltr'><strong>bo·</strong></span> 
     </span>
     <span class='ocr_line' id='line_1_27' title="bbox 372 4193 1923 4304; baseline -0.003 -20"><span class='ocrx_word' id='word_1_254' title='bbox 372 4211 441 4284; x_wconf 87' lang='lat' dir='ltr'><strong>stes</strong></span> <span class='ocrx_word' id='word_1_255' title='bbox 459 4193 730 4304; x_wconf 83' lang='lat' dir='ltr'><strong>praedicabatur)</strong></span> <span class='ocrx_word' id='word_1_256' title='bbox 750 4229 785 4281; x_wconf 89' lang='lat' dir='ltr'><strong>se</strong></span> <span class='ocrx_word' id='word_1_257' title='bbox 803 4205 857 4280; x_wconf 93' lang='lat' dir='ltr'><strong>illi</strong></span> <span class='ocrx_word' id='word_1_258' title='bbox 878 4204 1136 4298; x_wconf 86' lang='lat' dir='ltr'><strong>coniunxerant,</strong></span> <span class='ocrx_word' id='word_1_259' title='bbox 1165 4205 1247 4282; x_wconf 90' lang='lat' dir='ltr'><strong>item</strong></span> <span class='ocrx_word' id='word_1_260' title='bbox 1270 4207 1479 4302; x_wconf 80' lang='lat' dir='ltr'><strong>Mpeoaslaus</strong></span> <span class='ocrx_word' id='word_1_261' title='bbox 1506 4208 1585 4282; x_wconf 91' lang='lat' dir='ltr'><strong>Dux</strong></span> <span class='ocrx_word' id='word_1_262' title='bbox 1611 4206 1813 4302; x_wconf 87' lang='lat' dir='ltr'><strong>Opolieneis,</strong></span> <span class='ocrx_word' id='word_1_263' title='bbox 1843 4205 1923 4282; x_wconf 87' lang='lat' dir='ltr'><strong>item</strong></span> 
     </span>
     <span class='ocr_line' id='line_1_28' title="bbox 372 4327 1920 4424; baseline -0.002 -19"><span class='ocrx_word' id='word_1_264' title='bbox 372 4331 549 4406; x_wconf 88' lang='lat' dir='ltr'><strong>Boleslaus</strong></span> <span class='ocrx_word' id='word_1_265' title='bbox 587 4329 737 4405; x_wconf 84' lang='lat' dir='ltr'><strong>blanchio</strong></span> <span class='ocrx_word' id='word_1_266' title='bbox 763 4327 932 4404; x_wconf 85' lang='lat' dir='ltr'><strong>bloraviae</strong></span> <span class='ocrx_word' id='word_1_267' title='bbox 959 4327 1052 4402; x_wconf 88' lang='lat' dir='ltr'><strong>filius</strong></span> <span class='ocrx_word' id='word_1_268' title='bbox 1080 4327 1217 4423; x_wconf 89' lang='lat' dir='ltr'><strong>Dipoldi</strong></span> <span class='ocrx_word' id='word_1_269' title='bbox 1244 4329 1390 4423; x_wconf 86' lang='lat' dir='ltr'><strong>expulsi,</strong></span> <span class='ocrx_word' id='word_1_270' title='bbox 1428 4331 1593 4424; x_wconf 89' lang='lat' dir='ltr'><strong>atnepos</strong></span> <span class='ocrx_word' id='word_1_271' title='bbox 1620 4351 1801 4424; x_wconf 86' lang='lat' dir='ltr'><strong>germanus</strong></span> <span class='ocrx_word' id='word_1_272' title='bbox 1828 4329 1920 4402; x_wconf 89' lang='lat' dir='ltr'><strong>Hon-</strong></span> 
     </span>
     <span class='ocr_line' id='line_1_29' title="bbox 371 4447 1920 4547; baseline -0.002 -21"><span class='ocrx_word' id='word_1_273' title='bbox 371 4452 433 4528; x_wconf 89' lang='lat' dir='ltr'><strong>rici</strong></span> <span class='ocrx_word' id='word_1_274' title='bbox 459 4475 536 4528; x_wconf 91' lang='lat' dir='ltr'><strong>cum</strong></span> <span class='ocrx_word' id='word_1_275' title='bbox 562 4453 666 4526; x_wconf 91' lang='lat' dir='ltr'><strong>barba</strong></span> <span class='ocrx_word' id='word_1_276' title='bbox 693 4447 744 4524; x_wconf 85' lang='lat' dir='ltr'><strong>ex¹</strong></span> <span class='ocrx_word' id='word_1_277' title='bbox 764 4471 875 4525; x_wconf 90' lang='lat' dir='ltr'><strong>sorore</strong></span> <span class='ocrx_word' id='word_1_278' title='bbox 901 4471 1064 4545; x_wconf 90' lang='lat' dir='ltr'><strong>germana</strong></span> <span class='ocrx_word' id='word_1_279' title='bbox 1082 4449 1245 4547; x_wconf 81' lang='lat' dir='ltr'><strong>Adleyda,</strong></span> <span class='ocrx_word' id='word_1_280' title='bbox 1274 4449 1332 4543; x_wconf 87' lang='lat' dir='ltr'><strong>qui</strong></span> <span class='ocrx_word' id='word_1_281' title='bbox 1360 4451 1551 4546; x_wconf 86' lang='lat' dir='ltr'><strong>Sobepolka</strong></span> <span class='ocrx_word' id='word_1_282' title='bbox 1576 4451 1835 4546; x_wconf 84' lang='lat' dir='ltr'><strong>cognominatus</strong></span> <span class='ocrx_word' id='word_1_283' title='bbox 1860 4453 1920 4540; x_wconf 89' lang='lat' dir='ltr'><strong>est,</strong></span> 
     </span>
     <span class='ocr_line' id='line_1_30' title="bbox 371 4571 1920 4668; baseline -0.001 -19"><span class='ocrx_word' id='word_1_284' title='bbox 371 4596 447 4649; x_wconf 91' lang='lat' dir='ltr'><strong>cum</strong></span> <span class='ocrx_word' id='word_1_285' title='bbox 473 4573 642 4649; x_wconf 88' lang='lat' dir='ltr'><strong>militibus</strong></span> <span class='ocrx_word' id='word_1_286' title='bbox 676 4573 758 4664; x_wconf 91' lang='lat' dir='ltr'><strong>suis,</strong></span> <span class='ocrx_word' id='word_1_287' title='bbox 796 4571 879 4647; x_wconf 89' lang='lat' dir='ltr'><strong>item</strong></span> <span class='ocrx_word' id='word_1_288' title='bbox 916 4573 1041 4666; x_wconf 91' lang='lat' dir='ltr'><strong>Pompo</strong></span> <span class='ocrx_word' id='word_1_289' title='bbox 1069 4573 1109 4646; x_wconf 90' lang='lat' dir='ltr'><strong>de</strong></span> <span class='ocrx_word' id='word_1_290' title='bbox 1135 4573 1304 4648; x_wconf 87' lang='lat' dir='ltr'><strong>Hesterno</strong></span> <span class='ocrx_word' id='word_1_291' title='bbox 1320 4571 1349 4666; x_wconf 83' lang='lat'><strong>³)</strong></span> <span class='ocrx_word' id='word_1_292' title='bbox 1375 4573 1540 4668; x_wconf 89' lang='lat' dir='ltr'><strong>Magister</strong></span> <span class='ocrx_word' id='word_1_293' title='bbox 1575 4573 1746 4668; x_wconf 89' lang='lat' dir='ltr'><strong>generalis</strong></span> <span class='ocrx_word' id='word_1_294' title='bbox 1773 4573 1920 4649; x_wconf 81' lang='lat' dir='ltr'><strong>llrucile·</strong></span> 
     </span>
     <span class='ocr_line' id='line_1_31' title="bbox 370 4693 1920 4786; baseline -0.001 -15"><span class='ocrx_word' id='word_1_295' title='bbox 370 4717 483 4772; x_wconf 90' lang='lat' dir='ltr'><strong>rorum</strong></span> <span class='ocrx_word' id='word_1_296' title='bbox 511 4695 552 4770; x_wconf 91' lang='lat' dir='ltr'><strong>da</strong></span> <span class='ocrx_word' id='word_1_297' title='bbox 578 4694 718 4771; x_wconf 87' lang='lat' dir='ltr'><strong>Prassia</strong></span> <span class='ocrx_word' id='word_1_298' title='bbox 753 4695 788 4769; x_wconf 87' lang='lat' dir='ltr'><strong>et</strong></span> <span class='ocrx_word' id='word_1_299' title='bbox 814 4695 952 4769; x_wconf 71' lang='lat' dir='ltr'><strong>matres</strong></span> <span class='ocrx_word' id='word_1_300' title='bbox 993 4693 1138 4767; x_wconf 87' lang='lat' dir='ltr'><strong>militiae</strong></span> <span class='ocrx_word' id='word_1_301' title='bbox 1165 4693 1292 4769; x_wconf 89' lang='lat' dir='ltr'><strong>ordinis</strong></span> <span class='ocrx_word' id='word_1_302' title='bbox 1319 4695 1383 4786; x_wconf 87' lang='lat' dir='ltr'><strong>sui,</strong></span> <span class='ocrx_word' id='word_1_303' title='bbox 1421 4694 1525 4770; x_wconf 91' lang='lat' dir='ltr'><strong>laturi</strong></span> <span class='ocrx_word' id='word_1_304' title='bbox 1553 4694 1588 4768; x_wconf 93' lang='lat' dir='ltr'><strong>in</strong></span> <span class='ocrx_word' id='word_1_305' title='bbox 1616 4695 1650 4769; x_wconf 92' lang='lat' dir='ltr'><strong>id</strong></span> <span class='ocrx_word' id='word_1_306' title='bbox 1677 4695 1807 4769; x_wconf 89' lang='lat' dir='ltr'><strong>bellum</strong></span> <span class='ocrx_word' id='word_1_307' title='bbox 1834 4696 1920 4770; x_wconf 89' lang='lat' dir='ltr'><strong>eola-</strong></span> 
     </span>
     <span class='ocr_line' id='line_1_32' title="bbox 370 4803 1920 4914; baseline -0.003 -20"><span class='ocrx_word' id='word_1_308' title='bbox 370 4819 420 4895; x_wconf 90' lang='lat' dir='ltr'><strong>tia</strong></span> <span class='ocrx_word' id='word_1_309' title='bbox 435 4803 464 4914; x_wconf 83' lang='lat'><strong>⁴)</strong></span> <span class='ocrx_word' id='word_1_310' title='bbox 490 4818 648 4910; x_wconf 89' lang='lat' dir='ltr'><strong>Henrioo,</strong></span> <span class='ocrx_word' id='word_1_311' title='bbox 676 4817 893 4894; x_wconf 85' lang='lat' dir='ltr'><strong>advenerant.</strong></span> <span class='ocrx_word' id='word_1_312' title='bbox 938 4815 1043 4911; x_wconf 75' lang='lat' dir='ltr'><strong>Quaem</strong></span> <span class='ocrx_word' id='word_1_313' title='bbox 1070 4840 1136 4890; x_wconf 93' lang='lat' dir='ltr'><strong>non</strong></span> <span class='ocrx_word' id='word_1_314' title='bbox 1164 4817 1291 4912; x_wconf 86' lang='lat' dir='ltr'><strong>duplex</strong></span> <span class='ocrx_word' id='word_1_315' title='bbox 1322 4817 1435 4892; x_wconf 88' lang='lat' dir='ltr'><strong>clades</strong></span> <span class='ocrx_word' id='word_1_316' title='bbox 1462 4817 1497 4890; x_wconf 95' lang='lat' dir='ltr'><strong>in</strong></span> <span class='ocrx_word' id='word_1_317' title='bbox 1524 4817 1656 4892; x_wconf 80' lang='lat' dir='ltr'><strong>Tursko</strong></span> <span class='ocrx_word' id='word_1_318' title='bbox 1682 4819 1717 4893; x_wconf 92' lang='lat' dir='ltr'><strong>et</strong></span> <span class='ocrx_word' id='word_1_319' title='bbox 1744 4817 1920 4914; x_wconf 75' lang='lat' dir='ltr'><strong>Ohmpelilr</strong></span> 
     </span>
     <span class='ocr_line' id='line_1_33' title="bbox 369 4937 1919 5036; baseline -0.001 -20"><span class='ocrx_word' id='word_1_320' title='bbox 369 4941 506 5016; x_wconf 90' lang='lat' dir='ltr'><strong>Polonis</strong></span> <span class='ocrx_word' id='word_1_321' title='bbox 533 4963 593 5036; x_wconf 89' lang='lat' dir='ltr'><strong>per</strong></span> <span class='ocrx_word' id='word_1_322' title='bbox 619 4940 804 5014; x_wconf 80' lang='lat' dir='ltr'><strong>Thartaros</strong></span> <span class='ocrx_word' id='word_1_323' title='bbox 831 4937 971 5031; x_wconf 87' lang='lat' dir='ltr'><strong>inflicta,</strong></span> <span class='ocrx_word' id='word_1_324' title='bbox 1001 4961 1067 5013; x_wconf 95' lang='lat' dir='ltr'><strong>non</strong></span> <span class='ocrx_word' id='word_1_325' title='bbox 1094 4939 1334 5014; x_wconf 80' lang='lat' dir='ltr'><strong>Thartarorum</strong></span> <span class='ocrx_word' id='word_1_326' title='bbox 1363 4939 1559 5031; x_wconf 86' lang='lat' dir='ltr'><strong>fortissima,</strong></span> <span class='ocrx_word' id='word_1_327' title='bbox 1592 4942 1628 5014; x_wconf 87' lang='lat' dir='ltr'><strong>et</strong></span> <span class='ocrx_word' id='word_1_328' title='bbox 1654 4962 1741 5031; x_wconf 85' lang='lat' dir='ltr'><strong>quae</strong></span> <span class='ocrx_word' id='word_1_329' title='bbox 1768 4939 1919 5014; x_wconf 90' lang='lat' dir='ltr'><strong>dinume-</strong></span> 
     </span>
    </p>
   </div>
   <div class='ocr_carea' id='block_1_7' title="bbox 368 5060 2065 5279">
    <p class='ocr_par' dir='ltr' id='par_1_7' title="bbox 368 5060 2065 5279">
     <span class='ocr_line' id='line_1_34' title="bbox 368 5060 2065 5158; baseline -0.001 -21"><span class='ocrx_word' id='word_1_330' title='bbox 368 5063 437 5137; x_wconf 89' lang='lat' dir='ltr'><strong>rari</strong></span> <span class='ocrx_word' id='word_1_331' title='bbox 463 5063 523 5139; x_wconf 88' lang='lat' dir='ltr'><strong>vix</strong></span> <span class='ocrx_word' id='word_1_332' title='bbox 550 5065 689 5158; x_wconf 88' lang='lat' dir='ltr'><strong>possent</strong></span> <span class='ocrx_word' id='word_1_333' title='bbox 724 5061 874 5158; x_wconf 89' lang='lat' dir='ltr'><strong>agmina,</strong></span> <span class='ocrx_word' id='word_1_334' title='bbox 912 5083 978 5134; x_wconf 94' lang='lat' dir='ltr'><strong>non</strong></span> <span class='ocrx_word' id='word_1_335' title='bbox 1006 5082 1142 5134; x_wconf 88' lang='lat' dir='ltr'><strong>suarum</strong></span> <span class='ocrx_word' id='word_1_336' title='bbox 1178 5061 1331 5155; x_wconf 90' lang='lat' dir='ltr'><strong>gentium</strong></span> <span class='ocrx_word' id='word_1_337' title='bbox 1364 5060 1520 5155; x_wconf 88' lang='lat' dir='ltr'><strong>paucitas</strong></span> <span class='ocrx_word' id='word_1_338' title='bbox 1547 5083 1568 5135; x_wconf 90' lang='lat' dir='ltr'><strong>a</strong></span> <span class='ocrx_word' id='word_1_339' title='bbox 1594 5061 1710 5136; x_wconf 87' lang='lat' dir='ltr'><strong>futuro</strong></span> <span class='ocrx_word' id='word_1_340' title='bbox 1737 5062 1920 5137; x_wconf 86' lang='lat' dir='ltr'><strong>certamine</strong></span> <span class='ocrx_word' id='word_1_341' title='bbox 2064 5141 2065 5146; x_wconf 51' lang='lat'><strong>,</strong></span> 
     </span>
     <span class='ocr_line' id='line_1_35' title="bbox 368 5159 2065 5279; baseline -0.001 -20"><span class='ocrx_word' id='word_1_342' title='bbox 368 5187 589 5274; x_wconf 87' lang='lat' dir='ltr'><strong>revocabant;</strong></span> <span class='ocrx_word' id='word_1_343' title='bbox 617 5184 653 5260; x_wconf 93' lang='lat' dir='ltr'><strong>in</strong></span> <span class='ocrx_word' id='word_1_344' title='bbox 680 5205 925 5279; x_wconf 88' lang='lat' dir='ltr'><strong>quamcumque</strong></span> <span class='ocrx_word' id='word_1_345' title='bbox 956 5184 1092 5278; x_wconf 86' lang='lat' dir='ltr'><strong>&#39;partem</strong></span> <span class='ocrx_word' id='word_1_346' title='bbox 1129 5185 1269 5258; x_wconf 87' lang='lat' dir='ltr'><strong>eventus</strong></span> <span class='ocrx_word' id='word_1_347' title='bbox 1306 5183 1412 5258; x_wconf 87' lang='lat' dir='ltr'><strong>futuri</strong></span> <span class='ocrx_word' id='word_1_348' title='bbox 1448 5183 1645 5258; x_wconf 79' lang='lat' dir='ltr'><strong>certaminis</strong></span> <span class='ocrx_word' id='word_1_349' title='bbox 1682 5183 1856 5274; x_wconf 88' lang='lat' dir='ltr'><strong>recideret,</strong></span> <span class='ocrx_word' id='word_1_350' title='bbox 1884 5204 1919 5258; x_wconf 89' lang='lat' dir='ltr'><strong>ee</strong></span> <span class='ocrx_word' id='word_1_351' title='bbox 2062 5159 2065 5222; x_wconf 73' lang='lat' dir='ltr'><strong>l</strong></span> 
     </span>
    </p>
   </div>
   <div class='ocr_carea' id='block_1_8' title="bbox 368 5447 1916 5632">
    <p class='ocr_par' dir='ltr' id='par_1_8' title="bbox 368 5447 1916 5632">
     <span class='ocr_line' id='line_1_36' title="bbox 476 5447 1916 5557; baseline -0.002 -31"><span class='ocrx_word' id='word_1_352' title='bbox 476 5465 503 5546; x_wconf 85' lang='lat'><strong>¹)</strong></span> <span class='ocrx_word' id='word_1_353' title='bbox 525 5467 691 5528; x_wconf 88' lang='lat' dir='ltr'><strong>inciderant</strong></span> <span class='ocrx_word' id='word_1_354' title='bbox 717 5463 788 5526; x_wconf 77' lang='lat' dir='ltr'><strong>Ood.</strong></span> <span class='ocrx_word' id='word_1_355' title='bbox 811 5465 904 5526; x_wconf 73' lang='lat' dir='ltr'><strong>Roar.</strong></span> <span class='ocrx_word' id='word_1_356' title='bbox 943 5459 970 5541; x_wconf 67' lang='grc' dir='ltr'><strong>Ω)</strong></span> <span class='ocrx_word' id='word_1_357' title='bbox 992 5463 1120 5522; x_wconf 84' lang='lat' dir='ltr'><strong>rusticos</strong></span> <span class='ocrx_word' id='word_1_358' title='bbox 1146 5461 1216 5523; x_wconf 77' lang='lat' dir='ltr'><strong>dod.</strong></span> <span class='ocrx_word' id='word_1_359' title='bbox 1240 5461 1333 5524; x_wconf 68' lang='lat' dir='ltr'><strong>Roas.</strong></span> <span class='ocrx_word' id='word_1_360' title='bbox 1374 5459 1401 5538; x_wconf 85' lang='lat'><strong>³)</strong></span> <span class='ocrx_word' id='word_1_361' title='bbox 1423 5463 1553 5524; x_wconf 82' lang='lat' dir='ltr'><strong>Hostem</strong></span> <span class='ocrx_word' id='word_1_362' title='bbox 1575 5447 1635 5526; x_wconf 74' lang='lat' dir='ltr'><strong>Ed.</strong></span> <span class='ocrx_word' id='word_1_363' title='bbox 1659 5463 1745 5540; x_wconf 79' lang='lat' dir='ltr'><strong>Dipo.</strong></span> <span class='ocrx_word' id='word_1_364' title='bbox 1785 5459 1816 5531; x_wconf 72' lang='lat' dir='ltr'><strong>‘l</strong></span> <span class='ocrx_word' id='word_1_365' title='bbox 1832 5464 1916 5557; x_wconf 62' lang='lat' dir='ltr'><strong>aum</strong></span> 
     </span>
     <span class='ocr_line' id='line_1_37' title="bbox 368 5569 623 5632; baseline 0 -1"><span class='ocrx_word' id='word_1_366' title='bbox 368 5570 410 5632; x_wconf 89' lang='lat' dir='ltr'><strong>lia</strong></span> <span class='ocrx_word' id='word_1_367' title='bbox 435 5569 506 5632; x_wconf 76' lang='lat' dir='ltr'><strong>(lod.</strong></span> <span class='ocrx_word' id='word_1_368' title='bbox 529 5572 623 5632; x_wconf 74' lang='lat' dir='ltr'><strong>Rcer.</strong></span> 
     </span>
    </p>
   </div>
   <div class='ocr_carea' id='block_1_9' title="bbox 0 0 2074 6297">
    <p class='ocr_par' dir='ltr' id='par_1_9' title="bbox 0 0 2074 6297">
     <span class='ocr_line' id='line_1_38' title="bbox 0 0 2074 6297; baseline 0 0"><span class='ocrx_word' id='word_1_369' title='bbox 0 0 2074 6297; x_wconf 95' lang='lat' dir='ltr'><strong> </strong></span> 
     </span>
    </p>
   </div>
  </div>
 </body>
</html>
