4162 6288
403 529 480 600 414
1007 551 1118 604 nunna
1145 550 1348 606 sneunuus:
1673 535 1735 630 (Α.
1756 536 1802 612 Ι).
1819 537 1949 634 1270.)
2021 599 2025 604 ,

404 736 520 810 eadem
546 735 683 830 regione
709 738 799 830 apud
825 737 943 813 villam
970 738 1146 815 Michalov
1172 741 1299 817 aestivo
1335 743 1494 838 tempore,
1532 746 1662 820 coelum
1697 746 1864 842 sanguine
1890 769 1949 842 pro

403 879 491 950 aqua
516 855 655 951 pluisse.
702 859 796 934 Haec
822 860 977 957 prodigia
1005 884 1070 936 non
1098 862 1134 936 in
1161 863 1416 939 admirationem
1446 867 1567 957 solum,
1605 868 1664 941 sed
1689 869 1725 942 et
1750 867 1949 964 religionem

402 1000 509 1069 versa,
537 1001 579 1052 ne
606 979 641 1052 in
668 980 852 1073 perniciem
887 983 1036 1058 Polouici
1073 985 1189 1078 populi
1224 987 1445 1079 verterentur,
1483 987 1617 1063 assidue
1651 1011 1673 1062 a
1707 990 1946 1080 sacerdotibus,

402 1099 635 1194 religiosisque
662 1103 698 1177 et
724 1103 852 1177 devotis
878 1103 960 1178 viris
986 1106 1022 1179 ot
1048 1105 1202 1199 feminis,
1232 1107 1431 1202 suppliciter
1461 1109 1724 1203 obsecrantibus,
1753 1110 1949 1206 propitiatio

404 1220 519 1295 divina
545 1225 757 1297 exorabatur.

505 1345 576 1418 Nec
602 1345 765 1439 prodigiis
801 1347 1043 1438 tautummodo,
1081 1349 1140 1422 sed
1166 1350 1202 1424 ct
1227 1350 1487 1443 tempestatibus
1523 1353 1560 1426 et
1594 1350 1732 1426 diluviis
1758 1373 1867 1426 annuus
1893 1353 1949 1428 hic

403 1465 494 1558 apud
520 1465 663 1540 Polonos
690 1466 836 1560 insignis
863 1468 940 1542 fuit.
968 1467 1000 1541 Α
1026 1469 1185 1544 vicesima
1211 1470 1377 1564 siquidem
1403 1472 1439 1547 et
1466 1473 1612 1547 secunda
1638 1473 1691 1547 dic
1710 1473 1813 1565 Iunii,
1843 1496 1948 1567 usque

403 1609 507 1679 prope
534 1585 710 1660 dimidium
736 1587 895 1682 Augusti,
933 1589 1109 1664 continuos
1136 1595 1233 1666 nocte
1259 1595 1294 1666 et
1321 1589 1468 1667 interdiu
1495 1595 1587 1668 coelo
1623 1595 1785 1669 fundente
1811 1595 1947 1686 imbres,

403 1707 484 1782 adeo
511 1707 622 1780 infiati
649 1709 747 1800 equis
774 1709 867 1782 fluvii
895 1710 987 1804 ripas
1013 1715 1236 1805 excesserant,
1265 1715 1304 1786 ut
1331 1737 1398 1788 non
1424 1715 1534 1788 solum
1560 1716 1703 1810 segetes,
1730 1737 1843 1810 agros,
1871 1739 1948 1810 pra-

402 1830 440 1902 ta
465 1829 501 1903 et
527 1851 671 1922 campos,
700 1831 759 1904 sed
785 1829 887 1904 etiam
915 1831 1074 1906 villarum
1101 1833 1242 1927 fastigia
1269 1833 1448 1928 operirent.
1476 1835 1588 1910 Wisla
1613 1835 1750 1930 insuper
1772 1835 1895 1911 fluvius
1912 1837 1949 1911 in

402 1950 537 2022 tantum
573 1953 773 2041 excesserat,
811 1954 850 2025 ut
886 1953 1076 2027 uuiversum
1113 1954 1261 2047 spatium
1289 1954 1378 2029 inter
1405 1957 1552 2030 montom
1579 1956 1845 2051 Lpasuothinum
1865 1958 1888 2051 ¹)
1914 1960 1950 2032 et

402 2070 576 2144 ecolesianr
604 2071 719 2146 Sancti
747 2072 911 2146 Stanislai
940 2075 980 2148 de
1003 2075 1151 2168 Rupella
1177 2075 1336 2169 positum,
1365 2080 1551 2171 occuparet,
1579 2077 1760 2170 rabidoque
1787 2100 1846 2152 suo
1873 2100 1947 2152 cur·

403 2213 442 2264 su
469 2193 505 2266 et
531 2191 682 2267 homines
709 2195 744 2267 et
771 2195 885 2267 domos
912 2196 1036 2288 plures,
1067 2216 1197 2289 pecora,
1231 2196 1383 2290 pecudes,
1421 2197 1572 2272 iumenta
1600 2201 1635 2271 et
1661 2220 1813 2291 quaeque
1840 2199 1945 2294 repti-

402 2313 460 2402 lia,
491 2314 746 2407 molendinaque
773 2317 986 2406 absorbendo,
1023 2319 1171 2391 vomeret
1197 2319 1232 2392 et
1258 2319 1362 2412 agria,
1391 2317 1554 2412 silvisque
1586 2319 1758 2394 induceret
1786 2321 1946 2395 extermi-
2007 2405 2014 2414 ¹

402 2433 495 2506 nium
523 2436 583 2507 aut
610 2435 800 2526 orbitatem,
838 2459 903 2510 non
939 2459 1038 2531 agros
1065 2439 1186 2530 solum,
1223 2439 1281 2513 sed
1307 2442 1342 2513 et
1367 2439 1481 2532 villas,
1511 2440 1724 2532 culminaque
1759 2463 1885 2532 earum,
1913 2443 1947 2516 et

401 2555 560 2628 villarum
583 2556 723 2630 'incolas
758 2560 906 2649 sorbens,
935 2561 970 2631 et
997 2561 1164 2634 demersos
1190 2561 1272 2636 tunc
1299 2583 1399 2655 agros
1425 2562 1467 2635 ad
1494 2563 1598 2656 longa
1627 2565 1779 2656 tempora
1814 2563 1947 2637 steriles

402 2678 437 2749 ot
464 2675 603 2750 inutiles
630 2677 791 2753 efficiens.
838 2679 969 2754 Scelere
1005 2679 1151 2756 humano
1182 2681 1346 2756 diluvium
1383 2682 1574 2757 huiusmodi
1601 2683 1738 2756 Polonis
1764 2683 1947 2778 contigisse

402 2795 566 2870 creditum
601 2798 664 2889 est,
702 2801 741 2872 ut
768 2799 825 2890 qui
853 2802 935 2874 tunc
970 2800 1089 2874 multis
1124 2802 1159 2876 ct
1186 2802 1281 2878 novis
1319 2803 1600 2896 perversitatibus
1634 2803 1697 2877 Dei
1733 2803 1946 2879 clementiam

402 2917 618 3010 offenderent,
647 2941 733 2992 nova
759 2922 795 2994 et
823 2919 971 2994 insolita
985 2921 1161 3015 punitione
1187 2945 1208 2996 a
1234 2923 1324 2997 iusto
1351 2925 1421 2998 Deo
1447 2923 1704 2999 mulctarentur.

401 3285 607 3357 Pomerauirc
634 3285 705 3356 ltux
730 3288 835 3358 terras
862 3285 1011 3359 l’rurriac
1038 3287 1192 3378 primum,
1220 3287 1335 3360 deindo
1362 3287 1513 3360 cruciferi
1539 3287 1761 3361 Pomerauiam
1787 3306 1851 3360 rou
1877 3288 1947 3360 rire

541 3405 658 3478 damno
684 3406 851 3479 hostiliter
877 3407 1108 3500 inpediendae
1135 3408 1267 3482 taudem
1294 3409 1377 3482 iuter
1404 3427 1439 3482 re
1466 3427 1579 3500 paoem
1606 3413 1810 3500 componunt.

504 3645 619 3720 Facile
646 3647 863 3740 paternarum
891 3647 1076 3722 iussionum
1102 3647 1297 3722 Mestuinus
1315 3647 1400 3722 alias
1417 3647 1609 3742 llscaugius
1632 3649 1850 3724 Pomerauiae
1868 3651 1946 3724 Dux

402 3767 539 3858 oblitus,
576 3769 685 3841 fretus
712 3770 959 3843 Pruthenorum
988 3767 1176 3843 infidelium
1204 3769 1335 3844 solatiis
1350 3769 1389 3863 ²),
1426 3771 1553 3844 bellurn
1589 3791 1726 3845 movens
1753 3771 1942 3860 cruciferis,

401 3892 527 3963 terram
554 3889 764 3964 dulmensem
802 3889 992 3964 universam
1019 3893 1054 3966 et
1081 3892 1212 3985 partem
1238 3891 1406 3981 Prussiae,
1443 3891 1673 3984 episcopatum
1700 3891 1858 3966 videlicet
1883 3893 1946 3965 Po-

401 4010 662 4086 mesaanionsem
678 4010 718 4104 ³),
747 4033 791 4084 ex
818 4011 971 4105 opposito
998 4012 1113 4106 oppidi
1140 4014 1250 4102 Nouo,
1279 4012 1409 4106 spoliis,
1438 4011 1595 4086 caedibus
1621 4013 1656 4086 et
1679 4011 1816 4107 ignibus
1833 4014 1944 4086 vasta-

401 4132 452 4204 vit
479 4134 515 4206 et
541 4132 655 4224 plures
682 4131 890 4206 Christianos
918 4133 1053 4224 delevit,
1087 4132 1277 4224 quindecim
1317 4133 1454 4226 insuper
1480 4155 1581 4207 naves
1607 4135 1763 4208 oneratas
1789 4133 1944 4207 victuali·

399 4255 462 4327 bus
498 4251 676 4327 cruciferis
712 4253 865 4327 abstulit.
911 4254 981 4348 Quo
1017 4277 1171 4362 campum
1207 4256 1242 4329 ot
1277 4254 1463 4329 exercitum
1500 4253 1721 4344 dissolvente,
1759 4253 1945 4328 Ludovicus

400 4373 558 4446 Prussiac
584 4372 760 4467 Magister,
799 4375 948 4449 exercitu
965 4376 993 4468 ⁴)
1020 4376 1060 4448 de
1088 4375 1264 4450 Fratribus
1300 4374 1427 4449 ordinis
1453 4374 1506 4447 sui
1521 4373 1549 4467 ὅ)
1584 4375 1619 4448 et
1645 4371 1725 4448 aliis
1767 4373 1944 4449 auxiliari·

401 4496 462 4567 bus
489 4495 629 4568 collecto
644 4494 682 4588 6),
712 4495 748 4568 iu
775 4495 828 4570 die
854 4498 1026 4572 beatomm
1053 4497 1146 4571 Petri
1174 4498 1208 4570 et
1235 4496 1334 4570 Pauli
1350 4496 1378 4589 7)
1406 4493 1640 4569 Pomerauiam
1667 4493 1756 4570 circa
1787 4495 1944 4590 oppidum
2069 4595 2070 4598 Ν

399 4618 500 4692 Nove
528 4615 711 4710 ingressus,
740 4638 814 4690 eam
841 4617 919 4712 igne
947 4621 981 4692 et
1007 4617 1126 4711 spoliis
1161 4617 1300 4708 afflixit,
1337 4617 1518 4712 pluresque
1550 4637 1628 4690 suos
1655 4615 1806 4710 captivos
1832 4617 1943 4691 solvit

400 4739 469 4812 Noc
497 4759 537 4812 ea
562 4736 751 4812 vastatione
778 4739 966 4829 contentus,
995 4738 1098 4812 aliam
1125 4738 1373 4832 expeditionem
1391 4737 1427 4811 in
1446 4735 1678 4812 Pomerauiam
1704 4737 1740 4810 in
1759 4737 1813 4812 die
1830 4737 1943 4813 Sancti

398 4859 651 4934 Bartholomaei
678 4859 770 4953 ogit,
807 4861 841 4934 et
877 4859 965 4935 circa
1000 4861 1159 4954 oppidum
1195 4861 1326 4935 Tsczov
1342 4861 1370 4954 8)
1405 4859 1543 4954 singula
1578 4857 1697 4953 spoliis
1734 4860 1769 4934 et
1800 4858 1942 4933 fiammis

399 4980 591 5076 complevit.
620 4979 713 5074 Quod
739 4981 866 5055 malum
892 4981 1085 5076 Macuugius
1112 4981 1329 5058 Pomerauiae
1355 4983 1434 5056 Dux
1461 4979 1691 5076 mitigaturus,
1721 5003 1779 5074 per
1798 5002 1940 5056 commu-

507 5274 531 5354 1)
553 5277 740 5337 Lessotinum
773 5273 844 5338 God.
875 5277 968 5338 Reor.
1008 5275 1034 5354 ⁹)
1057 5277 1174 5336 auxiliis
1208 5275 1279 5337 Ood.
1306 5275 1399 5337 Rorr.
1439 5271 1466 5353 ³)
1488 5275 1743 5336 Pomescnieusem
1774 5273 1835 5335 Ed.
1857 5274 1941 5350 Lips.

400 5376 427 5458 ⁴)
451 5381 610 5441 exercitum
637 5376 707 5442 Occi.
730 5381 823 5442 Roar.
863 5376 888 5458 δ)
912 5382 957 5442 sui
980 5379 1058 5442 deest
1080 5382 1115 5440 iu
1141 5379 1210 5442 Ood.
1234 5378 1308 5441 Act.
1348 5376 1374 5457 ⁰)
1398 5379 1510 5455 colligit
1535 5376 1606 5440 (lod.
1629 5379 1721 5440 Roar.
1763 5373 1891 5458 ⁷)Petri
1913 5381 1941 5437 et
2069 5473 2070 5486 ἵ

398 5483 482 5544 Pauli
504 5485 711 5560 Apostolorum
738 5481 808 5548 Ood.
832 5484 923 5546 Roar.
962 5481 991 5564 8)
1014 5485 1137 5548 Thozovv
1163 5481 1234 5547 Ood.
1257 5484 1350 5550 Reor.
