4192 6272
189 493 257 597 (Α.
278 495 325 572 D.
344 495 463 588 1296.)
801 515 912 566 urana
939 515 1124 567 oonuvus.
1662 496 1737 570 533

188 729 232 780 ex
258 703 416 799 ealigine,
445 703 638 778 libertatem
678 725 721 777 ex
748 703 930 793 seruitute,
958 725 1001 777 ex
1029 723 1176 777 moerore
1215 701 1388 797 gaudium,
1431 701 1560 797 primus
1599 701 1737 777 infudit.

187 827 408 922 Quamobrem
434 827 474 899 ut
500 825 581 899 olim
610 825 846 918 propemodum
873 823 1101 899 infelioissimi
1128 824 1343 914 habebamur,
1363 823 1473 898 oollisi
1493 824 1648 898 omnibus
1666 846 1738 899 soo-

189 949 291 1044 pulis,
320 945 399 1021 nari
427 947 537 1022 fracta
563 945 643 1021 hino
670 945 747 1021 iude
774 946 1030 1037 fluotuabamus,
1058 945 1094 1020 et
1121 945 1207 1018 illud
1234 945 1392 1020 Herculis
1410 948 1548 1021 verbum
1567 946 1663 1022 nobis
1681 970 1738 1022 re·

189 1072 260 1145 rius
287 1093 326 1146 ao
353 1070 419 1166 ipsi
446 1069 638 1144 accidisset:
672 1067 789 1157 ,Finis
807 1067 908 1142 unius
925 1067 1018 1157 mali,
1047 1068 1172 1162 gradus
1199 1069 1272 1142 erat
1298 1067 1443 1156 futuri“;
1473 1067 1523 1142 ita
1546 1068 1636 1143 beati
1652 1092 1738 1142 nuu-

189 1194 305 1288 oupari
332 1172 520 1290 possumus,
549 1189 607 1283 qui
634 1211 747 1263 omnes
775 1190 949 1284 proeellas,
977 1188 1040 1262 Dei
1067 1188 1247 1263 elementia
1266 1190 1300 1264 ot
1319 1189 1517 1264 Praemislai
1535 1189 1642 1285 Regis
1661 1213 1737 1284 pro-

189 1315 266 1390 vida
292 1314 513 1405 ordinatione,
541 1313 663 1387 nedum
691 1313 853 1406 planatus,
883 1312 941 1387 sed
968 1311 1003 1384 in
1030 1313 1148 1402 levem,
1177 1311 1413 1406 placidumque
1439 1313 1622 1406 zephyrum
1649 1312 1740 1407 aspi·

189 1437 296 1512 oimus
323 1457 507 1513 conuersas.
534 1434 675 1524 Habuit,
703 1433 873 1526 habetque
900 1433 1139 1507 nonnullorum
1180 1433 1408 1528 scrupulosius
1448 1432 1585 1528 singula
1612 1433 1739 1507 rimau·

189 1557 275 1631 tium
303 1557 504 1647 aestimatio,
533 1557 620 1646 quod
647 1557 718 1628 tam
746 1554 1054 1646 erudelistamque
1081 1553 1194 1628 subita
1212 1577 1300 1628 mors
1318 1553 1521 1630 Praemislao
1540 1553 1741 1629 Polouorum

189 1678 278 1773 Regi
304 1681 345 1753 ob
374 1700 486 1753 ueoem
513 1675 548 1750 iu
576 1677 734 1750 Lulerda
774 1677 926 1750 eousorte
962 1698 1024 1748 sua
1061 1675 1169 1769 prima
1196 1676 1366 1770 patratam
1402 1675 1579 1767 deciderit,
1609 1675 1741 1750 larinus

191 1799 392 1874 detestabile
419 1797 491 1894 pari
520 1819 626 1892 poena
653 1796 843 1870 Divinitate
884 1795 1086 1888 uloisoeute,
1116 1819 1216 1890 quam
1244 1796 1316 1890 ipse
1344 1797 1433 1871 male
1460 1798 1651 1890 suspectam
1679 1797 1740 1871 ha·

190 1923 284 2012 bene,
313 1921 366 1995 rel
394 1921 433 1994 ut
460 1920 539 1994 aliis
566 1920 689 2014 planet,
718 1921 759 1992 ob
786 1917 982 1992 sterilitatis
1009 1919 1222 2012 opprobrium
1255 1941 1390 1992 exosam
1418 1919 1562 2009 duoens,
1590 1917 1741 2012 iugulari

190 2043 447 2136 procuraverat;
476 2043 554 2136 post
580 2039 675 2115 ouius
701 2043 840 2114 mortem
869 2062 889 2114 a
917 2040 1084 2114 militibus
1111 2041 1307 2115 Pomerenis
1334 2041 1535 2134 aooersitus,
1565 2040 1741 2134 aliquanto

189 2166 338 2260 tempore
365 2162 584 2239 Pomerauiae
609 2161 723 2237 tonuit
748 2161 993 2257 Priuoipatum.

189 2531 391 2604 flarohioner
417 2529 716 2620 brandeburgenses
743 2530 1001 2638 praeposituram
1029 2531 1304 2604 Santlooaennrm
1326 2531 1535 2624 episeoprtnr
1552 2532 1740 2604 rornanion·

509 2652 557 2722 sia
584 2651 779 2724 abstrahunt
806 2655 840 2724 ot
866 2653 1010 2743 onpitnlo
1036 2651 1219 2724 soldinenni
1246 2653 1421 2744 rpplionnt.

293 2891 368 2965 Non
396 2889 526 2984 quievit
552 2891 714 2984 posthaeo
739 2890 971 2966 llarohiouum
998 2891 1352 2988 Brandeburgensium
1380 2895 1608 2990 praelatorum
1636 2895 1739 2987 furor,

189 3014 247 3088 sed
276 3013 311 3087 iu
339 3009 495 3086 altiorem
523 3011 631 3087 iaoom
658 3013 914 3105 excandescens,
943 3015 986 3088 ab
1012 3013 1170 3089 humanis
1196 3013 1239 3089 ad
1266 3013 1381 3090 diuina
1407 3017 1637 3112 perturbanda
1663 3015 1738 3090 iura

189 3131 355 3229 prorupit.
385 3133 775 3228 Praeposituram-enim
803 3135 919 3210 Sanoti
946 3133 1099 3212 Andreae
1126 3137 1407 3213 Santhooaeusem
1427 3137 1461 3232 ¹),
1489 3137 1575 3213 uilla
1601 3137 1738 3234 Kyouo,

189 3254 398 3347 eaeterisque
424 3254 612 3330 redditibus
638 3255 818 3350 insignem,
848 3255 944 3332 ouius
971 3259 1184 3353 praepositus
1221 3257 1256 3332 iu
1293 3259 1382 3334 nlero
1408 3259 1444 3335 et
1470 3259 1614 3354 populo,
1643 3259 1678 3333 et
1705 3258 1740 3332 in

190 3375 338 3472 singulis
364 3375 515 3451 ecelesiis
543 3376 633 3451 inira
660 3377 794 3468 Odram,
822 3379 920 3451 lnam
935 3377 974 3473 ²),
1003 3379 1169 3473 Drauam,
1189 3381 1380 3474 Wartham,
1402 3382 1437 3456 et
1454 3382 1601 3456 Nothesz
1621 3381 1740 3457 fluuios

187 3497 384 3572 constitutis
423 3497 656 3573 iurisdictione
696 3499 866 3574 ordinaria
905 3501 1082 3592 utebatur,
1113 3503 1156 3576 ad
1192 3502 1426 3598 collationem,
1456 3503 1678 3598 provisionem
1706 3505 1741 3577 et

187 3618 411 3694 omnimodam
438 3619 691 3714 dispositionem
731 3621 971 3696 Posueuiensis
1011 3622 1157 3718 episeopi
1199 3625 1424 3718 pertinentem
1440 3623 1487 3718 ³),
1515 3625 1739 3712 abstrahuut;

188 3741 223 3815 et
250 3761 293 3814 ne
321 3739 403 3831 quid
429 3762 603 3815 commune
631 3763 706 3816 oum
734 3741 869 3816 Polonis
897 3743 1018 3819 habere
1045 3743 1259 3836 viderentur,
1293 3746 1560 3841 praeposituram
1588 3745 1739 3842 praedio·

187 3863 316 3935 temet
342 3861 414 3935 eius
442 3861 705 3937 iurisdietionem
732 3863 881 3958 oapitulo
908 3865 1068 3940 eoolesiae
1108 3865 1318 3941 Soldinousis
1345 3867 1539 3942 attribuunt
1566 3870 1602 3944 et
1628 3867 1738 3963 appli-

188 3983 277 4056 oant.
304 3983 358 4054 Eu
384 4005 450 4075 quo
478 3983 597 4058 deinde
624 4006 782 4078 maguam
811 3985 950 4060 diooesis
986 3986 1222 4062 Posuanieusis
1250 3987 1286 4062 iu
1314 3989 1554 4065 Seuthoozensi
1580 3989 1737 4065 rastello-

190 4103 258 4194 uia,
287 4106 323 4178 et
348 4103 508 4197 quioquid
534 4105 689 4199 gentium
731 4105 822 4181 inira
849 4107 989 4182 flumina
1029 4108 1200 4203 praedicta
1245 4110 1348 4184 situm
1389 4113 1452 4202 est,
1480 4132 1581 4205 passa
1606 4112 1659 4186 est
1687 4111 1740 4185 sui

187 4223 333 4320 eorporis
360 4225 680 4318 sequestrationem:
709 4251 769 4322 pro
797 4251 863 4320 qua
889 4230 1083 4305 reseidonda
1109 4233 1179 4305 tam
1206 4229 1358 4306 Andreas
1376 4233 1613 4328 Symouowiaa,
1639 4256 1739 4324 quem

188 4349 376 4422 Domanous
403 4348 643 4423 Poenaniensis
680 4349 845 4439 antistes,
883 4351 1016 4424 nullum
1043 4351 1243 4446 diligentiae
1279 4353 1446 4429 humanae
1483 4354 1519 4427 in
1545 4353 1740 4448 Apostolioo

187 4467 401 4558 donsietorio,
430 4467 595 4544 distracta
621 4471 657 4544 et
683 4469 833 4546 alienata
860 4475 1026 4565 repetens,
1056 4495 1164 4568 genus
1190 4473 1304 4548 omisit
1321 4474 1360 4569 ⁴).
1398 4475 1463 4550 Sed
1490 4475 1545 4549 his
1572 4475 1740 4552 Iohannes

188 4587 321 4684 Lodzya
336 4587 364 4682 ⁵)
391 4589 581 4682 suooedens,
610 4614 680 4666 rem
707 4591 834 4686 optimo
875 4595 985 4667 aotam
1013 4597 1048 4668 et
1075 4617 1181 4686 usque
1217 4593 1371 4671 adfines
1410 4595 1570 4672 victoriae
1605 4597 1740 4691 magnis

187 4710 377 4803 sumptibus
403 4713 438 4785 et
464 4709 584 4805 fatigia
612 4734 713 4807 prope
741 4715 935 4808 perductam
950 4715 990 4808 ⁶),
1020 4715 1172 4809 prosequi
1201 4717 1355 4808 destitit,
1384 4717 1653 4793 dissimulatione
1680 4741 1741 4792 sua

186 4831 221 4905 et
248 4831 406 4925 negleotu
432 4825 612 4908 edisseram
640 4837 675 4909 et
702 4833 861 4911 iniuriam
888 4837 1047 4914 ecelesiae
1074 4860 1154 4913 suae
1181 4837 1334 4914 nutriens
1362 4841 1398 4915 ot
1423 4841 1496 4916 tam
1510 4842 1620 4934 parta,
1639 4861 1740 4933 quam

188 4949 343 5046 paritura
370 4953 589 5029 oonfundens.

188 5113 602 5156 ...L—*—

296 5245 319 5324 ¹)
344 5249 553 5310 Santhooensis
581 5251 651 5311 Ood.
676 5253 767 5312 Reor.
794 5249 820 5330 α)
843 5253 923 5313 lnam
950 5249 1020 5314 (iod.
1043 5254 1136 5314 Roar.
1169 5249 1197 5334 ³)
1218 5256 1400 5329 pertinentes
1424 5257 1485 5319 Ed.
1507 5258 1594 5338 Lips.
1618 5253 1645 5340 ⁴)
1668 5259 1738 5323 ami·

187 5353 233 5412 eit.
261 5349 331 5413 (iod.
358 5349 432 5413 Aut.
458 5349 484 5432 ³)
506 5355 607 5417 Lodaa
633 5353 703 5417 Cod.
726 5355 799 5417 Aut.
824 5352 850 5436 ⁶)
874 5357 1028 5422 deductam
1055 5357 1125 5424 (lod.
1148 5358 1240 5426 moer.
