4172 6278
1011 535 1123 588 arnus
1149 535 1302 589 ssxrus.
1659 516 1721 610 (Α.
1743 516 1789 593 D.
1809 518 1931 620 1205.)

842 925 1050 1039 ANNUS
1086 926 1312 1040 DOMINI
1346 927 1486 1042 1205.

379 1209 542 1280 bonanus
569 1210 641 1282 box
658 1209 928 1284 Wladimiriensis
956 1229 1029 1282 aum
1055 1211 1260 1284 ualidissimo
1287 1213 1393 1286 totius
1420 1213 1557 1286 luceiae
1589 1215 1734 1289 exercitu
1761 1235 1865 1308 usqua
1891 1217 1933 1290 ed

380 1329 566 1402 zavichost
593 1333 753 1422 persenit:
785 1332 840 1404 ubi
867 1351 923 1422 per
949 1333 1053 1404 broce
1080 1333 1274 1407 lcatlronern
1301 1339 1336 1406 et
1359 1333 1538 1408 dunredurn
1570 1336 1717 1410 molitos
1744 1338 1933 1430 prodigatur

700 1456 735 1526 et
762 1453 952 1527 interficitur
980 1472 1053 1526 curn
1080 1473 1196 1546 magno
1224 1456 1416 1528 Polouorurn
1444 1455 1617 1549 aucupto.

484 1693 748 1769 Excursionibus
780 1694 923 1789 privatis
960 1698 995 1770 et
1031 1695 1161 1771 leuibus
1196 1697 1369 1772 &luanus
1404 1696 1620 1772 Macislauicu
1648 1698 1933 1776 Wladimiriensis

382 1816 417 1888 et
443 1814 668 1890 Halicziensis
687 1817 776 1906 Dux,
800 1815 966 1890 Kazirniri
994 1817 1074 1892 olim
1102 1818 1330 1894 Gracouiensis
1357 1823 1392 1894 et
1419 1819 1701 1896 Saudomiriensis
1727 1821 1830 1896 Ducis
1856 1845 1932 1916 ger·

382 1958 500 2010 suanus
527 1958 630 2030 nepos
657 1959 700 2012 ex
728 1959 848 2026 sorore,
878 1938 1001 2030 quibus
1028 1941 1192 2015 hacteuus
1219 1941 1420 2016 Polonorum
1447 1963 1521 2015 oras
1548 1946 1740 2034 vexaverat,
1769 1967 1836 2018 non
1855 1966 1932 2018 oon-

380 2059 507 2148 tentus,
536 2056 572 2130 in
600 2057 634 2132 id
661 2058 865 2134 temeritatis
886 2059 907 2155 ¹)
935 2063 1112 2154 grassatus
1138 2064 1201 2154 est,
1233 2064 1270 2137 ut
1287 2063 1449 2137 Lestlmni
1477 2065 1512 2138 et
1538 2063 1691 2140 Conrado
1719 2063 1933 2160 Principibus

382 2181 418 2252 et
452 2178 596 2254 dominis
631 2179 721 2269 suis,
759 2181 882 2274 quibus
919 2183 1019 2258 fidem
1055 2186 1089 2258 et
1125 2183 1364 2260 subiectionem
1400 2183 1614 2260 iureiurando
1650 2207 1686 2260 se
1722 2189 1933 2262 servaturum

381 2301 601 2396 obligaverat,
630 2304 788 2397 generale
815 2305 943 2380 bellum
970 2304 1095 2381 inferre
1122 2308 1157 2380 et
1184 2305 1401 2401 Principatus
1427 2328 1541 2381 eorum
1568 2329 1635 2381 non
1662 2307 1813 2382 horreret
1839 2307 1934 2382 inra-
2035 2379 2036 2383 Ν

381 2424 469 2498 dero.
506 2423 666 2498 Animum
694 2424 860 2518 siquidem
886 2427 1031 2501 Romani
1060 2449 1220 2523 magnum
1248 2431 1367 2524 suapte
1392 2429 1428 2503 et
1454 2429 1618 2520 ferocem,
1647 2451 1727 2524 opes
1754 2429 1936 2506 immensus

380 2545 559 2640 tyrannide
587 2546 781 2640 quaesitae,
810 2547 935 2623 Russia
961 2550 1032 2625 lere
1063 2550 1221 2626 universa
1256 2552 1415 2642 subacta,
1454 2553 1625 2645 equestres
1653 2555 1688 2626 et
1715 2553 1893 2627 terrestres
1908 2551 1935 2647 ²)

381 2667 496 2762 copiae
523 2691 566 2743 ex
593 2667 668 2763 ipsa
693 2669 818 2744 Russia
845 2672 989 2762 comtae,
1018 2672 1220 2748 Polonorum
1247 2672 1426 2767 imperium
1453 2673 1602 2749 lacerum
1617 2669 1645 2768 ³)
1672 2675 1707 2748 et
1733 2673 1935 2750 distractum

381 2794 416 2865 et
442 2789 478 2862 in
506 2791 620 2885 plures
655 2790 798 2866 scissum
832 2791 1068 2887 Principabus,
1102 2816 1275 2888 procerum
1302 2794 1415 2890 Regni
1448 2794 1632 2872 schismata
1667 2797 1702 2871 et
1737 2795 1934 2886 discordiae,

380 2913 511 2986 Ducum
538 2934 670 3005 quoque
697 2913 844 3007 ipsorum
871 2914 1053 2988 Lestkonis
1078 2917 1114 2990 et
1141 2916 1288 2990 Ounradi
1314 2915 1502 3010 semiplene
1528 2919 1633 3008 aetas,
1662 2918 1705 2993 ad
1723 2917 1935 2994 inferendum

381 3033 509 3107 bellum
547 3055 749 3128 magnopere
783 3036 1020 3110 ascendebant.
1074 3036 1228 3112 Accessit
1254 3040 1289 3113 et
1315 3037 1429 3114 durior
1454 3038 1628 3133 responsio
1664 3039 1828 3134 legationi
1855 3060 1936 3114 snae

381 3177 441 3250 per
466 3156 670 3231 Lestlronem
697 3157 732 3230 et
759 3157 948 3232 Gunrodum
976 3159 1077 3234 lact-a.
1106 3161 1195 3233 Dum
1221 3159 1311 3234 enim
1338 3162 1469 3255 peteret
1495 3163 1530 3236 et
1559 3164 1708 3237 moneret
1726 3183 1785 3256 pro
1804 3160 1937 3236 damnis

380 3278 416 3351 et
433 3276 595 3372 impensis
622 3277 711 3352 circa
737 3277 987 3355 dImicationem
1005 3281 1040 3354 in
1060 3281 1206 3356 Sucbdol
1222 3280 1249 3375 ⁴)
1276 3283 1393 3357 contra
1411 3283 1637 3377 llyecaslaum
1669 3283 1790 3360 Senem
1808 3284 1935 3358 factam

382 3398 447 3473 sibi
474 3399 740 3474 satisfactionem
767 3399 927 3495 impendi,
956 3403 991 3476 et
1017 3425 1148 3478 omnem
1174 3425 1265 3478 oram
1293 3404 1404 3478 terrae
1431 3403 1647 3480 Lubliuensis
1674 3404 1710 3479 in
1737 3407 1936 3500 perpetuam

382 3519 626 3614 possessionem
662 3521 726 3596 sibi
762 3522 872 3614 tradi,
910 3523 1076 3618 resignari
1104 3527 1139 3598 et
1166 3523 1323 3615 inscribi,
1362 3547 1559 3620 responsum
1586 3527 1656 3602 est:
1703 3526 1800 3600 Nihil
1838 3526 1936 3600 illurn

381 3643 475 3716 solut
502 3644 682 3737 profugum
701 3645 736 3716 et
754 3645 956 3719 desertorem
983 3645 1155 3720 meruisse.
1184 3646 1254 3740 (luo
1281 3669 1440 3740 responso
1466 3647 1578 3722 factus
1606 3647 1733 3738 iratior,
1762 3648 1937 3724 Poloniam

382 3764 516 3860 magnis
543 3764 648 3860 copiis
674 3764 811 3840 invasit.
840 3767 939 3840 Prius
966 3770 1080 3842 tamen
1108 3790 1208 3860 quam
1235 3769 1440 3842 exercitibus
1466 3771 1502 3844 et
1528 3769 1634 3864 copiis
1662 3769 1698 3844 in
1725 3793 1831 3846 uuum
1857 3793 1935 3846 con-

382 3887 489 3980 gestis
516 3887 660 3962 Russiae
686 3886 770 3962 lines
798 3889 983 3981 excederet,
1012 3888 1122 3962 mittit
1149 3890 1323 3964 Romanus
1349 3890 1567 3966 llscislauice
1594 3893 1673 3966 Dux
1690 3893 1734 3966 ud
1752 3891 1805 3965 sui
1828 3891 1935 3966 schis-

384 4007 499 4082 matici
526 4009 615 4083 ritus
641 4009 952 4085 Wladimiriensem
979 4010 1175 4106 episcopum
1202 4012 1340 4086 nuntios
1367 4011 1532 4108 speciales
1560 4035 1635 4088 cum
1663 4013 1770 4106 donis,
1798 4035 1935 4109 rogans,

384 4133 424 4204 ut
449 4130 513 4206 sibi
541 4129 577 4204 in
605 4131 798 4206 Polonicam
825 4132 1074 4226 expeditionem
1105 4155 1300 4227 processuro
1336 4136 1371 4208 et
1406 4133 1552 4210 triennio
1580 4133 1723 4210 Polonos
1750 4137 1965 4227 vastatum„

382 4275 447 4345 quo
475 4251 608 4328 felicius
636 4253 763 4328 bellum
791 4255 915 4328 tractet
941 4256 974 4329 et
1003 4255 1043 4328 de
1070 4255 1225 4330 hostibus
1253 4256 1416 4350 trophaea
1441 4257 1586 4347 referet,
1625 4257 1813 4352 pontificali
1840 4260 1934 4332 auto·

382 4373 485 4448 ritate
513 4374 699 4449 benedicat.
726 4373 1080 4451 nomiomacensis
1107 4377 1283 4471 episcopus
1311 4377 1415 4451 missa
1440 4399 1580 4453 munera
1606 4379 1820 4474 dedignatus,
1849 4403 1934 4454 nou·

383 4495 443 4568 tiis
471 4495 573 4568 etiarn
602 4497 865 4571 benedictionem
902 4497 1086 4572 instantius
1114 4498 1351 4592 flagitantibus
1378 4500 1575 4594 respondet:
1620 4502 1696 4574 Non
1722 4523 1757 4576 se
1784 4502 1935 4576 Romam

383 4616 467 4690 Doci
495 4616 601 4710 impia
627 4619 717 4692 bella
747 4619 979 4713 aggredienti,
1010 4623 1046 4694 et
1072 4620 1207 4694 Polonis
1236 4644 1301 4695 non
1328 4623 1400 4694 tam
1427 4619 1592 4695 iniustum
1620 4645 1720 4715 quam
1746 4622 1934 4698 execrabile

384 4738 510 4812 bellum
538 4737 697 4814 inferenti
734 4743 824 4832 (oum
852 4763 1089 4836 saepenumero
1116 4741 1234 4817 Poloni
1262 4766 1322 4838 pro
1349 4743 1520 4818 Rutbenis
1547 4747 1663 4818 contra
1690 4747 1849 4819 barbaras
1876 4768 1933 4818 na·

382 4860 492 4936 tiones
519 4864 710 4956 pugnantes
736 4863 849 4960 capita
875 4886 937 4938 sua
969 4863 1068 4938 morti
1096 4865 1131 4939 et
1158 4865 1319 4959 periculis
1338 4865 1481 4941 obiicere
1508 4867 1755 4962 consueverint)
1781 4867 1933 4942 benedic-

382 4984 509 5056 turum.
555 4984 662 5078 Super
680 5006 746 5077 qua
764 4985 979 5080 responsione
997 4987 1076 5060 Dux
1094 4987 1266 5061 Romanus
1285 4987 1389 5061 nimio
1407 4987 1603 5084 exagitatus
1631 4991 1753 5080 furore,
1782 4990 1933 5084 episcopo

382 5104 651 5180 Wladimirieusi
679 5109 871 5182 remandat:
900 5131 934 5183 se
961 5131 1033 5183 eam
1061 5108 1301 5183 contumelium
1327 5109 1450 5204 capitis
1481 5109 1693 5186 truncatione
1720 5111 1933 5204 pontificalis,

492 5382 516 5463 ¹)
546 5387 663 5446 ineam
693 5389 889 5448 temeritatem
920 5389 980 5450 Ed.
1003 5389 1096 5454 nour.
1143 5386 1170 5476 ⁹)
1200 5389 1354 5476 pedestres
1387 5387 1458 5465 God.
1481 5391 1574 5462 Bw.
1621 5388 1647 5480 ³)
1670 5392 1829 5464 laceratum
1864 5390 1933 5464 (lod,

384 5490 476 5559 Roer.
523 5484 549 5577 ⁴)
574 5490 720 5552 Suohodol
746 5491 816 5563 God,
840 5493 932 5563 Roer,
