4208 6282
155 541 396 640 (Α.Β.1173.)
477 648 479 653 ἢ
750 565 860 618 avesa
887 565 1057 628 omnnus.
1622 533 1669 626 83¹
1711 622 1713 630 ,

153 777 259 831 norum
286 754 378 829 Duos
395 755 429 827 et
445 753 625 828 Monaroha
647 755 773 845 sanato,
802 754 996 849 repentinus
1022 755 1163 851 languor
1188 758 1380 833 Bolesleum
1407 755 1546 836 invadit.
1574 745 1673 836 Hune

152 899 219 953 oum
244 875 279 949 iu
307 897 343 949 so
369 874 515 970 grassari
542 873 664 948 sensim
691 875 887 968 adverteret,
916 875 1123 951 Kazimirum
1151 879 1452 955 Sandomiriensem
1471 881 1672 977 Prinoipem,

152 999 282 1074 fratrom
309 999 392 1072 nutu
419 995 589 1088 minorem,
618 998 850 1092 praelatosqne
875 1001 910 1073 ot
936 1001 1073 1074 barones
1100 1001 1209 1094 Regni
1237 1002 1277 1074 ed
1305 1024 1340 1075 se
1366 1003 1539 1077 mundavit
1564 1025 1674 1080 aooer·

151 1120 214 1211 siri,
242 1121 305 1194 sub
331 1141 506 1212 eorumque
546 1119 735 1214 praesentio
773 1121 843 1194 tam
871 1120 911 1194 do
937 1119 1185 1216 Prinoipatibus
1215 1125 1249 1198 et
1274 1121 1374 1198 terris
1400 1145 1474 1197 eum
1501 1123 1572 1200 iure
1599 1148 1674 1201 snos
1712 1183 1714 1188 ,

150 1241 303 1318 cessionis
330 1239 612 1336 eontingentibus,
641 1264 741 1334 quom
769 1241 943 1334 derebus,
972 1242 1139 1317 thesauris
1165 1245 1200 1318 et
1227 1243 1386 1321 olonodiis
1412 1245 1587 1321 ordinavit.
1628 1249 1674 1323 Et

149 1363 214 1439 filio
239 1363 373 1457 quidem
408 1362 516 1454 unieo,
553 1385 651 1456 quem
686 1362 896 1456 relinquebat
915 1363 949 1458 ¹),
977 1365 1137 1440 Lostkoni
1153 1365 1192 1459 ²),
1224 1365 1389 1441 Maeoniae
1415 1369 1450 1442 ot
1475 1367 1674 1463 duiaviaeb

149 1488 292 1562 Duootus
327 1485 430 1580 leget,
466 1486 592 1561 Ducem
626 1507 702 1560 voro
738 1484 946 1560 Karimirum
980 1509 1175 1580 germanum
1210 1508 1307 1562 suum
1338 1490 1521 1564 curatorem
1549 1490 1612 1564 lilii
1639 1495 1675 1566 et

147 1607 268 1683 diarias
295 1606 452 1682 Duoissae
478 1605 639 1683 oonsortis
667 1629 745 1684 snae
772 1607 937 1704 designat,
966 1608 1174 1683 Kanimirum
1201 1611 1383 1702 obsecrans,
1410 1612 1450 1684 ut
1476 1633 1550 1686 sem
1568 1611 1674 1691 visem

148 1753 202 1806 suo
235 1729 308 1804 filio
343 1729 506 1804 Ivostlvoni
541 1731 699 1825 praestet,
737 1753 837 1822 quem
869 1718 1025 1805 'meminit
1060 1731 1124 1806 sibi
1151 1733 1193 1806 ab
1218 1755 1255 1807 eo
1282 1732 1317 1806 in
1344 1753 1423 1807 suae
1449 1733 1675 1828 orphanitatis

147 1853 285 1928 artioulo
312 1852 510 1948 praestitam
536 1852 651 1944 fuisse,
689 1855 926 1948 parentemque
961 1853 1068 1948 magis
1104 1876 1204 1948 quom
1239 1856 1423 1931 ouratorem
1455 1859 1490 1931 et
1516 1859 1674 1952 patruum

148 1976 179 2050 in
205 1977 324 2071 nepote
351 1977 442 2070 agat,
479 1997 554 2049 eum
589 1976 702 2050 levore
739 1977 876 2070 paterno
912 1997 1042 2070 semper
1076 1999 1096 2048 a
1130 1986 1165 2051 so
1191 1977 1358 2052 traetatus
1392 1979 1428 2052 et
1453 1978 1588 2052 habitus
1616 1979 1672 2067 sit,

147 2101 290 2174 iruotum
326 2097 427 2174 etiam
463 2095 646 2172 curationis
681 2096 870 2171 huiusmodi
905 2099 1132 2194 pereepturos.
1177 2098 1264 2172 Nom
1299 2098 1329 2172 si
1363 2099 1564 2175 lestkonem
1602 2101 1675 2176 sine

147 2221 236 2316 prole
262 2220 419 2297 exoedore
446 2219 635 2315 eontigerit,
672 2219 842 2295 Kozimiro
869 2219 967 2294 fratri
994 2222 1065 2295 tam
1090 2220 1266 2313 Masoviae,
1295 2243 1392 2315 quom
1420 2222 1576 2298 duiaviae
1601 2225 1672 2298 Du·

146 2346 277 2418 ratuum
293 2343 321 2438 4)
346 2343 440 2438 legat
466 2341 654 2438 legitimam
680 2341 938 2434 suceessionem,
976 2342 1084 2438 ipsum
1120 2343 1227 2418 solum
1262 2344 1504 2420 testamentis
1530 2367 1566 2420 so
1592 2348 1674 2422 tuno

145 2465 266 2541 oonditi
294 2463 406 2559 vigore
433 2464 611 2540 deoemons
629 2463 665 2538 in
682 2467 860 2557 utrumque
878 2465 1053 2556 Duoatnm,
1081 2463 1152 2554 filio
1178 2465 1344 2541 Lestkone
1371 2467 1522 2558 obeunte,
1543 2489 1670 2544 sueces-

145 2609 268 2662 surnm.
315 2587 521 2662 Thesaurum
547 2585 674 2677 deinde,
712 2607 793 2660 vasa
827 2609 958 2679 quoquo
984 2588 1019 2662 et
1045 2587 1194 2662 clenodia
1229 2587 1360 2662 duualia
1386 2587 1474 2663 inter
1499 2588 1673 2685 ooniugom

145 2731 235 2784 suam
263 2709 405 2784 blaviam
440 2712 476 2785 ot
510 2707 719 2784 Karimirum
755 2708 1054 2808 Sandomiriensom
1088 2709 1226 2802 Ducem,
1251 2709 1425 2803 filiumque
1459 2711 1672 2804 Lestlvonem,

144 2832 298 2926 nepotem
314 2832 342 2925 ⁶)
369 2829 525 2926 partitur.
563 2830 722 2906 Omnibus
749 2830 885 2926 insuper
910 2830 1141 2908 ecelesiastiois
1168 2831 1390 2908 Sacramentis
1416 2832 1532 2908 devote
1558 2834 1594 2908 ot
1619 2857 1673 2910 oa·

144 2952 267 3030 tholioo
295 2953 460 3048 perceptis
486 2953 674 3048 penultimo
707 2951 858 3030 Octobris
884 2953 920 3028 in
947 2976 1021 3030 aree
1047 2953 1254 3030 cracoviensi
1280 2953 1435 3050 spiritum
1461 2955 1610 3046 exhalat,
1639 2957 1675 3031 et

145 3076 179 3150 in
204 3074 415 3152 Oraooviensi
441 3074 581 3152 ecelesia
606 3098 626 3149 a
651 3075 742 3151 Duos
768 3074 938 3151 Karimiro
974 3073 1245 3169 sandomiriensi,
1282 3076 1433 3154 (ledeone
1467 3076 1674 3152 Gronoviensi

143 3197 306 3294 episeopo,
335 3199 485 3273 oonsorte
514 3196 621 3273 Maria
647 3200 682 3273 ot
707 3196 778 3272 filio
803 3198 981 3290 Lestlvone,
1018 3197 1222 3293 eaeterisque
1248 3198 1408 3294 praelatis
1435 3200 1469 3274 et
1495 3197 1674 3274 baronibus

143 3320 252 3416 Regni
281 3320 372 3396 iusta
397 3319 508 3397 funeri
535 3319 751 3413 solventibus,
780 3320 951 3416 sepelitur,
982 3343 1056 3395 oum
1083 3320 1118 3394 in
1151 3320 1438 3398 administratione
1463 3321 1673 3398 Monaruhias

143 3443 253 3540 Regni
280 3442 438 3520 Poloniae
465 3465 568 3520 annos
593 3441 739 3540 triginta
765 3467 830 3518 uno
858 3442 967 3518 minus
980 3443 1009 3538 6)
1035 3443 1212 3541 exegisset.

435 3813 633 3902 lvoovrlaus
660 3814 763 3886 Senex
789 3813 820 3884 in
847 3811 1047 3886 Romanulam
1072 3810 1222 3884 volonno
1249 3810 1387 3902 eligitur.

245 4055 328 4128 Post
355 4056 493 4130 mortem
519 4056 631 4130 autem
658 4055 805 4130 Boleslei
840 4054 947 4150 Crispi
975 4055 1172 4128 Polonornm
1208 4051 1309 4126 Duois
1343 4053 1378 4127 et
1411 4052 1607 4126 Monarohao
1634 4053 1674 4126 iit

143 4177 176 4251 in
204 4175 396 4252 Graeoviam
412 4175 439 4270 ⁷)
466 4177 537 4252 tam
567 4177 742 4271 Myeozslai
770 4175 904 4252 Maioris
931 4175 1087 4250 Poloniee
1113 4177 1148 4249 et
1174 4171 1422 4264 Pomeroniue,
1442 4196 1543 4264 quem
1569 4173 1673 4248 Kari-

145 4298 219 4373 miri
248 4298 539 4390 Sandomiriensis,
576 4299 732 4390 Roleslai,
769 4295 945 4394 My'eozslai
972 4301 1006 4373 et
1032 4295 1176 4371 cunradi
1204 4295 1328 4370 Slesias
1355 4295 1482 4369 Durum
1509 4318 1568 4390 pru
1595 4297 1672 4370 sub-

144 4421 316 4496 stituendo
342 4445 425 4497 novo
452 4423 632 4497 Monaroha
659 4423 848 4498 oonventns.
876 4422 921 4496 Et
939 4419 1019 4495 lieet
1037 4418 1265 4494 Croeoviensos
1292 4439 1420 4491 summe
1445 4416 1489 4508 vi,
1517 4417 1673 4492 summis-

143 4566 206 4638 que
233 4543 409 4620 conatibus
445 4543 686 4636 adniterentur,
722 4546 887 4638 quatenus
913 4542 948 4616 in
974 4541 1185 4616 Monarchiae
1219 4539 1448 4634 Principalem
1483 4538 1674 4614 Kozimims

144 4663 424 4740 Sandomiriensis
450 4667 529 4740 Dux
555 4666 752 4759 suooederet,
781 4688 802 4740 a
828 4664 1029 4740 oonsilinriis
1055 4667 1168 4739 tamen
1195 4665 1229 4737 et
1254 4661 1432 4736 baronibus
1458 4661 1592 4736 Maioris
1609 4663 1673 4737 Po·

144 4788 265 4879 louiae,
295 4787 433 4878 Simiae,
460 4787 685 4879 Pomeraniae,
724 4789 992 4878 eaeterarumque
1028 4785 1210 4880 regionum,
1240 4783 1274 4857 in
1300 4784 1521 4879 Mveeaslaum
1556 4783 1673 4858 Senem

142 4911 339 5001 veritatum,
367 4908 503 4986 Maioris
529 4909 686 4985 Poloniue
711 4912 746 4985 et
771 4907 986 4984 Pomoroniae
1011 4909 1136 4982 Dnoem
1171 4905 1330 5000 suffragia
1364 4904 1556 4996 ferentibus,
1592 4904 1674 4979 vieti

143 5033 324 5108 desistunt.
352 5032 475 5124 Itaque
501 5033 706 5130 ligeonslaus
731 5033 810 5106 Dur
835 5033 870 5107 et
896 5031 1075 5106 llonaroha
1092 5030 1290 5105 Polonornm
1307 5025 1487 5103 universali
1514 5046 1673 5102 eonsensu

251 5225 275 5303 ¹)
298 5227 478 5302 relinquerat
500 5227 558 5288 Ed.
580 5227 672 5288 Βοῦν.
711 5221 902 5301 ⁹)Leszlr0ni
924 5221 984 5286 Ed.
1007 5223 1099 5285 Dobr.
1138 5219 1165 5299 ³)
1186 5220 1397 5281 Masoviensem
1424 5224 1454 5279 et
1475 5217 1674 5279 Guiaviensem

144 5329 202 5389 Ed.
224 5331 320 5392 Dobr.
359 5327 385 5410 ⁴)
406 5332 537 5394 Dueutus
559 5332 618 5392 Ed.
637 5331 731 5390 Dobr.
770 5325 798 5407 ὓ)
819 5334 954 5405 nepotem
972 5329 1015 5389 sie
1039 5330 1074 5388 iu
1099 5325 1168 5388 Cod.
1191 5324 1273 5398 Aut.;
1295 5327 1330 5384 ν’νο
1357 5321 1425 5384 eoa.
1448 5324 1539 5384 Roer.
1562 5326 1589 5382 et
1611 5323 1671 5382 Ed.

145 5434 237 5495 Βοῦν.
261 5435 348 5498 deest.
386 5432 536 5515 ⁰luovern
558 5443 589 5500 et
609 5436 712 5511 viginti
740 5433 810 5509 θοοῦ.
832 5435 923 5510 Roer,
955 5451 1041 5504 unum
1065 5437 1094 5494 et
1115 5431 1234 5508 triginta
1257 5430 1315 5500 Ed.
1337 5429 1430 5491 Dobr.
1470 5424 1674 5520 ⁷)Oraooviae

146 5539 205 5602 Ed.
226 5539 323 5604 Βοῦν.
