4246 6274
150 549 208 646 (Α.
228 549 274 626 D.
294 552 400 648 1155.)
756 575 866 628 nmnn
891 577 1061 640 somnus.
1623 562 1671 634 43

150 761 196 836 sis
219 762 298 836 Dux
317 761 341 856 ¹)
367 761 459 837 misit
484 763 622 838 statrem
653 785 749 838 snum
781 763 1009 839 Rosonislaum
1029 763 1064 839 in
1082 764 1246 840 auxilium
1272 767 1416 842 Isaaelne
1444 766 1670 842 Denidouioa.

150 884 196 958 Et
220 882 312 958 venit
338 881 501 978 Georgius
535 886 570 958 et
601 884 728 959 obsedit
753 883 948 980 (layrnyeou
962 884 999 980 ²),
1036 886 1070 960 et
1096 885 1221 962 fiebant
1256 909 1387 981 pugnae
1418 910 1558 983 magnae
1585 887 1672 964 inter

150 1004 336 1081 obsidentes
362 1007 397 1079 et
423 1008 583 1082 obsessos.
611 1006 675 1082 Sed
693 1007 771 1082 dum
790 1005 971 1082 sensissent
996 1008 1163 1104 Polouoay
1180 1008 1334 1084 aduenire
1360 1009 1545 1084 Isaeslaum
1571 1009 1670 1106 (lagr-

150 1127 401 1223 nyeoviensibus
415 1125 442 1222 ³)
469 1127 504 1202 in
530 1127 705 1218 auxilium,
733 1127 843 1203 territi
870 1127 1062 1223 diffugiunt.
1103 1129 1228 1224 Quibus
1254 1130 1505 1224 discedentibus,
1533 1131 1673 1207 diseedit

149 1253 185 1326 et
210 1249 384 1346 Georgius,
412 1252 446 1325 ot
472 1249 564 1325 uadit
591 1249 625 1324 in
652 1252 834 1346 Nouogrod
860 1251 1116 1346 Saenyorskyb,
1145 1255 1180 1326 et
1206 1251 1320 1328 relioto
1347 1251 1417 1328 filio
1443 1252 1668 1346 Wnsaillrone,

149 1371 243 1446 uadit
268 1371 303 1446 in
331 1371 489 1446 Sanandal
505 1371 544 1466 6).
571 1374 616 1446 Et
634 1373 802 1447 Isnaslaus
828 1396 893 1448 non
922 1371 1093 1448 inveniens
1111 1373 1332 1468 Georginm0)
1357 1374 1445 1469 apud
1463 1373 1669 1470 ozymyeou,

3 1479 19 1508 ⁶
149 1493 243 1568 vadit
268 1515 382 1608 versus
407 1495 601 1590 Nouogmd,
639 1493 776 1587 illioque
810 1495 901 1570 dedit
936 1517 1050 1590 paoem
1085 1495 1286 1590 petentibus,
1323 1499 1357 1572 et
1382 1517 1531 1572 reversus
1558 1498 1610 1572 est
1636 1497 1671 1571 in

149 1616 264 1712 Kyou,
291 1617 326 1691 et
352 1615 525 1692 Wnsailko
552 1615 614 1692 ivit
641 1616 682 1691 rod
709 1619 838 1716 patrem
865 1616 1014 1692 suumin
1033 1617 1201 1707 Sausndal,
1229 1616 1336 1692 filium
1363 1617 1571 1694 Meoaislanm
1590 1617 1670 1692 mit-

149 1739 225 1812 tens
251 1737 287 1812 in
314 1735 514 1813 Polemonos:
552 1737 610 1830 qni
645 1739 735 1813 solas
769 1738 917 1813 existens
952 1740 1065 1814 vastat
1101 1739 1293 1831 Polemonos,
1331 1741 1366 1813 et
1393 1761 1515 1835 magna
1549 1740 1672 1835 praeda

149 1881 307 1953 equorum
333 1858 407 1954 etr)
433 1879 584 1954 peoorum
612 1862 721 1955 napta
758 1859 860 1936 etiam
885 1859 1109 1936 tabernaoulis
1145 1883 1255 1936 eorum
1290 1861 1418 1956 potitur
1445 1862 1479 1935 et
1505 1861 1671 1956 multos‘b

150 1981 414 2058 Christianomm
440 1982 550 2074 soluit,
579 1986 613 2060 et
638 1982 816 2060 revertitur
841 2005 916 2058 enm
941 1981 1059 2080 gloria.
1087 1983 1211 2058 Eodem
1237 2005 1325 2059 anno
1351 1982 1572 2060 Wlodimirlro
1597 1984 1669 2059 Ha·

148 2104 316 2182 limiensie
341 2105 418 2179 Dux
446 2104 596 2182 moritur.

251 2226 423 2322 Eugenins
450 2230 543 2322 Papa
567 2227 689 2303 tertias
716 2250 790 2303 oum
817 2227 913 2302 annis
941 2230 1024 2319 octo,
1053 2227 1218 2302 mensibus
1237 2230 1388 2321 quatuor,
1416 2227 1531 2304 diebus
1555 2249 1671 2303 novem

147 2349 297 2437 sedisset,
325 2348 489 2444 Tibure⁹l
516 2351 655 2424 moritur
681 2351 715 2425 et
743 2372 801 2444 per
836 2349 977 2424 mediam
1011 2349 1136 2424 Urbem
1171 2350 1240 2426 fere
1274 2373 1347 2425 oum
1383 2350 1486 2425 totins
1521 2348 1603 2424 oleri
1636 2351 1672 2424 et

147 2470 264 2567 populi
298 2471 397 2556 turba
429 2473 464 2547 et
498 2472 642 2548 maximo
675 2473 769 2547 lnotn
802 2471 846 2560 in¹
872 2471 1043 2548 ecelesiam
1075 2470 1162 2547 boati
1189 2471 1279 2548 Petri
1306 2471 1341 2546 in
1367 2471 1526 2547 Vaticano
1552 2471 1670 2548 dedun-

148 2596 213 2684 tus,
244 2591 331 2668 oiroa
357 2593 464 2667 altere
491 2593 662 2690 sepelitur.
698 2595 783 2668 Erat
809 2595 920 2668 antem
946 2595 999 2668 vir
1024 2592 1179 2688 simplex,
1207 2595 1265 2668 sed
1290 2593 1486 2689 religiosus:
1513 2593 1670 2668 adhaere·

151 2717 207 2790 bat
233 2736 379 2806 namque
406 2714 497 2790 oanni
524 2715 596 2790 eius
623 2714 737 2790 tunice
763 2717 860 2792 lanea
885 2717 920 2790 et
945 2715 1059 2791 diebus
1086 2737 1124 2790 ao
1150 2715 1301 2791 noctibus
1323 2716 1463 2808 onoulla,
1491 2715 1583 2789 intus
1602 2737 1670 2790 mo·

151 2837 248 2913 naehi
276 2836 429 2912 habiturn
455 2837 612 2929 retinens,
649 2840 747 2913 extra
772 2860 808 2912 se
833 2837 1028 2914 Pontificem
1054 2837 1203 2913 restibus
1238 2839 1272 2914 et
1299 2838 1442 2913 moribus
1477 2835 1667 2913 exhibebat.

151 2958 209 3032 dni
236 2957 438 3036 Anastasius
464 2960 595 3053 tertius,
624 2959 758 3036 natione
784 2961 965 3053 Romanus,
993 2959 1136 3056 primurn
1162 2960 1331 3036 Oonrudus
1357 2959 1476 3054 dietus,
1503 2981 1547 3034 eu
1571 2960 1667 3054 patre

151 3081 340 3174 Benedioto,
369 3081 540 3158 snoeessit.

599 3442 803 3558 ANNUS
837 3441 1058 3556 DOMINI
1093 3442 1221 3555 1155.

150 3690 304 3766 landotio
340 3693 530 3770 nonasterii
557 3693 589 3766 in
616 3693 738 3766 lubens
765 3696 798 3766 et
825 3693 979 3766 obolariae
1006 3693 1037 3764 in
1065 3692 1194 3766 daltsol
1228 3710 1282 3784 nor
1308 3692 1521 3782 dnonaslnnm
1555 3690 1672 3762 buren

776 3815 923 3888 latoniae
949 3815 1047 3888 tarta.

253 4059 430 4135 Famosum
456 4059 491 4132 et
518 4058 678 4134 eelebrem
713 4057 979 4134 cisterciensium
1011 4055 1204 4152 religionem
1231 4058 1266 4132 et
1291 4077 1376 4147 quae
1402 4054 1535 4149 propter
1561 4074 1672 4148 perso·
1791 4145 1793 4150 ι

154 4201 271 4280 narum
298 4179 334 4254 in
360 4201 401 4256 ea
425 4181 492 4256 Deo
518 4180 739 4254 militantium
774 4181 987 4256 sanctitatem
1018 4201 1118 4273 snpra
1143 4180 1286 4254 caeteros
1311 4199 1348 4252 eo
1375 4179 1521 4272 tempore
1547 4175 1673 4250 reluoe-

152 4301 218 4392 bat,
246 4301 454 4397 Myeoaslaus
480 4301 615 4377 Maioris
642 4301 797 4378 Poloniae
822 4303 899 4376 Dux
926 4301 959 4376 in
988 4323 1063 4376 euos
1085 4302 1233 4376 Donatus
1250 4301 1285 4375 et
1301 4297 1446 4373 dominia
1472 4296 1672 4389 introduxit,

152 4427 185 4498 ot
218 4421 254 4496 in
290 4423 425 4500 Imbens
446 4423 487 4518 ¹⁰)
522 4423 659 4500 diooesis
689 4423 977 4499 Wratislnrionsie
1011 4421 1210 4497 monasterio
1246 4422 1442 4509 consumto,
1478 4417 1673 4514 religionem

152 4543 256 4638 ipsam
283 4545 412 4640 primns
439 4545 475 4619 in
501 4545 620 4622 diooesi
647 4545 917 4622 Wratislaviensi
944 4544 1127 4640 plantatim
1155 4543 1329 4636 duonlique
1348 4539 1574 4617 munificentia
1592 4562 1674 4635 erga

153 4666 390 4742 monesterium
416 4690 436 4743 a
462 4689 497 4743 se
523 4668 699 4743 fundatum
725 4689 815 4758 usne,
843 4667 952 4759 villas,
981 4667 1112 4762 oppida,
1149 4665 1306 4740 introitus
1333 4669 1368 4739 et
1394 4662 1529 4759 praedia
1555 4662 1590 4737 in
1616 4663 1673 4738 do·

154 4790 220 4864 tem
246 4789 434 4866 liberaliter
460 4788 513 4864 illi
539 4791 692 4882 eontulit,
730 4789 884 4884 nasisque
915 4791 948 4864 et
974 4787 1181 4866 vestimentis
1214 4785 1408 4862 neeessariis
1442 4787 1485 4860 ad
1520 4807 1614 4860 soora
1639 4787 1674 4860 et

154 4888 348 4988 ornamenta
373 4911 601 5007 speotantibus
627 4911 764 4988 mirifice
791 4911 977 5008 insignivit.
1005 4912 1103 4986 Hune
1122 4912 1228 4985 locum
1248 4907 1494 4984 ueteranornm¹
1507 4907 1528 5002 ¹)
1555 4905 1674 4982 relatio

155 5033 282 5108 ferebat
309 5034 472 5129 templum
498 5035 659 5110 idolorum
692 5035 855 5110 famosum
889 5033 1052 5128 quondam
1088 5031 1210 5124 fuisse,
1247 5032 1325 5106 dnm
1359 5031 1555 5106 Polonorum
1582 5027 1674 5103 natio

259 5223 285 5304 ¹)
308 5225 375 5285 Dux
395 5225 471 5288 deest
491 5228 527 5287 ira
552 5225 621 5288 (lod.
645 5225 717 5287 Aut.
757 5224 980 5305 &Ozemieiou
1009 5224 1078 5287 eor.
1100 5225 1192 5286 Rorr.
1230 5219 1256 5301 ³)
1280 5219 1575 5283 Gnernieioviensibne
1601 5218 1671 5280 (lod.

156 5329 244 5390 Roer.
276 5325 486 5412 ⁴)Siewiorslni
511 5329 580 5392 (lod.
604 5330 673 5407 Idy.
707 5327 733 5408 ὖ)
750 5330 862 5392 Susdul.
877 5330 936 5390 Eo.
958 5329 1049 5392 Dobr.
1081 5324 1107 5406 6)
1122 5345 1180 5388 non
1200 5329 1317 5388 invento
1340 5325 1478 5400 Gregorio
1499 5324 1559 5384 Ed.
1581 5323 1674 5384 Dobr.

158 5429 183 5510 7)
205 5439 234 5494 et
255 5434 334 5496 deest
353 5435 390 5495 iu
414 5433 482 5496 eoo.
504 5433 576 5496 Aut.
607 5431 800 5512 ⁸)nonnnllos
827 5433 896 5498 Ood.
919 5436 1010 5499 Reor.
1041 5429 1068 5519 9)
1083 5433 1190 5512 Tyburi
1215 5431 1286 5502 σοι).
1309 5431 1398 5500 Reor.
1433 5425 1472 5510 ¹⁰)
1490 5429 1584 5492 Lubiu
1604 5425 1673 5490 Coei.

158 5537 245 5600 Roar.
287 5535 329 5621 ¹¹)
350 5543 478 5606 veteram
503 5537 572 5606 (lod.
595 5539 659 5607 Isis.
