4162 6288
984 561 1097 614 mass
1123 559 1317 614 snuunrus.
1646 533 1930 636 (Α.Β.1274.)
2033 619 2037 624 ,

529 909 715 1002 arnolphus
742 910 774 982 in
801 909 919 1000 llcgcm
946 908 1163 982 llonauomm
1191 907 1315 978 clectus
1342 924 1397 997 per
1423 903 1542 996 lapan
1570 902 1786 976 contuntur.

484 1116 553 1190 Sub
581 1116 667 1189 idem
694 1117 829 1209 tempus
856 1113 1055 1208 Radolphus
1081 1111 1197 1186 comes
1223 1110 1264 1184 de
1290 1107 1492 1203 Anesburgh
1512 1108 1536 1202 ¹)
1575 1106 1664 1184 circa
1689 1106 1804 1203 partes
1831 1105 1928 1181 Basi-

378 1239 451 1313 leae
466 1236 513 1332 ²),
542 1237 641 1312 homo
677 1237 766 1311 inter
792 1235 955 1310 Almanos
990 1233 1130 1306 humilis
1166 1231 1267 1306 sortis
1293 1233 1328 1306 ct
1355 1230 1508 1325 generis,
1536 1231 1592 1306 sed
1619 1229 1727 1307 animi
1751 1227 1869 1322 magni
1894 1231 1930 1303 et

380 1358 533 1448 celebris,
561 1358 597 1432 in
624 1359 752 1451 Regem
779 1359 1007 1431 Romanorum
1033 1354 1186 1449 eligitur.
1214 1353 1322 1447 Quam
1348 1351 1546 1426 electionem
1573 1349 1756 1445 Gregorius
1782 1349 1929 1424 decimus

380 1481 417 1553 in
443 1481 591 1554 favorem
617 1479 740 1553 Terrae
767 1479 911 1553 Sanctae
939 1477 1125 1566 confirmat,
1154 1477 1189 1549 et
1215 1496 1275 1568 pro
1310 1473 1460 1548 eiusdem
1486 1471 1593 1566 Regis
1619 1471 1791 1566 Radalplui
1817 1471 1931 1564 quiete

380 1603 416 1676 in
443 1602 562 1694 Regno
590 1602 624 1674 et
651 1599 890 1689 subsistentia,
925 1598 1137 1692 Alphonsum
1165 1595 1333 1670 castellae
1359 1596 1488 1688 Regem
1515 1593 1556 1668 de
1582 1593 1655 1668 iura
1681 1592 1841 1687 Imperii,
1870 1615 1930 1686 pro

379 1745 445 1816 quo
472 1723 661 1796 deducendo
683 1723 813 1796 multos
840 1723 995 1814 sumptus
1021 1721 1057 1794 et
1083 1717 1212 1812 fatigas
1238 1717 1466 1811 impenderat,
1496 1715 1611 1790 cedere
1636 1716 1672 1790 et
1698 1715 1734 1788 in
1761 1716 1833 1789 suis
1859 1735 1931 1788 mu·

380 1844 479 1917 nibus
507 1843 721 1932 renuntiare,
750 1865 847 1936 preco
873 1845 907 1914 et
934 1839 1149 1935 persuasione
1185 1837 1344 1932 impellit.
1382 1837 1447 1931 Qui
1481 1836 1652 1930 quietatus
1688 1835 1724 1909 in
1750 1835 1870 1930 Regno
1896 1837 1933 1910 et

380 1963 615 2056 confirmatus,
644 1965 747 2039 cruce
775 1963 866 2036 illico
902 1983 976 2036 cum
1013 1960 1167 2056 pluribus
1203 1958 1379 2034 Princibus
1414 1959 1449 2033 et
1484 1957 1664 2033 baronibus
1690 1956 1869 2032 Almaniao
1895 1977 1932 2031 se

379 2085 570 2180 insignivit.

465 2450 625 2540 l’mtleui,
653 2449 815 2522 tulnousi
842 2452 931 2525 torua
957 2449 1099 2537 vastato,
1127 2446 1295 2520 fleunoun
1321 2447 1512 2538 reginum
1531 2445 1684 2520 l’rrutre
1710 2445 1852 2520 vinem.

483 2691 672 2768 Gulmensis
699 2694 809 2766 terrae
837 2711 973 2784 gravem
999 2687 1243 2779 vastationem,
1272 2710 1373 2781 quam
1409 2688 1464 2761 illi
1499 2687 1663 2762 Pmtheni
1699 2687 1833 2762 barbari
1859 2687 1930 2763 Na·

379 2812 598 2909 ctagenses³)
625 2837 685 2908 per
711 2813 828 2887 caedes
854 2811 975 2902 varias,
1005 2812 1147 2904 praedas
1174 2812 1209 2884 et
1236 2809 1332 2904 ignes
1359 2809 1562 2900 inferebant,
1590 2808 1755 2904 Magister
1772 2808 1931 2884 Pmssiue

377 2937 544 3011 Hernicus
571 2934 813 3029 prohibiturus,
842 2934 1003 3026 congesta
1029 2931 1120 3006 omni
1147 2953 1208 3005 sua
1235 2931 1406 3026 potentia,
1436 2933 1594 3005 barbaros
1621 2931 1780 3026 praedam
1808 2930 1929 3025 iugen-

376 3059 446 3131 tem
472 3057 632 3132 vehentes
659 3055 818 3130 insectari
845 3053 976 3147 coepit:
1006 3075 1089 3143 quos
1121 3052 1211 3145 apud
1239 3051 1425 3127 Lubaviam
1444 3049 1631 3144 offendens,
1651 3051 1789 3127 illorum
1807 3072 1931 3146 agmen

378 3177 520 3253 invadit.
561 3177 687 3251 Verum
721 3175 854 3250 barbari
889 3175 973 3269 iuga
1000 3173 1180 3264 simulata,
1218 3173 1254 3245 iu
1290 3172 1439 3248 vicinum
1474 3194 1593 3247 nemus
1618 3175 1765 3262 abeunt,
1794 3194 1839 3246 ex
1864 3195 1931 3263 quo

379 3298 501 3374 fortius
527 3297 772 3374 cruciferorum
808 3295 1015 3386 exercitum,
1044 3293 1163 3368 vicisse
1190 3295 1365 3368 seratum
1400 3294 1435 3368 et
1471 3296 1512 3368 ob
1548 3293 1583 3367 il
1609 3293 1730 3369 solutis
1756 3292 1930 3368 ordinibus

380 3422 588 3516 dispersum,
617 3419 793 3494 invadunt.
833 3417 879 3490 Et
906 3417 987 3492 lieet
1013 3416 1133 3489 durum
1159 3417 1195 3490 et
1221 3415 1361 3509 longum
1397 3417 1567 3491 certamen
1602 3415 1816 3490 commissum
1844 3415 1931 3489 foret

380 3543 471 3617 iuter
497 3544 667 3635 utrosque,
696 3539 862 3615 Pruthoni
889 3541 1005 3612 tamen
1032 3536 1179 3612 Henrico
1205 3535 1369 3630 Magistro
1396 3539 1431 3612 et
1457 3536 1638 3612 Theodrico
1656 3537 1833 3628 marsaloo,
1853 3536 1930 3630 plu·

378 3665 537 3756 ribusque
564 3663 643 3737 aliis
670 3664 711 3736 do
738 3660 890 3736 exercitu
916 3658 1117 3735 Oruciferico
1145 3658 1273 3749 occisis,
1302 3680 1435 3733 evasere
1461 3659 1614 3750 victores,
1631 3659 1691 3734 sed
1708 3660 1744 3733 et
1770 3657 1931 3752 praedam

379 3807 479 3880 qnam
506 3786 669 3876 tulerant,
698 3784 734 3857 in
760 3805 857 3857 suam
884 3782 1055 3876 regionem
1081 3783 1355 3856 transvexerunt.
1384 3782 1430 3854 Et
1448 3781 1530 3856 licet
1548 3781 1584 3854 in
1602 3779 1824 3871 subsequenti
1842 3780 1929 3853 tam·

379 3929 457 4001 pore
484 3908 563 3979 Dux
589 3903 904 3995 Brunsnuicncnsis,
925 3903 1007 3978 item
1034 3903 1265 3998 lantgravius
1292 3901 1511 3997 Thuringiae,
1540 3901 1623 3976 item
1641 3903 1719 3975 Rex
1735 3899 1930 3991 Bohemiae,'

378 4029 463 4102 item
489 4027 636 4102 Marchio
663 4025 976 4120 Brandeburgensis
1002 4047 1077 4098 cum
1105 4025 1195 4115 filio,
1224 4047 1299 4099 cum
1336 4023 1407 4098 suis
1443 4021 1605 4117 potentiis
1640 4021 1845 4097 Christianis
1871 4043 1930 4096 ve-

380 4149 512 4224 nissent
539 4149 575 4222 in
602 4148 825 4242 solatium),
854 4147 951 4220 nulla
978 4148 1092 4221 tamen
1119 4169 1155 4220 re
1182 4145 1388 4220 memorabili
1432 4147 1568 4239 propter
1604 4143 1725 4218 hiemis
1752 4143 1932 4218 mollitiem

380 4272 415 4344 et
442 4269 675 4364 intemperiem
716 4269 817 4360 edita,
846 4269 882 4342 in
909 4267 1062 4362 regiones
1089 4289 1167 4340 suas
1193 4267 1361 4341 abierunt.
1398 4265 1546 4340 Marchio
1574 4267 1690 4339 tamen
1715 4264 1930 4339 Brandebur-

380 4391 494 4486 gensis
521 4393 668 4465 castrum
697 4393 732 4464 et
758 4389 919 4484 oppidum
946 4387 1133 4480 constituit,
1162 4389 1250 4480 quod
1276 4385 1521 4482 Brandenburg
1547 4385 1746 4481 appellavit.

458 4739 597 4813 'llomas
624 4738 664 4812 la
690 4737 811 4831 Apulum
838 4736 880 4808 ot
907 4737 1085 4810 concilium
1104 4736 1313 4828 lugdunense
1339 4739 1476 4809 vocatus
1503 4735 1535 4807 iu
1562 4732 1677 4808 itinero
1703 4731 1850 4806 noritur.

484 4959 699 5035 Clarissimus
734 4961 769 5034 et
795 4981 892 5035 rarae
927 4957 1149 5033 excellentiae
1185 4956 1237 5032 vir
1273 4959 1344 5030 tam
1379 4955 1415 5029 in
1450 4955 1605 5031 doctrina
1641 4977 1745 5048 quam
1782 4953 1818 5028 in
1843 4951 1928 5046 vita,

380 5081 526 5156 Thomas
552 5081 593 5155 de
619 5079 754 5174 Aquino
781 5080 906 5155 ordinis
932 5078 1215 5169 Praedicatorum‚
1243 5078 1366 5152 Doctor
1393 5077 1549 5172 insignis,
1576 5078 1653 5171 post
1679 5075 1806 5151 multos
1823 5073 1931 5170 scrip·

489 5394 512 5472 ¹)
534 5395 705 5468 Rudolpnus
728 5393 832 5454 Comes
855 5394 892 5454 de
915 5375 1071 5466 Anesburg
1102 5388 1174 5452 t'od.
1198 5391 1290 5452 Reor.
1318 5390 1368 5469 (de
1390 5389 1547 5464 Habsbnrg
1567 5386 1700 5466 remica).
1733 5385 1928 5468 ³)Bssilicae

384 5495 454 5561 coc.
478 5499 543 5560 Ian.
569 5489 817 5577 ³)Nootagenses
843 5497 913 5558 Cori.
936 5497 1008 5558 Aut.
1033 5492 1059 5576 ⁴)
1082 5497 1221 5558 auxilium
1246 5494 1317 5558 Coo.
1340 5496 1432 5558 soar.
