4192 6272
402 543 478 615 470
1006 561 1119 614 arana
1144 562 1339 615 amanuncus.
1675 541 1738 635 (Α.
1758 541 1805 616 D.
1825 541 1949 638 aaa.)

401 753 470 826 am
497 703 647 825 nostram
673 750 864 840 asanaa,
893 750 1107 824 causantur
1134 750 1308 826 Duoiaan
1335 751 1547 826 dolorosam
1566 751 1602 846 ¹),
1630 753 1710 827 oum
1736 775 1773 828 a
1791 775 1813 828 a
1831 753 1951 830 mana

402 870 644 968 praesensisset
670 870 875 947 destinatam
903 871 937 945 in
966 874 1117 963 mortem,
1146 872 1316 947 debilibus
1343 873 1628 948 obsecrationibus
1655 896 1802 969 rogasse,
1832 898 1874 950 ne
1898 877 1950 950 vi·

401 998 471 1068 tam
498 995 534 1068 et
560 991 707 1068 consorti
747 995 783 1069 et
818 992 963 1068 laminae
991 993 1160 1070 innocenti
1188 995 1364 1090 pateretur
1390 994 1496 1090 eripi;
1534 995 1593 1070 scd
1619 997 1656 1070 et
1683 1019 1742 1090 pro
1768 996 1830 1072 Dei
1856 1019 1950 1072 rere·

401 1115 523 1205 rentia,
551 1115 736 1190 ethonore
763 1117 833 1189 tam
861 1115 1032 1210 coniugali
1060 1137 1160 1207 quam
1197 1117 1329 1207 ducali,
1358 1115 1571 1210 permitteret
1603 1139 1676 1192 eam
1713 1117 1749 1190 in
1776 1119 1951 1212 paternam

400 1238 546 1328 domum,
575 1235 679 1312 etiarn
706 1235 741 1310 in
769 1236 870 1310 unius
897 1237 1056 1312 camisiae
1074 1237 1260 1332 tegimento
1279 1237 1417 1328 deduci,
1446 1260 1552 1329 aequo
1570 1237 1683 1314 animo
1701 1241 1823 1315 sortem
1842 1261 1948 1333 quan-

399 1363 605 1452 tumcunque
632 1357 776 1453 inopem,
806 1359 982 1434 dummodo
1009 1359 1258 1450 relinqueretur
1284 1359 1385 1452 ritae,
1404 1359 1564 1434 laturam.
1592 1359 1739 1435 Facinus
1757 1383 1854 1434 suurn
1873 1361 1951 1435 Dux

390 1480 628 1556 'Praemislaus
654 1481 834 1570 occultum,
864 1483 1093 1575 perpetuoque
1120 1481 1302 1576 tegendum
1329 1479 1467 1556 silentio
1495 1479 1692 1572 crediderat,
1717 1483 1811 1556 volnt
1828 1503 1849 1556 a
1867 1505 1949 1576 pau·

403 1603 451 1678 cis
477 1601 619 1677 consciis
645 1603 681 1676 et
707 1603 845 1677 obscure
872 1604 1008 1676 actum:
1036 1603 1124 1696 quod
1151 1605 1265 1678 tamen
1292 1603 1361 1677 Deo
1388 1585 1568 1694 efficiente,
1597 1602 1730 1698 publico
1756 1607 1792 1679 et
1819 1604 1952 1699 uulgari

401 1724 548 1799 carmine
589 1722 624 1797 in
651 1745 749 1798 suurn
777 1722 920 1798 dedecus
948 1724 1107 1799 audiebat
1134 1723 1285 1813 cantari,
1324 1725 1413 1816 quod
1448 1724 1551 1799 etiarn
1588 1724 1623 1798 in
1660 1727 1809 1800 nostram
1846 1747 1952 1818 usque

402 1849 550 1921 aetatmn
578 1847 711 1920 constat
738 1844 929 1940 pertigisse,
958 1846 1130 1939 nostrique
1149 1846 1274 1921 saeculi
1290 1847 1376 1920 illud
1402 1846 1584 1922 concinunt
1609 1847 1754 1921 theatra.
1781 1847 1951 1922 Traheba-

342 1961 347 1967 ’
401 1971 525 2059 terque
544 1968 717 2062 praelatus
745 1967 823 2041 Dux
851 1967 1076 2043 Praemislaus
1104 1967 1139 2041 in
1167 1967 1326 2043 facinoris
1362 1967 1526 2062 praedicti
1561 1968 1695 2062 vulgari
1732 1968 1867 2061 quidem
1894 1969 1953 2044 scd

401 2090 544 2166 veridico
573 2088 695 2164 iudicio
722 2090 869 2183 culpam,
898 2092 932 2164 et
959 2112 979 2163 a
1008 2089 1163 2185 plurimis
1190 2091 1411 2184 carpebatur,
1449 2090 1537 2182 quud
1566 2112 1653 2164 mors
1681 2091 1855 2184 praefatae
1883 2091 1949 2164 Lu·

402 2211 515 2288 kerdis
554 2211 665 2287 alieno
692 2211 826 2304 quidem
855 2210 1053 2302 ministerio,
1082 2211 1141 2286 sad
1168 2233 1227 2286 suc
1255 2214 1392 2307 patrata
1428 2213 1540 2287 iuerat
1575 2212 1734 2287 mandato
1756 2214 1792 2286 et
1818 2210 1952 2301 indicio,

401 2355 508 2426 neque
534 2333 647 2409 ducali
676 2331 875 2423 reverentia,
905 2355 1012 2426 neque
1040 2333 1266 2428 prohibitione
1302 2333 1478 2423 districta,
1517 2332 1629 2427 potuit
1665 2333 1868 2424 qualitatem
1899 2333 1951 2406 sui

402 2455 563 2532 facinoris
589 2457 630 2529 de
657 2476 713 2530 oro
739 2457 775 2529 et
802 2457 935 2549 pectore
962 2455 1135 2530 hominurn
1163 2455 1365 2530 abstulisse:
1403 2455 1462 2547 qui
1498 2455 1602 2530 etiam
1629 2454 1792 2530 occisione
1819 2457 1952 2549 praesa-

400 2583 455 2653 tac
482 2577 645 2652 consortis
671 2599 752 2652 suae
770 2578 811 2652 ob
837 2577 1066 2667 sterilitatem,
1086 2577 1283 2652 coelestium
1302 2577 1534 2652 firmissimum
1561 2580 1597 2652 et
1623 2577 1870 2652 irretractabile
1896 2577 1952 2651 dc·

402 2701 530 2775 oretum
558 2698 720 2794 impedire
747 2699 978 2790 frustrareque
1004 2701 1166 2791 conatus,
1204 2700 1239 2775 et
1276 2699 1402 2774 scelere
1440 2721 1477 2773 se
1513 2698 1661 2775 foedavit
1696 2697 1892 2791 teterrimo,
1920 2701 1955 2774 ot

402 2821 495 2917 prole
522 2820 625 2913 virili,
654 2821 766 2897 altera
792 2841 896 2896 uxore
922 2821 1137 2916 superducta,
1166 2843 1233 2897 non
1261 2821 1373 2917 potuit
1400 2817 1515 2916 potiri.
1625 2897 1630 2908 ,
1775 2883 1779 2890 ,

417 3207 421 3232 ·
472 3189 608 3263 lacobus
636 3189 775 3278 sciata,
803 3192 939 3262 caserta
965 3207 1021 3280 par
1047 3189 1166 3282 lapan
1193 3189 1395 3262 violatam
1423 3189 1590 3278 electiore,
1619 3190 1652 3262 la
1678 3187 1897 3262 decoramen

923 3311 1202 3403 archiepiscopari
1229 3315 1447 3384 consacratur.

510 3552 677 3627 Praelatio
704 3555 739 3628 et
766 3553 896 3628 nuntiis
924 3551 1131 3627 [lucanensis
1164 3553 1326 3628 ecclesiae
1361 3553 1460 3628 electi
1497 3553 1549 3626 sui
1588 3551 1801 3628 Wlostiborii
1841 3551 1957 3628 decani
2079 3613 2080 3624 ,

404 3675 630 3766 Gnesneasis,
659 3675 856 3751 electionem
894 3697 989 3750 suam
1018 3697 1077 3770 por
1104 3675 1223 3751 Scdern
1250 3675 1481 3770 Apostolioam
1518 3673 1709 3749 confirmari
1746 3675 1951 3770 petentibus,

404 3797 572 3871 Martinus
597 3799 740 3889 quartus
774 3799 867 3890 Papa
882 3795 920 3891 ²),
958 3797 1122 3872 electione
1157 3795 1230 3872 eius
1257 3800 1407 3886 cassata,
1444 3797 1564 3871 Iacobo
1599 3795 1736 3870 Suinha
1771 3797 1898 3870 Polcno
1924 3798 1957 3870 et

404 3940 526 4015 genere
554 3918 657 3994 nobili
686 3919 848 3994 dedomo
876 3919 1052 4010 Porcaria,
1081 3941 1168 4010 quaa
1205 3919 1295 4013 apud
1332 3919 1476 3992 Polonos
1503 3917 1640 3992 Saricha
1667 3917 1701 3992 id
1728 3919 1782 3993 eet
1809 3918 1874 3991 Sus
1901 3939 1957 3992 ro·

404 4043 511 4130 catur,
541 4043 677 4135 propter
703 4039 986 4131 familiaritatem,
1026 4059 1093 4134 qua
1119 4039 1173 4114 illi
1201 4039 1236 4113 in
1265 4039 1449 4114 minoribus
1485 4038 1602 4134 agenti
1638 4039 1837 4115 coniunctus
1872 4041 1956 4129 erat,

407 4161 563 4258 providit.
592 4161 656 4256 Qui
682 4184 771 4236 anno
797 4162 922 4252 eodem,
951 4161 1005 4237 die
1032 4161 1171 4236 Saturni
1198 4161 1442 4237 decimanona
1468 4153 1670 4250 Decembris,
1691 4159 1726 4234 in
1746 4160 1869 4256 oppido
1888 4161 1957 4235 Ka·

406 4285 492 4358 lisoh
519 4283 553 4357 in
574 4283 775 4359 monasterio
811 4284 957 4357 fratrum
992 4283 1159 4358 Minorem
1195 4283 1370 4358 ordinatur
1410 4282 1445 4356 iu
1475 4283 1728 4377 presbyterum,
1767 4284 1802 4355 et
1838 4284 1953 4357 subse·

407 4404 525 4498 quenti
551 4404 605 4479 die
632 4404 721 4479 Solis
748 4407 961 4480 consecratur
997 4408 1188 4498 aquatuor
1223 4404 1383 4480 Poloniae
1418 4404 1602 4498 episcopis,
1640 4403 1798 4478 videlicet
1834 4403 1959 4478 Thema

406 4525 692 4617 wratislaviensi,
712 4526 863 4601 Iohanne
883 4525 1113 4616 Poenaniensi‚
1142 4525 1266 4602 Goslao
1284 4525 1469 4615 Plocaensi,
1497 4527 1533 4600 et
1552 4523 1718 4600 Wolmiro
1736 4524 1954 4614 lubuczensi,

407 4649 442 4722 in
470 4647 770 4742 archiepiscopum.
799 4647 905 4743 Quam
933 4648 1173 4723 solennitatem
1200 4647 1461 4723 consecrationis
1497 4646 1721 4722 Praemislaus
1748 4646 1827 4720 Dux
1853 4646 1956 4721 llaio·

406 4770 454 4844 ris
480 4767 650 4862 Poloniae,
679 4769 833 4862 exequiis
860 4791 941 4845 enac
967 4771 1131 4845 consortis
1159 4771 1316 4864 peractis,
1346 4791 1407 4844 sua
1434 4769 1665 4845 cohonestavit
1693 4768 1897 4864 praesentia,
1925 4769 1958 4842 et

351 4917 354 4922 ·
407 4915 490 4967 novo
517 4891 766 4987 archiepiscopo
793 4891 913 4968 Iacobo
940 4893 1124 4984 annulum,
1160 4913 1294 4988 gemma
1329 4896 1364 4968 ct
1391 4914 1489 4987 opero
1515 4891 1707 4986 insignem,
1745 4913 1806 4986 pro
1843 4913 1954 4965 munc-

407 5037 444 5090 re
471 5013 610 5089 obtulit.

517 5273 540 5354 ¹)
562 5275 733 5336 Lnlrierdim
759 5273 830 5337 Cod.
853 5275 945 5337 Roaer.
971 5271 998 5352 ⁹)
1019 5275 1101 5350 Papa
1123 5273 1201 5338 deca
1223 5276 1258 5336 ia
1284 5271 1354 5335 Ood.
1378 5269 1452 5334 Aul.
