<?xml version="1.0" encoding="UTF-8"?>
<!DOCTYPE html PUBLIC "-//W3C//DTD XHTML 1.0 Transitional//EN"
    "http://www.w3.org/TR/xhtml1/DTD/xhtml1-transitional.dtd">
<html xmlns="http://www.w3.org/1999/xhtml" xml:lang="en" lang="en">
 <head>
  <title>
</title>
<meta http-equiv="Content-Type" content="text/html;charset=utf-8" />
  <meta name='ocr-system' content='tesseract 3.04.00' />
  <meta name='ocr-capabilities' content='ocr_page ocr_carea ocr_par ocr_line ocrx_word'/>
</head>
<body>
  <div class='ocr_page' id='page_1' title='image "./operaomnia02paulgoog_0489.png"; bbox 0 0 4192 6272; ppageno 0'>
   <div class='ocr_carea' id='block_1_1' title="bbox 166 534 1110 636">
    <p class='ocr_par' dir='ltr' id='par_1_1' title="bbox 166 534 1110 636">
     <span class='ocr_line' id='line_1_1' title="bbox 166 534 1110 636; baseline -0.002 -26"><span class='ocrx_word' id='word_1_1' title='bbox 166 534 236 636; x_wconf 84' lang='grc' dir='ltr'><strong>(Α.</strong></span> <span class='ocrx_word' id='word_1_2' title='bbox 258 536 306 610; x_wconf 88' lang='lat' dir='ltr'><strong>D.</strong></span> <span class='ocrx_word' id='word_1_3' title='bbox 326 536 448 630; x_wconf 80' lang='lat' dir='ltr'><strong>meu.)</strong></span> <span class='ocrx_word' id='word_1_4' title='bbox 776 557 889 608; x_wconf 77' lang='lat' dir='ltr'><strong>arnna</strong></span> <span class='ocrx_word' id='word_1_5' title='bbox 916 556 1110 608; x_wconf 79' lang='lat' dir='ltr'><strong>annuimus</strong></span> 
     </span>
    </p>
   </div>
   <div class='ocr_carea' id='block_1_2' title="bbox 616 944 1258 1060">
    <p class='ocr_par' dir='ltr' id='par_1_2' title="bbox 616 944 1258 1060">
     <span class='ocr_line' id='line_1_2' title="bbox 616 944 1258 1060; baseline -0.006 -2"><span class='ocrx_word' id='word_1_6' title='bbox 616 945 825 1060; x_wconf 80' lang='lat' dir='ltr'>ANNUS</span> <span class='ocrx_word' id='word_1_7' title='bbox 861 946 1084 1058; x_wconf 85' lang='lat' dir='ltr'>DOMINI</span> <span class='ocrx_word' id='word_1_8' title='bbox 1121 944 1258 1060; x_wconf 77' lang='lat' dir='ltr'><strong>lace.</strong></span> 
     </span>
    </p>
   </div>
   <div class='ocr_carea' id='block_1_3' title="bbox 161 1192 1717 1649">
    <p class='ocr_par' dir='ltr' id='par_1_3' title="bbox 163 1192 1716 1284">
     <span class='ocr_line' id='line_1_3' title="bbox 163 1192 1716 1284; baseline -0.003 -15"><span class='ocrx_word' id='word_1_9' title='bbox 163 1198 316 1270; x_wconf 76' lang='lat' dir='ltr'><strong>cosano</strong></span> <span class='ocrx_word' id='word_1_10' title='bbox 342 1195 542 1267; x_wconf 80' lang='lat' dir='ltr'><strong>bulloniense</strong></span> <span class='ocrx_word' id='word_1_11' title='bbox 578 1195 665 1266; x_wconf 90' lang='lat' dir='ltr'><strong>lilios</strong></span> <span class='ocrx_word' id='word_1_12' title='bbox 702 1195 840 1284; x_wconf 88' lang='lat' dir='ltr'><strong>palatini</strong></span> <span class='ocrx_word' id='word_1_13' title='bbox 875 1194 1104 1266; x_wconf 83' lang='lat' dir='ltr'><strong>Posoanionsis</strong></span> <span class='ocrx_word' id='word_1_14' title='bbox 1142 1193 1326 1265; x_wconf 84' lang='lat' dir='ltr'><strong>munoribus</strong></span> <span class='ocrx_word' id='word_1_15' title='bbox 1360 1195 1547 1283; x_wconf 87' lang='lat' dir='ltr'><strong>corruptus,</strong></span> <span class='ocrx_word' id='word_1_16' title='bbox 1585 1192 1716 1266; x_wconf 86' lang='lat' dir='ltr'><strong>ilenrico</strong></span> 
     </span>
    </p>

    <p class='ocr_par' dir='ltr' id='par_1_4' title="bbox 161 1311 1716 1406">
     <span class='ocr_line' id='line_1_4' title="bbox 161 1311 1716 1406; baseline -0.005 -17"><span class='ocrx_word' id='word_1_17' title='bbox 161 1317 265 1389; x_wconf 84' lang='lat' dir='ltr'><strong>l‘roto</strong></span> <span class='ocrx_word' id='word_1_18' title='bbox 292 1315 552 1389; x_wconf 65' lang='lat' dir='ltr'><strong>wratislaviensi</strong></span> <span class='ocrx_word' id='word_1_19' title='bbox 578 1317 656 1388; x_wconf 87' lang='lat' dir='ltr'><strong>buci</strong></span> <span class='ocrx_word' id='word_1_20' title='bbox 683 1316 803 1388; x_wconf 78' lang='lat' dir='ltr'><strong>tradit:</strong></span> <span class='ocrx_word' id='word_1_21' title='bbox 831 1315 917 1406; x_wconf 80' lang='lat' dir='ltr'><strong>qnod</strong></span> <span class='ocrx_word' id='word_1_22' title='bbox 943 1315 1160 1386; x_wconf 77' lang='lat' dir='ltr'><strong>irremislans</strong></span> <span class='ocrx_word' id='word_1_23' title='bbox 1187 1314 1316 1386; x_wconf 89' lang='lat' dir='ltr'><strong>llaioris</strong></span> <span class='ocrx_word' id='word_1_24' title='bbox 1344 1314 1495 1384; x_wconf 85' lang='lat' dir='ltr'><strong>loloniae</strong></span> <span class='ocrx_word' id='word_1_25' title='bbox 1522 1315 1612 1400; x_wconf 81' lang='lat' dir='ltr'><strong>bur,</strong></span> <span class='ocrx_word' id='word_1_26' title='bbox 1641 1311 1716 1382; x_wconf 85' lang='lat' dir='ltr'><strong>dun</strong></span> 
     </span>
    </p>

    <p class='ocr_par' dir='ltr' id='par_1_5' title="bbox 163 1431 1717 1649">
     <span class='ocr_line' id='line_1_5' title="bbox 163 1431 1717 1530; baseline -0.004 -20"><span class='ocrx_word' id='word_1_27' title='bbox 163 1438 407 1530; x_wconf 70' lang='lat' dir='ltr'><strong>expugnatione</strong></span> <span class='ocrx_word' id='word_1_28' title='bbox 443 1455 629 1528; x_wconf 88' lang='lat' dir='ltr'><strong>recuperare</strong></span> <span class='ocrx_word' id='word_1_29' title='bbox 657 1456 719 1508; x_wconf 92' lang='lat' dir='ltr'><strong>non</strong></span> <span class='ocrx_word' id='word_1_30' title='bbox 747 1439 868 1526; x_wconf 87' lang='lat' dir='ltr'><strong>potest,</strong></span> <span class='ocrx_word' id='word_1_31' title='bbox 895 1436 1028 1508; x_wconf 85' lang='lat' dir='ltr'><strong>tandem</strong></span> <span class='ocrx_word' id='word_1_32' title='bbox 1049 1437 1162 1506; x_wconf 91' lang='lat' dir='ltr'><strong>oblato</strong></span> <span class='ocrx_word' id='word_1_33' title='bbox 1183 1454 1239 1526; x_wconf 89' lang='lat' dir='ltr'><strong>pro</strong></span> <span class='ocrx_word' id='word_1_34' title='bbox 1264 1453 1302 1507; x_wconf 90' lang='lat' dir='ltr'><strong>eo</strong></span> <span class='ocrx_word' id='word_1_35' title='bbox 1330 1437 1440 1506; x_wconf 87' lang='lat' dir='ltr'><strong>castro</strong></span> <span class='ocrx_word' id='word_1_36' title='bbox 1470 1433 1610 1521; x_wconf 83' lang='lat' dir='ltr'><strong>diobol,</strong></span> <span class='ocrx_word' id='word_1_37' title='bbox 1637 1431 1717 1504; x_wconf 91' lang='lat' dir='ltr'><strong>illud</strong></span> 
     </span>
     <span class='ocr_line' id='line_1_6' title="bbox 859 1558 1030 1649; baseline 0.006 -21"><span class='ocrx_word' id='word_1_38' title='bbox 859 1558 1030 1649; x_wconf 83' lang='lat' dir='ltr'><strong>conquirit.</strong></span> 
     </span>
    </p>
   </div>
   <div class='ocr_carea' id='block_1_4' title="bbox 162 1794 1804 5298">
    <p class='ocr_par' dir='ltr' id='par_1_6' title="bbox 162 1794 1804 5298">
     <span class='ocr_line' id='line_1_7' title="bbox 269 1794 1716 1892; baseline -0.004 -20"><span class='ocrx_word' id='word_1_39' title='bbox 269 1801 445 1874; x_wconf 81' lang='lat' dir='ltr'><strong>inescatus</strong></span> <span class='ocrx_word' id='word_1_40' title='bbox 473 1798 640 1874; x_wconf 90' lang='lat' dir='ltr'><strong>Henricus</strong></span> <span class='ocrx_word' id='word_1_41' title='bbox 668 1800 810 1892; x_wconf 88' lang='lat' dir='ltr'><strong>quartus</strong></span> <span class='ocrx_word' id='word_1_42' title='bbox 837 1801 965 1872; x_wconf 89' lang='lat' dir='ltr'><strong>Probus</strong></span> <span class='ocrx_word' id='word_1_43' title='bbox 1001 1795 1280 1892; x_wconf 81' lang='lat' dir='ltr'><strong>cognominatus,</strong></span> <span class='ocrx_word' id='word_1_44' title='bbox 1308 1794 1600 1870; x_wconf 88' lang='lat' dir='ltr'><strong>Wratislaviensis</strong></span> <span class='ocrx_word' id='word_1_45' title='bbox 1627 1795 1716 1884; x_wconf 87' lang='lat' dir='ltr'><strong>Dux,</strong></span> 
     </span>
     <span class='ocr_line' id='line_1_8' title="bbox 164 1915 1716 2013; baseline -0.005 -18"><span class='ocrx_word' id='word_1_46' title='bbox 164 1945 305 1996; x_wconf 90' lang='lat' dir='ltr'><strong>suarum</strong></span> <span class='ocrx_word' id='word_1_47' title='bbox 334 1922 502 2012; x_wconf 87' lang='lat' dir='ltr'><strong>fraudum,</strong></span> <span class='ocrx_word' id='word_1_48' title='bbox 532 1944 617 2013; x_wconf 88' lang='lat' dir='ltr'><strong>quas</strong></span> <span class='ocrx_word' id='word_1_49' title='bbox 646 1921 679 1994; x_wconf 91' lang='lat' dir='ltr'><strong>in</strong></span> <span class='ocrx_word' id='word_1_50' title='bbox 708 1920 911 1995; x_wconf 78' lang='lat' dir='ltr'><strong>Praemisiuo</strong></span> <span class='ocrx_word' id='word_1_51' title='bbox 938 1919 1074 1994; x_wconf 87' lang='lat' dir='ltr'><strong>Maioris</strong></span> <span class='ocrx_word' id='word_1_52' title='bbox 1104 1919 1281 2008; x_wconf 86' lang='lat' dir='ltr'><strong>Peloniae,</strong></span> <span class='ocrx_word' id='word_1_53' title='bbox 1310 1917 1456 1992; x_wconf 90' lang='lat' dir='ltr'><strong>Henrico</strong></span> <span class='ocrx_word' id='word_1_54' title='bbox 1483 1915 1716 2010; x_wconf 77' lang='lat' dir='ltr'><strong>Ilegnierensi,</strong></span> 
     </span>
     <span class='ocr_line' id='line_1_9' title="bbox 162 2038 1714 2138; baseline -0.005 -21"><span class='ocrx_word' id='word_1_55' title='bbox 162 2043 318 2118; x_wconf 78' lang='lat' dir='ltr'><strong>Gunrado</strong></span> <span class='ocrx_word' id='word_1_56' title='bbox 345 2043 561 2138; x_wconf 78' lang='lat' dir='ltr'><strong>clogoviensi</strong></span> <span class='ocrx_word' id='word_1_57' title='bbox 589 2043 737 2116; x_wconf 83' lang='lat' dir='ltr'><strong>Ducibus</strong></span> <span class='ocrx_word' id='word_1_58' title='bbox 772 2041 985 2138; x_wconf 77' lang='lat' dir='ltr'><strong>captivandis</strong></span> <span class='ocrx_word' id='word_1_59' title='bbox 1022 2040 1177 2134; x_wconf 88' lang='lat' dir='ltr'><strong>nequiter</strong></span> <span class='ocrx_word' id='word_1_60' title='bbox 1204 2038 1427 2129; x_wconf 87' lang='lat' dir='ltr'><strong>cornrniserat,</strong></span> <span class='ocrx_word' id='word_1_61' title='bbox 1457 2060 1614 2132; x_wconf 91' lang='lat' dir='ltr'><strong>prospero</strong></span> <span class='ocrx_word' id='word_1_62' title='bbox 1642 2059 1714 2110; x_wconf 93' lang='lat' dir='ltr'><strong>suc-</strong></span> 
     </span>
     <span class='ocr_line' id='line_1_10' title="bbox 164 2159 1717 2258; baseline -0.005 -20"><span class='ocrx_word' id='word_1_63' title='bbox 164 2185 272 2256; x_wconf 89' lang='lat' dir='ltr'><strong>cessu,</strong></span> <span class='ocrx_word' id='word_1_64' title='bbox 302 2167 394 2239; x_wconf 90' lang='lat' dir='ltr'><strong>terra</strong></span> <span class='ocrx_word' id='word_1_65' title='bbox 421 2164 569 2238; x_wconf 87' lang='lat' dir='ltr'><strong>Rudensi</strong></span> <span class='ocrx_word' id='word_1_66' title='bbox 597 2163 684 2239; x_wconf 89' lang='lat' dir='ltr'><strong>alias</strong></span> <span class='ocrx_word' id='word_1_67' title='bbox 711 2163 921 2254; x_wconf 87' lang='lat' dir='ltr'><strong>Wetunensi,</strong></span> <span class='ocrx_word' id='word_1_68' title='bbox 951 2164 991 2237; x_wconf 89' lang='lat' dir='ltr'><strong>de</strong></span> <span class='ocrx_word' id='word_1_69' title='bbox 1018 2186 1085 2253; x_wconf 88' lang='lat' dir='ltr'><strong>que</strong></span> <span class='ocrx_word' id='word_1_70' title='bbox 1111 2185 1172 2258; x_wconf 90' lang='lat' dir='ltr'><strong>pre</strong></span> <span class='ocrx_word' id='word_1_71' title='bbox 1199 2160 1399 2235; x_wconf 84' lang='lat' dir='ltr'><strong>liberatione</strong></span> <span class='ocrx_word' id='word_1_72' title='bbox 1418 2159 1470 2233; x_wconf 92' lang='lat' dir='ltr'><strong>sui</strong></span> <span class='ocrx_word' id='word_1_73' title='bbox 1490 2159 1717 2234; x_wconf 80' lang='lat' dir='ltr'><strong>Praemislaus</strong></span> 
     </span>
     <span class='ocr_line' id='line_1_11' title="bbox 163 2282 1716 2380; baseline -0.006 -20"><span class='ocrx_word' id='word_1_74' title='bbox 163 2285 303 2360; x_wconf 86' lang='lat' dir='ltr'><strong>blaioris</strong></span> <span class='ocrx_word' id='word_1_75' title='bbox 329 2285 488 2361; x_wconf 88' lang='lat' dir='ltr'><strong>Poloniae</strong></span> <span class='ocrx_word' id='word_1_76' title='bbox 515 2287 594 2359; x_wconf 81' lang='lat' dir='ltr'><strong>Dux</strong></span> <span class='ocrx_word' id='word_1_77' title='bbox 621 2285 674 2360; x_wconf 95' lang='lat' dir='ltr'><strong>illi</strong></span> <span class='ocrx_word' id='word_1_78' title='bbox 703 2288 883 2375; x_wconf 66' lang='lat' dir='ltr'><strong>cesserat,</strong></span> <span class='ocrx_word' id='word_1_79' title='bbox 908 2307 1027 2380; x_wconf 89' lang='lat' dir='ltr'><strong>parum</strong></span> <span class='ocrx_word' id='word_1_80' title='bbox 1055 2285 1252 2374; x_wconf 89' lang='lat' dir='ltr'><strong>contentus,</strong></span> <span class='ocrx_word' id='word_1_81' title='bbox 1290 2305 1405 2356; x_wconf 89' lang='lat' dir='ltr'><strong>rursus</strong></span> <span class='ocrx_word' id='word_1_82' title='bbox 1432 2283 1487 2374; x_wconf 80' lang='lat' dir='ltr'><strong>(ut</strong></span> <span class='ocrx_word' id='word_1_83' title='bbox 1513 2282 1565 2354; x_wconf 87' lang='lat' dir='ltr'><strong>est</strong></span> <span class='ocrx_word' id='word_1_84' title='bbox 1593 2282 1716 2353; x_wconf 87' lang='lat' dir='ltr'><strong>natura</strong></span> 
     </span>
     <span class='ocr_line' id='line_1_12' title="bbox 164 2401 1718 2500; baseline -0.005 -20"><span class='ocrx_word' id='word_1_85' title='bbox 164 2407 353 2500; x_wconf 83' lang='lat' dir='ltr'><strong>herminum,</strong></span> <span class='ocrx_word' id='word_1_86' title='bbox 383 2407 441 2498; x_wconf 89' lang='lat' dir='ltr'><strong>qui</strong></span> <span class='ocrx_word' id='word_1_87' title='bbox 468 2429 503 2482; x_wconf 93' lang='lat' dir='ltr'><strong>se</strong></span> <span class='ocrx_word' id='word_1_88' title='bbox 531 2407 710 2500; x_wconf 86' lang='lat' dir='ltr'><strong>cupiditati</strong></span> <span class='ocrx_word' id='word_1_89' title='bbox 746 2409 780 2482; x_wconf 92' lang='lat' dir='ltr'><strong>et</strong></span> <span class='ocrx_word' id='word_1_90' title='bbox 817 2405 980 2481; x_wconf 88' lang='lat' dir='ltr'><strong>avaritiae</strong></span> <span class='ocrx_word' id='word_1_91' title='bbox 1016 2407 1118 2480; x_wconf 90' lang='lat' dir='ltr'><strong>semel</strong></span> <span class='ocrx_word' id='word_1_92' title='bbox 1146 2403 1380 2499; x_wconf 89' lang='lat' dir='ltr'><strong>perrniserint,</strong></span> <span class='ocrx_word' id='word_1_93' title='bbox 1418 2401 1558 2476; x_wconf 79' lang='lat' dir='ltr'><strong>avidiori</strong></span> <span class='ocrx_word' id='word_1_94' title='bbox 1587 2403 1718 2495; x_wconf 86' lang='lat' dir='ltr'><strong>pectore</strong></span> 
     </span>
     <span class='ocr_line' id='line_1_13' title="bbox 163 2521 1717 2624; baseline -0.004 -22"><span class='ocrx_word' id='word_1_95' title='bbox 163 2528 279 2604; x_wconf 90' lang='lat' dir='ltr'><strong>aliena</strong></span> <span class='ocrx_word' id='word_1_96' title='bbox 305 2531 479 2624; x_wconf 88' lang='lat' dir='ltr'><strong>appetere)</strong></span> <span class='ocrx_word' id='word_1_97' title='bbox 506 2529 549 2602; x_wconf 92' lang='lat' dir='ltr'><strong>ad</strong></span> <span class='ocrx_word' id='word_1_98' title='bbox 576 2529 785 2623; x_wconf 88' lang='lat' dir='ltr'><strong>occupandos</strong></span> <span class='ocrx_word' id='word_1_99' title='bbox 812 2530 961 2603; x_wconf 88' lang='lat' dir='ltr'><strong>caeteros</strong></span> <span class='ocrx_word' id='word_1_100' title='bbox 989 2526 1126 2601; x_wconf 86' lang='lat' dir='ltr'><strong>Maioris</strong></span> <span class='ocrx_word' id='word_1_101' title='bbox 1153 2525 1312 2600; x_wconf 80' lang='lat' dir='ltr'><strong>Pelopiae</strong></span> <span class='ocrx_word' id='word_1_102' title='bbox 1331 2522 1548 2618; x_wconf 85' lang='lat' dir='ltr'><strong>Principutus</strong></span> <span class='ocrx_word' id='word_1_103' title='bbox 1567 2521 1717 2596; x_wconf 89' lang='lat' dir='ltr'><strong>animmu</strong></span> 
     </span>
     <span class='ocr_line' id='line_1_14' title="bbox 162 2643 1718 2741; baseline -0.006 -18"><span class='ocrx_word' id='word_1_104' title='bbox 162 2648 324 2741; x_wconf 85' lang='lat' dir='ltr'><strong>intendit,</strong></span> <span class='ocrx_word' id='word_1_105' title='bbox 353 2651 388 2725; x_wconf 91' lang='lat' dir='ltr'><strong>et</strong></span> <span class='ocrx_word' id='word_1_106' title='bbox 416 2650 597 2724; x_wconf 85' lang='lat' dir='ltr'><strong>nonurullos</strong></span> <span class='ocrx_word' id='word_1_107' title='bbox 624 2649 688 2723; x_wconf 89' lang='lat' dir='ltr'><strong>sibi</strong></span> <span class='ocrx_word' id='word_1_108' title='bbox 717 2673 760 2723; x_wconf 86' lang='lat' dir='ltr'><strong>ex</strong></span> <span class='ocrx_word' id='word_1_109' title='bbox 787 2647 924 2724; x_wconf 90' lang='lat' dir='ltr'><strong>Maioris</strong></span> <span class='ocrx_word' id='word_1_110' title='bbox 951 2647 1110 2722; x_wconf 90' lang='lat' dir='ltr'><strong>Poleniee</strong></span> <span class='ocrx_word' id='word_1_111' title='bbox 1138 2646 1328 2736; x_wconf 87' lang='lat' dir='ltr'><strong>baronibus,</strong></span> <span class='ocrx_word' id='word_1_112' title='bbox 1358 2667 1413 2718; x_wconf 92' lang='lat' dir='ltr'><strong>eos</strong></span> <span class='ocrx_word' id='word_1_113' title='bbox 1433 2643 1642 2738; x_wconf 88' lang='lat' dir='ltr'><strong>praesertim,</strong></span> <span class='ocrx_word' id='word_1_114' title='bbox 1660 2643 1718 2736; x_wconf 89' lang='lat' dir='ltr'><strong>qui</strong></span> 
     </span>
     <span class='ocr_line' id='line_1_15' title="bbox 163 2763 1717 2866; baseline -0.004 -22"><span class='ocrx_word' id='word_1_115' title='bbox 163 2795 279 2846; x_wconf 90' lang='lat' dir='ltr'><strong>rerum</strong></span> <span class='ocrx_word' id='word_1_116' title='bbox 305 2785 455 2846; x_wconf 89' lang='lat' dir='ltr'><strong>summae</strong></span> <span class='ocrx_word' id='word_1_117' title='bbox 482 2774 683 2866; x_wconf 85' lang='lat' dir='ltr'><strong>praeerant,</strong></span> <span class='ocrx_word' id='word_1_118' title='bbox 713 2773 785 2845; x_wconf 88' lang='lat' dir='ltr'><strong>turn</strong></span> <span class='ocrx_word' id='word_1_119' title='bbox 814 2769 1026 2860; x_wconf 87' lang='lat' dir='ltr'><strong>rnuneribus,</strong></span> <span class='ocrx_word' id='word_1_120' title='bbox 1056 2771 1130 2842; x_wconf 87' lang='lat' dir='ltr'><strong>tum</strong></span> <span class='ocrx_word' id='word_1_121' title='bbox 1158 2765 1378 2862; x_wconf 82' lang='lat' dir='ltr'><strong>amplissimis</strong></span> <span class='ocrx_word' id='word_1_122' title='bbox 1406 2765 1579 2860; x_wconf 89' lang='lat' dir='ltr'><strong>promissis</strong></span> <span class='ocrx_word' id='word_1_123' title='bbox 1606 2763 1717 2838; x_wconf 86' lang='lat' dir='ltr'><strong>allicit</strong></span> 
     </span>
     <span class='ocr_line' id='line_1_16' title="bbox 164 2871 1804 2988; baseline -0.005 -22"><span class='ocrx_word' id='word_1_124' title='bbox 164 2893 201 2966; x_wconf 89' lang='lat' dir='ltr'><strong>et</strong></span> <span class='ocrx_word' id='word_1_125' title='bbox 228 2893 399 2984; x_wconf 77' lang='lat' dir='ltr'><strong>sancibat,</strong></span> <span class='ocrx_word' id='word_1_126' title='bbox 428 2896 616 2987; x_wconf 86' lang='lat' dir='ltr'><strong>opportuno</strong></span> <span class='ocrx_word' id='word_1_127' title='bbox 643 2895 793 2988; x_wconf 88' lang='lat' dir='ltr'><strong>tempore</strong></span> <span class='ocrx_word' id='word_1_128' title='bbox 820 2917 934 2966; x_wconf 93' lang='lat' dir='ltr'><strong>eorum</strong></span> <span class='ocrx_word' id='word_1_129' title='bbox 962 2915 1062 2986; x_wconf 86' lang='lat' dir='ltr'><strong>opera</strong></span> <span class='ocrx_word' id='word_1_130' title='bbox 1089 2891 1132 2963; x_wconf 88' lang='lat' dir='ltr'><strong>ad</strong></span> <span class='ocrx_word' id='word_1_131' title='bbox 1162 2889 1408 2981; x_wconf 85' lang='lat' dir='ltr'><strong>consequendos</strong></span> <span class='ocrx_word' id='word_1_132' title='bbox 1426 2886 1620 2962; x_wconf 76' lang='lat' dir='ltr'><strong>accubitionis</strong></span> <span class='ocrx_word' id='word_1_133' title='bbox 1639 2909 1719 2959; x_wconf 89' lang='lat' dir='ltr'><strong>sune</strong></span> <span class='ocrx_word' id='word_1_134' title='bbox 1802 2871 1804 2879; x_wconf 50' lang='lat'><em>&#39;</em></span> 
     </span>
     <span class='ocr_line' id='line_1_17' title="bbox 164 3007 1718 3106; baseline -0.006 -18"><span class='ocrx_word' id='word_1_135' title='bbox 164 3017 201 3088; x_wconf 88' lang='lat' dir='ltr'><strong>et</strong></span> <span class='ocrx_word' id='word_1_136' title='bbox 228 3015 357 3089; x_wconf 83' lang='lat' dir='ltr'><strong>fraudis</strong></span> <span class='ocrx_word' id='word_1_137' title='bbox 385 3015 526 3106; x_wconf 79' lang='lat' dir='ltr'><strong>fructura,</strong></span> <span class='ocrx_word' id='word_1_138' title='bbox 556 3037 688 3090; x_wconf 88' lang='lat' dir='ltr'><strong>usurus.</strong></span> <span class='ocrx_word' id='word_1_139' title='bbox 731 3016 826 3090; x_wconf 84' lang='lat' dir='ltr'><strong>inter</strong></span> <span class='ocrx_word' id='word_1_140' title='bbox 854 3037 936 3106; x_wconf 80' lang='lat' dir='ltr'><strong>qenes</strong></span> <span class='ocrx_word' id='word_1_141' title='bbox 972 3037 1047 3087; x_wconf 91' lang='lat' dir='ltr'><strong>cnm</strong></span> <span class='ocrx_word' id='word_1_142' title='bbox 1084 3010 1333 3105; x_wconf 76' lang='lat' dir='ltr'><strong>Scandirvegium</strong></span> <span class='ocrx_word' id='word_1_143' title='bbox 1369 3008 1531 3084; x_wconf 89' lang='lat' dir='ltr'><strong>Iohannis</strong></span> <span class='ocrx_word' id='word_1_144' title='bbox 1571 3007 1718 3102; x_wconf 78' lang='lat' dir='ltr'><strong>palentini</strong></span> 
     </span>
     <span class='ocr_line' id='line_1_18' title="bbox 165 3129 1719 3231; baseline -0.005 -21"><span class='ocrx_word' id='word_1_145' title='bbox 165 3135 406 3210; x_wconf 85' lang='lat' dir='ltr'><strong>Peenanicnsis</strong></span> <span class='ocrx_word' id='word_1_146' title='bbox 432 3158 492 3231; x_wconf 91' lang='lat' dir='ltr'><strong>spe</strong></span> <span class='ocrx_word' id='word_1_147' title='bbox 519 3140 554 3211; x_wconf 89' lang='lat' dir='ltr'><strong>et</strong></span> <span class='ocrx_word' id='word_1_148' title='bbox 580 3137 763 3231; x_wconf 80' lang='lat' dir='ltr'><strong>largitione</strong></span> <span class='ocrx_word' id='word_1_149' title='bbox 791 3136 1006 3230; x_wconf 88' lang='lat' dir='ltr'><strong>corrupisset,</strong></span> <span class='ocrx_word' id='word_1_150' title='bbox 1036 3133 1268 3228; x_wconf 85' lang='lat' dir='ltr'><strong>Sandiuogius</strong></span> <span class='ocrx_word' id='word_1_151' title='bbox 1295 3132 1379 3228; x_wconf 90' lang='lat' dir='ltr'><strong>ipse,</strong></span> <span class='ocrx_word' id='word_1_152' title='bbox 1406 3132 1552 3206; x_wconf 89' lang='lat' dir='ltr'><strong>castrum</strong></span> <span class='ocrx_word' id='word_1_153' title='bbox 1581 3129 1719 3203; x_wconf 79' lang='lat' dir='ltr'><strong>(latissi-</strong></span> 
     </span>
     <span class='ocr_line' id='line_1_19' title="bbox 164 3253 1720 3342; baseline -0.007 -8"><span class='ocrx_word' id='word_1_154' title='bbox 164 3281 246 3334; x_wconf 90' lang='lat' dir='ltr'><strong>ense</strong></span> <span class='ocrx_word' id='word_1_155' title='bbox 272 3259 400 3334; x_wconf 89' lang='lat' dir='ltr'><strong>habens</strong></span> <span class='ocrx_word' id='word_1_156' title='bbox 427 3281 448 3332; x_wconf 91' lang='lat' dir='ltr'><strong>a</strong></span> <span class='ocrx_word' id='word_1_157' title='bbox 475 3259 679 3334; x_wconf 89' lang='lat' dir='ltr'><strong>Prnemislao</strong></span> <span class='ocrx_word' id='word_1_158' title='bbox 706 3258 845 3333; x_wconf 85' lang='lat' dir='ltr'><strong>Maioris</strong></span> <span class='ocrx_word' id='word_1_159' title='bbox 883 3257 1041 3332; x_wconf 87' lang='lat' dir='ltr'><strong>Poloniae</strong></span> <span class='ocrx_word' id='word_1_160' title='bbox 1078 3257 1169 3330; x_wconf 87' lang='lat' dir='ltr'><strong>Duce</strong></span> <span class='ocrx_word' id='word_1_161' title='bbox 1206 3255 1242 3328; x_wconf 91' lang='lat' dir='ltr'><strong>in</strong></span> <span class='ocrx_word' id='word_1_162' title='bbox 1269 3278 1331 3328; x_wconf 89' lang='lat' dir='ltr'><strong>sua</strong></span> <span class='ocrx_word' id='word_1_163' title='bbox 1358 3253 1422 3328; x_wconf 90' lang='lat' dir='ltr'><strong>lide</strong></span> <span class='ocrx_word' id='word_1_164' title='bbox 1449 3254 1484 3328; x_wconf 89' lang='lat' dir='ltr'><strong>et</strong></span> <span class='ocrx_word' id='word_1_165' title='bbox 1511 3253 1650 3342; x_wconf 81' lang='lat' dir='ltr'><strong>tenente,</strong></span> <span class='ocrx_word' id='word_1_166' title='bbox 1680 3253 1720 3324; x_wconf 94' lang='lat' dir='ltr'><strong>ob</strong></span> 
     </span>
     <span class='ocr_line' id='line_1_20' title="bbox 163 3371 1718 3478; baseline -0.006 -24"><span class='ocrx_word' id='word_1_167' title='bbox 163 3381 348 3455; x_wconf 88' lang='lat' dir='ltr'><strong>nonnullas</strong></span> <span class='ocrx_word' id='word_1_168' title='bbox 374 3381 513 3478; x_wconf 90' lang='lat' dir='ltr'><strong>insuper</strong></span> <span class='ocrx_word' id='word_1_169' title='bbox 540 3381 732 3455; x_wconf 88' lang='lat' dir='ltr'><strong>siruultates</strong></span> <span class='ocrx_word' id='word_1_170' title='bbox 758 3378 964 3456; x_wconf 83' lang='lat' dir='ltr'><strong>Praemislao</strong></span> <span class='ocrx_word' id='word_1_171' title='bbox 991 3377 1100 3468; x_wconf 89' lang='lat' dir='ltr'><strong>Duci,</strong></span> <span class='ocrx_word' id='word_1_172' title='bbox 1129 3379 1164 3452; x_wconf 91' lang='lat' dir='ltr'><strong>et</strong></span> <span class='ocrx_word' id='word_1_173' title='bbox 1192 3377 1280 3468; x_wconf 90' lang='lat' dir='ltr'><strong>quod</strong></span> <span class='ocrx_word' id='word_1_174' title='bbox 1308 3375 1341 3448; x_wconf 93' lang='lat' dir='ltr'><strong>in</strong></span> <span class='ocrx_word' id='word_1_175' title='bbox 1371 3373 1581 3450; x_wconf 87' lang='lat' dir='ltr'><strong>conferendis</strong></span> <span class='ocrx_word' id='word_1_176' title='bbox 1611 3371 1718 3466; x_wconf 77' lang='lat' dir='ltr'><strong>uoragi-</strong></span> 
     </span>
     <span class='ocr_line' id='line_1_21' title="bbox 164 3493 1721 3598; baseline -0.005 -22"><span class='ocrx_word' id='word_1_177' title='bbox 164 3501 332 3578; x_wconf 86' lang='lat' dir='ltr'><strong>stratibus</strong></span> <span class='ocrx_word' id='word_1_178' title='bbox 360 3505 395 3577; x_wconf 91' lang='lat' dir='ltr'><strong>et</strong></span> <span class='ocrx_word' id='word_1_179' title='bbox 422 3503 543 3578; x_wconf 84' lang='lat' dir='ltr'><strong>officiis</strong></span> <span class='ocrx_word' id='word_1_180' title='bbox 570 3501 714 3598; x_wconf 88' lang='lat' dir='ltr'><strong>publicis</strong></span> <span class='ocrx_word' id='word_1_181' title='bbox 741 3503 872 3577; x_wconf 92' lang='lat' dir='ltr'><strong>doleret</strong></span> <span class='ocrx_word' id='word_1_182' title='bbox 907 3524 942 3574; x_wconf 89' lang='lat' dir='ltr'><strong>sc</strong></span> <span class='ocrx_word' id='word_1_183' title='bbox 968 3502 1011 3574; x_wconf 89' lang='lat' dir='ltr'><strong>ab</strong></span> <span class='ocrx_word' id='word_1_184' title='bbox 1039 3523 1077 3574; x_wconf 92' lang='lat' dir='ltr'><strong>eo</strong></span> <span class='ocrx_word' id='word_1_185' title='bbox 1105 3497 1346 3593; x_wconf 88' lang='lat' dir='ltr'><strong>praeteritum,</strong></span> <span class='ocrx_word' id='word_1_186' title='bbox 1385 3496 1559 3586; x_wconf 87' lang='lat' dir='ltr'><strong>infensus,</strong></span> <span class='ocrx_word' id='word_1_187' title='bbox 1597 3493 1721 3568; x_wconf 85' lang='lat' dir='ltr'><strong>ultime</strong></span> 
     </span>
     <span class='ocr_line' id='line_1_22' title="bbox 164 3613 1719 3717; baseline -0.006 -21"><span class='ocrx_word' id='word_1_188' title='bbox 164 3622 374 3717; x_wconf 85' lang='lat' dir='ltr'><strong>Septembris</strong></span> <span class='ocrx_word' id='word_1_189' title='bbox 400 3627 549 3699; x_wconf 89' lang='lat' dir='ltr'><strong>castrum</strong></span> <span class='ocrx_word' id='word_1_190' title='bbox 576 3623 776 3698; x_wconf 77' lang='lat' dir='ltr'><strong>deotissiense</strong></span> <span class='ocrx_word' id='word_1_191' title='bbox 803 3622 939 3716; x_wconf 84' lang='lat' dir='ltr'><strong>(civitas</strong></span> <span class='ocrx_word' id='word_1_192' title='bbox 967 3619 1130 3712; x_wconf 91' lang='lat' dir='ltr'><strong>siquidem</strong></span> <span class='ocrx_word' id='word_1_193' title='bbox 1159 3619 1351 3714; x_wconf 89' lang='lat' dir='ltr'><strong>paullulum</strong></span> <span class='ocrx_word' id='word_1_194' title='bbox 1378 3618 1469 3706; x_wconf 69' lang='lat' dir='ltr'><strong>anm,</strong></span> <span class='ocrx_word' id='word_1_195' title='bbox 1499 3615 1650 3708; x_wconf 86' lang='lat' dir='ltr'><strong>Septimo</strong></span> <span class='ocrx_word' id='word_1_196' title='bbox 1669 3613 1719 3688; x_wconf 92' lang='lat' dir='ltr'><strong>vi-</strong></span> 
     </span>
     <span class='ocr_line' id='line_1_23' title="bbox 163 3737 1719 3841; baseline -0.006 -24"><span class='ocrx_word' id='word_1_197' title='bbox 163 3743 289 3820; x_wconf 88' lang='lat' dir='ltr'><strong>delicet</strong></span> <span class='ocrx_word' id='word_1_198' title='bbox 315 3746 536 3821; x_wconf 79' lang='lat' dir='ltr'><strong>Calendarum</strong></span> <span class='ocrx_word' id='word_1_199' title='bbox 564 3744 784 3841; x_wconf 84' lang='lat' dir='ltr'><strong>Septembris,</strong></span> <span class='ocrx_word' id='word_1_200' title='bbox 814 3743 948 3840; x_wconf 90' lang='lat' dir='ltr'><strong>proprio</strong></span> <span class='ocrx_word' id='word_1_201' title='bbox 975 3741 1126 3816; x_wconf 91' lang='lat' dir='ltr'><strong>incendio</strong></span> <span class='ocrx_word' id='word_1_202' title='bbox 1154 3741 1394 3834; x_wconf 74' lang='lat' dir='ltr'><strong>conflagrarat)</strong></span> <span class='ocrx_word' id='word_1_203' title='bbox 1426 3737 1571 3812; x_wconf 92' lang='lat' dir='ltr'><strong>Henrico</strong></span> <span class='ocrx_word' id='word_1_204' title='bbox 1599 3737 1719 3829; x_wconf 83' lang='lat' dir='ltr'><strong>quarto</strong></span> 
     </span>
     <span class='ocr_line' id='line_1_24' title="bbox 165 3858 1718 3960; baseline -0.006 -20"><span class='ocrx_word' id='word_1_205' title='bbox 165 3865 253 3942; x_wconf 92' lang='lat' dir='ltr'><strong>Duci</strong></span> <span class='ocrx_word' id='word_1_206' title='bbox 274 3867 297 3960; x_wconf 91' lang='lat'><strong>¹)</strong></span> <span class='ocrx_word' id='word_1_207' title='bbox 323 3867 596 3944; x_wconf 89' lang='lat' dir='ltr'><strong>Wratislaviensi</strong></span> <span class='ocrx_word' id='word_1_208' title='bbox 624 3867 741 3957; x_wconf 89' lang='lat' dir='ltr'><strong>tradit,</strong></span> <span class='ocrx_word' id='word_1_209' title='bbox 771 3865 880 3940; x_wconf 91' lang='lat' dir='ltr'><strong>ornnis</strong></span> <span class='ocrx_word' id='word_1_210' title='bbox 908 3863 1132 3940; x_wconf 87' lang='lat' dir='ltr'><strong>humanitatis</strong></span> <span class='ocrx_word' id='word_1_211' title='bbox 1168 3885 1247 3937; x_wconf 87' lang='lat' dir='ltr'><strong>suaa</strong></span> <span class='ocrx_word' id='word_1_212' title='bbox 1282 3863 1318 3936; x_wconf 90' lang='lat' dir='ltr'><strong>et</strong></span> <span class='ocrx_word' id='word_1_213' title='bbox 1352 3858 1542 3934; x_wconf 88' lang='lat' dir='ltr'><strong>honestatis</strong></span> <span class='ocrx_word' id='word_1_214' title='bbox 1579 3858 1718 3932; x_wconf 91' lang='lat' dir='ltr'><strong>oblitus.</strong></span> 
     </span>
     <span class='ocr_line' id='line_1_25' title="bbox 167 3977 1716 4082; baseline -0.007 -21"><span class='ocrx_word' id='word_1_215' title='bbox 167 3987 243 4078; x_wconf 79' lang='lat' dir='ltr'><strong>Qua</strong></span> <span class='ocrx_word' id='word_1_216' title='bbox 269 3989 431 4082; x_wconf 87' lang='lat' dir='ltr'><strong>novitate,</strong></span> <span class='ocrx_word' id='word_1_217' title='bbox 461 4013 527 4064; x_wconf 94' lang='lat' dir='ltr'><strong>nen</strong></span> <span class='ocrx_word' id='word_1_218' title='bbox 555 4011 650 4064; x_wconf 91' lang='lat' dir='ltr'><strong>secus</strong></span> <span class='ocrx_word' id='word_1_219' title='bbox 678 4012 778 4079; x_wconf 90' lang='lat' dir='ltr'><strong>quam</strong></span> <span class='ocrx_word' id='word_1_220' title='bbox 808 4010 868 4082; x_wconf 89' lang='lat' dir='ltr'><strong>par</strong></span> <span class='ocrx_word' id='word_1_221' title='bbox 895 3989 978 4078; x_wconf 87' lang='lat' dir='ltr'><strong>erat,</strong></span> <span class='ocrx_word' id='word_1_222' title='bbox 1017 3984 1242 4058; x_wconf 80' lang='lat' dir='ltr'><strong>Praemislans</strong></span> <span class='ocrx_word' id='word_1_223' title='bbox 1277 3981 1415 4056; x_wconf 87' lang='lat' dir='ltr'><strong>Maioris</strong></span> <span class='ocrx_word' id='word_1_224' title='bbox 1451 3977 1610 4055; x_wconf 88' lang='lat' dir='ltr'><strong>Polonine</strong></span> <span class='ocrx_word' id='word_1_225' title='bbox 1637 3980 1716 4052; x_wconf 79' lang='lat' dir='ltr'><strong>Dur</strong></span> 
     </span>
     <span class='ocr_line' id='line_1_26' title="bbox 168 4101 1719 4204; baseline -0.008 -20"><span class='ocrx_word' id='word_1_226' title='bbox 168 4112 352 4204; x_wconf 90' lang='lat' dir='ltr'><strong>permotus,</strong></span> <span class='ocrx_word' id='word_1_227' title='bbox 383 4111 549 4188; x_wconf 91' lang='lat' dir='ltr'><strong>universis</strong></span> <span class='ocrx_word' id='word_1_228' title='bbox 578 4111 745 4184; x_wconf 89' lang='lat' dir='ltr'><strong>militibus</strong></span> <span class='ocrx_word' id='word_1_229' title='bbox 781 4132 915 4184; x_wconf 85' lang='lat' dir='ltr'><strong>surorum</strong></span> <span class='ocrx_word' id='word_1_230' title='bbox 944 4107 1200 4202; x_wconf 87' lang='lat' dir='ltr'><strong>Principatuum</strong></span> <span class='ocrx_word' id='word_1_231' title='bbox 1238 4105 1272 4178; x_wconf 89' lang='lat' dir='ltr'><strong>in</strong></span> <span class='ocrx_word' id='word_1_232' title='bbox 1301 4128 1393 4178; x_wconf 84' lang='lat' dir='ltr'><strong>annm</strong></span> <span class='ocrx_word' id='word_1_233' title='bbox 1421 4101 1564 4192; x_wconf 89' lang='lat' dir='ltr'><strong>coactis,</strong></span> <span class='ocrx_word' id='word_1_234' title='bbox 1604 4122 1719 4174; x_wconf 87' lang='lat' dir='ltr'><strong>versus</strong></span> 
     </span>
     <span class='ocr_line' id='line_1_27' title="bbox 166 4221 1718 4328; baseline -0.007 -24"><span class='ocrx_word' id='word_1_235' title='bbox 166 4230 310 4306; x_wconf 89' lang='lat' dir='ltr'><strong>Kalisch</strong></span> <span class='ocrx_word' id='word_1_236' title='bbox 337 4233 529 4328; x_wconf 90' lang='lat' dir='ltr'><strong>procedens,</strong></span> <span class='ocrx_word' id='word_1_237' title='bbox 559 4236 706 4306; x_wconf 89' lang='lat' dir='ltr'><strong>castrum</strong></span> <span class='ocrx_word' id='word_1_238' title='bbox 734 4229 955 4318; x_wconf 80' lang='lat' dir='ltr'><strong>dalissiense,</strong></span> <span class='ocrx_word' id='word_1_239' title='bbox 986 4229 1019 4302; x_wconf 92' lang='lat' dir='ltr'><strong>in</strong></span> <span class='ocrx_word' id='word_1_240' title='bbox 1049 4227 1113 4320; x_wconf 89' lang='lat' dir='ltr'><strong>quo</strong></span> <span class='ocrx_word' id='word_1_241' title='bbox 1141 4227 1208 4301; x_wconf 90' lang='lat' dir='ltr'><strong>iam</strong></span> <span class='ocrx_word' id='word_1_242' title='bbox 1236 4227 1394 4319; x_wconf 87' lang='lat' dir='ltr'><strong>frequens</strong></span> <span class='ocrx_word' id='word_1_243' title='bbox 1421 4248 1464 4298; x_wconf 84' lang='lat' dir='ltr'><strong>en</strong></span> <span class='ocrx_word' id='word_1_244' title='bbox 1491 4221 1601 4297; x_wconf 86' lang='lat' dir='ltr'><strong>Slesia</strong></span> <span class='ocrx_word' id='word_1_245' title='bbox 1629 4221 1718 4295; x_wconf 87' lang='lat' dir='ltr'><strong>rnili-</strong></span> 
     </span>
     <span class='ocr_line' id='line_1_28' title="bbox 166 4348 1720 4446; baseline -0.008 -18"><span class='ocrx_word' id='word_1_246' title='bbox 166 4357 240 4428; x_wconf 92' lang='lat' dir='ltr'><strong>tum</strong></span> <span class='ocrx_word' id='word_1_247' title='bbox 268 4353 436 4430; x_wconf 90' lang='lat' dir='ltr'><strong>Henricus</strong></span> <span class='ocrx_word' id='word_1_248' title='bbox 463 4351 756 4430; x_wconf 86' lang='lat' dir='ltr'><strong>Wratislaviensis</strong></span> <span class='ocrx_word' id='word_1_249' title='bbox 783 4353 862 4424; x_wconf 82' lang='lat' dir='ltr'><strong>Dux</strong></span> <span class='ocrx_word' id='word_1_250' title='bbox 889 4351 1093 4446; x_wconf 88' lang='lat' dir='ltr'><strong>praesidinm</strong></span> <span class='ocrx_word' id='word_1_251' title='bbox 1121 4350 1309 4436; x_wconf 89' lang='lat' dir='ltr'><strong>locaverat,</strong></span> <span class='ocrx_word' id='word_1_252' title='bbox 1347 4349 1383 4422; x_wconf 94' lang='lat' dir='ltr'><strong>et</strong></span> <span class='ocrx_word' id='word_1_253' title='bbox 1418 4348 1488 4420; x_wconf 89' lang='lat' dir='ltr'><strong>tam</strong></span> <span class='ocrx_word' id='word_1_254' title='bbox 1527 4366 1720 4438; x_wconf 83' lang='lat' dir='ltr'><strong>propugna-</strong></span> 
     </span>
     <span class='ocr_line' id='line_1_29' title="bbox 167 4467 1721 4568; baseline -0.007 -20"><span class='ocrx_word' id='word_1_255' title='bbox 167 4475 266 4566; x_wconf 88' lang='lat' dir='ltr'><strong>culis,</strong></span> <span class='ocrx_word' id='word_1_256' title='bbox 294 4498 394 4568; x_wconf 89' lang='lat' dir='ltr'><strong>quam</strong></span> <span class='ocrx_word' id='word_1_257' title='bbox 422 4475 620 4550; x_wconf 86' lang='lat' dir='ltr'><strong>victualium</strong></span> <span class='ocrx_word' id='word_1_258' title='bbox 650 4473 838 4568; x_wconf 89' lang='lat' dir='ltr'><strong>provisione</strong></span> <span class='ocrx_word' id='word_1_259' title='bbox 866 4473 1075 4562; x_wconf 88' lang='lat' dir='ltr'><strong>muniverat,</strong></span> <span class='ocrx_word' id='word_1_260' title='bbox 1105 4473 1146 4544; x_wconf 88' lang='lat' dir='ltr'><strong>ab</strong></span> <span class='ocrx_word' id='word_1_261' title='bbox 1174 4468 1265 4543; x_wconf 86' lang='lat' dir='ltr'><strong>onnrri</strong></span> <span class='ocrx_word' id='word_1_262' title='bbox 1301 4471 1397 4562; x_wconf 85' lang='lat' dir='ltr'><strong>parte</strong></span> <span class='ocrx_word' id='word_1_263' title='bbox 1424 4467 1458 4540; x_wconf 92' lang='lat' dir='ltr'><strong>in</strong></span> <span class='ocrx_word' id='word_1_264' title='bbox 1487 4488 1625 4540; x_wconf 92' lang='lat' dir='ltr'><strong>coronae</strong></span> <span class='ocrx_word' id='word_1_265' title='bbox 1654 4488 1721 4538; x_wconf 86' lang='lat' dir='ltr'><strong>rno-</strong></span> 
     </span>
     <span class='ocr_line' id='line_1_30' title="bbox 167 4589 1722 4689; baseline -0.008 -19"><span class='ocrx_word' id='word_1_266' title='bbox 167 4599 247 4670; x_wconf 89' lang='lat' dir='ltr'><strong>duru</strong></span> <span class='ocrx_word' id='word_1_267' title='bbox 274 4596 383 4670; x_wconf 88' lang='lat' dir='ltr'><strong>cinxit</strong></span> <span class='ocrx_word' id='word_1_268' title='bbox 409 4599 445 4671; x_wconf 92' lang='lat' dir='ltr'><strong>ct</strong></span> <span class='ocrx_word' id='word_1_269' title='bbox 471 4597 625 4685; x_wconf 89' lang='lat' dir='ltr'><strong>vallavit,</strong></span> <span class='ocrx_word' id='word_1_270' title='bbox 655 4617 793 4689; x_wconf 89' lang='lat' dir='ltr'><strong>sperans</strong></span> <span class='ocrx_word' id='word_1_271' title='bbox 820 4616 855 4669; x_wconf 91' lang='lat' dir='ltr'><strong>se</strong></span> <span class='ocrx_word' id='word_1_272' title='bbox 882 4596 942 4666; x_wconf 90' lang='lat' dir='ltr'><strong>aut</strong></span> <span class='ocrx_word' id='word_1_273' title='bbox 968 4592 1172 4666; x_wconf 86' lang='lat' dir='ltr'><strong>tractatibus</strong></span> <span class='ocrx_word' id='word_1_274' title='bbox 1199 4589 1423 4685; x_wconf 91' lang='lat' dir='ltr'><strong>interpositis,</strong></span> <span class='ocrx_word' id='word_1_275' title='bbox 1462 4589 1550 4660; x_wconf 85' lang='lat' dir='ltr'><strong>laum</strong></span> <span class='ocrx_word' id='word_1_276' title='bbox 1579 4589 1722 4680; x_wconf 87' lang='lat' dir='ltr'><strong>urgente</strong></span> 
     </span>
     <span class='ocr_line' id='line_1_31' title="bbox 167 4706 1719 4812; baseline -0.008 -20"><span class='ocrx_word' id='word_1_277' title='bbox 167 4740 227 4812; x_wconf 91' lang='lat' dir='ltr'><strong>per</strong></span> <span class='ocrx_word' id='word_1_278' title='bbox 254 4717 468 4808; x_wconf 89' lang='lat' dir='ltr'><strong>deditionem,</strong></span> <span class='ocrx_word' id='word_1_279' title='bbox 499 4719 558 4790; x_wconf 90' lang='lat' dir='ltr'><strong>aut</strong></span> <span class='ocrx_word' id='word_1_280' title='bbox 585 4739 645 4811; x_wconf 87' lang='lat' dir='ltr'><strong>per</strong></span> <span class='ocrx_word' id='word_1_281' title='bbox 672 4717 855 4790; x_wconf 89' lang='lat' dir='ltr'><strong>violentam</strong></span> <span class='ocrx_word' id='word_1_282' title='bbox 883 4713 1170 4807; x_wconf 81' lang='lat' dir='ltr'><strong>expugnationem</strong></span> <span class='ocrx_word' id='word_1_283' title='bbox 1198 4713 1346 4784; x_wconf 88' lang='lat' dir='ltr'><strong>castrum</strong></span> <span class='ocrx_word' id='word_1_284' title='bbox 1374 4708 1581 4782; x_wconf 89' lang='lat' dir='ltr'><strong>habiturum.</strong></span> <span class='ocrx_word' id='word_1_285' title='bbox 1611 4706 1719 4780; x_wconf 78' lang='lat' dir='ltr'><strong>Cadu-</strong></span> 
     </span>
     <span class='ocr_line' id='line_1_32' title="bbox 165 4828 1722 4924; baseline -0.009 -10"><span class='ocrx_word' id='word_1_286' title='bbox 165 4838 354 4914; x_wconf 85' lang='lat' dir='ltr'><strong>eeatoribns</strong></span> <span class='ocrx_word' id='word_1_287' title='bbox 381 4841 493 4913; x_wconf 87' lang='lat' dir='ltr'><strong>autem</strong></span> <span class='ocrx_word' id='word_1_288' title='bbox 521 4839 564 4912; x_wconf 90' lang='lat' dir='ltr'><strong>ad</strong></span> <span class='ocrx_word' id='word_1_289' title='bbox 591 4837 719 4911; x_wconf 90' lang='lat' dir='ltr'><strong>milites</strong></span> <span class='ocrx_word' id='word_1_290' title='bbox 746 4840 895 4911; x_wconf 90' lang='lat' dir='ltr'><strong>castrum</strong></span> <span class='ocrx_word' id='word_1_291' title='bbox 923 4835 1113 4910; x_wconf 87' lang='lat' dir='ltr'><strong>obtinentes</strong></span> <span class='ocrx_word' id='word_1_292' title='bbox 1142 4831 1274 4922; x_wconf 90' lang='lat' dir='ltr'><strong>missis,</strong></span> <span class='ocrx_word' id='word_1_293' title='bbox 1314 4831 1370 4924; x_wconf 87' lang='lat' dir='ltr'><strong>qui</strong></span> <span class='ocrx_word' id='word_1_294' title='bbox 1400 4828 1653 4924; x_wconf 88' lang='lat' dir='ltr'><strong>persuaderent,</strong></span> <span class='ocrx_word' id='word_1_295' title='bbox 1683 4830 1722 4900; x_wconf 90' lang='lat' dir='ltr'><strong>ut</strong></span> 
     </span>
     <span class='ocr_line' id='line_1_33' title="bbox 165 4950 1720 5052; baseline -0.01 -17"><span class='ocrx_word' id='word_1_296' title='bbox 165 4963 277 5036; x_wconf 89' lang='lat' dir='ltr'><strong>castro</strong></span> <span class='ocrx_word' id='word_1_297' title='bbox 304 4959 445 5052; x_wconf 91' lang='lat' dir='ltr'><strong>reddito,</strong></span> <span class='ocrx_word' id='word_1_298' title='bbox 474 4958 658 5032; x_wconf 91' lang='lat' dir='ltr'><strong>incolumes</strong></span> <span class='ocrx_word' id='word_1_299' title='bbox 685 4957 839 5031; x_wconf 92' lang='lat' dir='ltr'><strong>omnibus</strong></span> <span class='ocrx_word' id='word_1_300' title='bbox 867 4955 1003 5044; x_wconf 87' lang='lat' dir='ltr'><strong>ablatis,</strong></span> <span class='ocrx_word' id='word_1_301' title='bbox 1032 4955 1175 5044; x_wconf 90' lang='lat' dir='ltr'><strong>abirent,</strong></span> <span class='ocrx_word' id='word_1_302' title='bbox 1204 4975 1280 5026; x_wconf 91' lang='lat' dir='ltr'><strong>eum</strong></span> <span class='ocrx_word' id='word_1_303' title='bbox 1308 4952 1357 5025; x_wconf 92' lang='lat' dir='ltr'><strong>nil</strong></span> <span class='ocrx_word' id='word_1_304' title='bbox 1386 4950 1642 5044; x_wconf 90' lang='lat' dir='ltr'><strong>responderetur</strong></span> <span class='ocrx_word' id='word_1_305' title='bbox 1659 4971 1720 5042; x_wconf 90' lang='lat' dir='ltr'><strong>pa-</strong></span> 
     </span>
     <span class='ocr_line' id='line_1_34' title="bbox 166 5068 1722 5174; baseline -0.011 -16"><span class='ocrx_word' id='word_1_306' title='bbox 166 5082 248 5174; x_wconf 87' lang='lat' dir='ltr'><strong>cati,</strong></span> <span class='ocrx_word' id='word_1_307' title='bbox 276 5080 502 5156; x_wconf 82' lang='lat' dir='ltr'><strong>Praernislaus</strong></span> <span class='ocrx_word' id='word_1_308' title='bbox 528 5079 665 5154; x_wconf 87' lang='lat' dir='ltr'><strong>Maioris</strong></span> <span class='ocrx_word' id='word_1_309' title='bbox 693 5079 852 5152; x_wconf 84' lang='lat' dir='ltr'><strong>Pelopiae</strong></span> <span class='ocrx_word' id='word_1_310' title='bbox 888 5079 987 5168; x_wconf 78' lang='lat' dir='ltr'><strong>Dur,</strong></span> <span class='ocrx_word' id='word_1_311' title='bbox 1024 5075 1146 5150; x_wconf 89' lang='lat' dir='ltr'><strong>castris</strong></span> <span class='ocrx_word' id='word_1_312' title='bbox 1183 5071 1321 5168; x_wconf 90' lang='lat' dir='ltr'><strong>propius</strong></span> <span class='ocrx_word' id='word_1_313' title='bbox 1357 5071 1522 5163; x_wconf 90' lang='lat' dir='ltr'><strong>admotis,</strong></span> <span class='ocrx_word' id='word_1_314' title='bbox 1561 5069 1596 5142; x_wconf 94' lang='lat' dir='ltr'><strong>in</strong></span> <span class='ocrx_word' id='word_1_315' title='bbox 1633 5068 1722 5142; x_wconf 91' lang='lat' dir='ltr'><strong>diem</strong></span> 
     </span>
     <span class='ocr_line' id='line_1_35' title="bbox 166 5190 1721 5298; baseline -0.01 -18"><span class='ocrx_word' id='word_1_316' title='bbox 166 5201 308 5280; x_wconf 88' lang='lat' dir='ltr'><strong>tertium</strong></span> <span class='ocrx_word' id='word_1_317' title='bbox 336 5199 581 5298; x_wconf 88' lang='lat' dir='ltr'><strong>pronuntiauit,</strong></span> <span class='ocrx_word' id='word_1_318' title='bbox 622 5203 660 5274; x_wconf 93' lang='lat' dir='ltr'><strong>ut</strong></span> <span class='ocrx_word' id='word_1_319' title='bbox 687 5199 816 5274; x_wconf 89' lang='lat' dir='ltr'><strong>milites</strong></span> <span class='ocrx_word' id='word_1_320' title='bbox 844 5221 903 5294; x_wconf 90' lang='lat' dir='ltr'><strong>pre</strong></span> <span class='ocrx_word' id='word_1_321' title='bbox 930 5197 1155 5293; x_wconf 81' lang='lat' dir='ltr'><strong>expugnando</strong></span> <span class='ocrx_word' id='word_1_322' title='bbox 1191 5197 1303 5270; x_wconf 92' lang='lat' dir='ltr'><strong>castro</strong></span> <span class='ocrx_word' id='word_1_323' title='bbox 1340 5193 1452 5290; x_wconf 88' lang='lat' dir='ltr'><strong>parati</strong></span> <span class='ocrx_word' id='word_1_324' title='bbox 1489 5194 1612 5266; x_wconf 88' lang='lat' dir='ltr'><strong>essent.</strong></span> <span class='ocrx_word' id='word_1_325' title='bbox 1650 5190 1721 5284; x_wconf 77' lang='lat' dir='ltr'><strong>Quo</strong></span> 
     </span>
    </p>
   </div>
   <div class='ocr_carea' id='block_1_5' title="bbox 277 5460 751 5545">
    <p class='ocr_par' dir='ltr' id='par_1_7' title="bbox 277 5460 751 5545">
     <span class='ocr_line' id='line_1_36' title="bbox 277 5460 751 5545; baseline -0.013 -18"><span class='ocrx_word' id='word_1_326' title='bbox 277 5465 301 5545; x_wconf 82' lang='lat'><strong>¹)</strong></span> <span class='ocrx_word' id='word_1_327' title='bbox 324 5467 401 5527; x_wconf 90' lang='lat' dir='ltr'><strong>Dnci</strong></span> <span class='ocrx_word' id='word_1_328' title='bbox 423 5465 500 5526; x_wconf 68' lang='lat' dir='ltr'><strong>deam</strong></span> <span class='ocrx_word' id='word_1_329' title='bbox 522 5466 558 5524; x_wconf 84' lang='lat' dir='ltr'><strong>e&#39;oe</strong></span> <span class='ocrx_word' id='word_1_330' title='bbox 584 5461 655 5524; x_wconf 78' lang='lat' dir='ltr'><strong>coa.</strong></span> <span class='ocrx_word' id='word_1_331' title='bbox 678 5460 751 5522; x_wconf 80' lang='lat' dir='ltr'><strong>Aac.</strong></span> 
     </span>
    </p>
   </div>
   <div class='ocr_carea' id='block_1_6' title="bbox 219 5616 630 5678">
    <p class='ocr_par' dir='ltr' id='par_1_8' title="bbox 219 5616 630 5678">
     <span class='ocr_line' id='line_1_37' title="bbox 219 5616 630 5678; baseline -0.007 -13"><span class='ocrx_word' id='word_1_332' title='bbox 219 5619 242 5668; x_wconf 70' lang='lat' dir='ltr'><strong>d.</strong></span> <span class='ocrx_word' id='word_1_333' title='bbox 255 5620 349 5678; x_wconf 68' lang='lat' dir='ltr'><strong>neapo.</strong></span> <span class='ocrx_word' id='word_1_334' title='bbox 364 5618 542 5668; x_wconf 70' lang='lat' dir='ltr'><strong>nonannoeane.</strong></span> <span class='ocrx_word' id='word_1_335' title='bbox 558 5617 583 5660; x_wconf 77' lang='lat' dir='ltr'><strong>T.</strong></span> <span class='ocrx_word' id='word_1_336' title='bbox 598 5616 630 5662; x_wconf 88' lang='lat'><strong>11.</strong></span> 
     </span>
    </p>
   </div>
   <div class='ocr_carea' id='block_1_7' title="bbox 0 0 2106 6272">
    <p class='ocr_par' dir='ltr' id='par_1_9' title="bbox 0 0 2106 6272">
     <span class='ocr_line' id='line_1_38' title="bbox 0 0 2106 6272; baseline 0 0"><span class='ocrx_word' id='word_1_337' title='bbox 0 0 2106 6272; x_wconf 95' lang='lat' dir='ltr'><strong> </strong></span> 
     </span>
    </p>
   </div>
  </div>
 </body>
</html>
