4140 6298
142 538 201 636 (Α.
221 537 269 616 D.
291 538 412 636 1252.)
754 563 867 616 arnna
893 562 1087 618 senuimus.
1618 551 1691 622 331

140 749 174 824 in
201 747 342 826 darcere
368 747 529 826 Tulliano
556 747 732 825 diaconum
759 749 984 842 cardinalem,
1022 751 1065 826 ad
1091 750 1273 828 videndum
1299 775 1442 830 examen
1470 754 1610 830 testium
1637 755 1694 832 de·

140 871 310 968 putatum,
340 873 376 948 et
402 871 638 948 Innocentium
665 874 793 967 Papam
819 873 860 947 de
887 874 1146 948 consummando
1182 874 1445 950 canonisationis
1472 898 1610 952 munere
1636 899 1718 953 ves

139 995 272 1086 ararent,
302 993 457 1088 pluribus
484 995 599 1069 tamen
619 993 642 1088 ¹)
669 993 906 1068 cardinalibus
936 996 1074 1090 propter
1113 997 1318 1071 uetustatem
1345 999 1381 1072 et
1407 997 1694 1093 longinquitatem

139 1114 303 1210 temporis
342 1116 383 1192 de
409 1113 555 1191 ueritate
592 1115 830 1190 miraculorum
866 1115 1130 1208 haesitantibus,
1169 1117 1297 1192 maiora
1331 1141 1463 1212 quoqne
1498 1119 1694 1196 sanctitatis

140 1237 228 1316 beati
256 1236 422 1314 Stanislai
449 1235 682 1332 experimenta
717 1237 943 1332 poscentibus,
982 1237 1095 1314 mmtii
1131 1239 1268 1335 negotio
1299 1239 1436 1330 infecto,
1474 1241 1649 1316 Poloniam
1666 1241 1695 1336 ²)

138 1359 245 1436 redire
273 1361 317 1434 ab
344 1359 542 1436 Innocentio
578 1358 672 1450 iussi,
710 1381 796 1434 noua
831 1359 992 1436 mandata
1025 1359 1266 1436 commissoriis
1301 1361 1497 1456 apostolicis
1532 1365 1693 1438 afferunt:
1727 1442 1730 1452 ,

138 1481 262 1573 quibus
299 1481 536 1572 mandabatur,
574 1483 614 1555 ut
651 1480 882 1576 scrupulosius
917 1481 1035 1573 uitam,
1072 1503 1192 1576 genus,
1230 1482 1431 1578 martyrium
1467 1487 1502 1558 et
1537 1483 1695 1560 meritum

138 1602 227 1680 beati
256 1602 435 1696 Stanislai,
464 1603 537 1680 eius
564 1625 695 1697 quoque
714 1601 888 1696 miracula,
917 1604 1020 1680 stab
1047 1602 1113 1696 his,
1142 1626 1225 1697 quos
1252 1603 1319 1679 iam
1342 1604 1633 1699 examinaverant,
1661 1609 1697 1682 et

139 1729 179 1802 ab
205 1725 289 1800 aliis
316 1723 573 1820 investigarent,
594 1726 645 1802 ‚et
672 1747 732 1819 per
757 1746 844 1798 nova
872 1723 1000 1819 scripta
1035 1724 1154 1799 Sedem
1181 1724 1413 1822 Apostolicam
1440 1726 1616 1802 certiorem
1644 1727 1695 1801 fa·

139 1849 253 1924 cerent
268 1845 311 1941 ³).
358 1847 432 1920 Nou
460 1845 582 1921 intulit
608 1845 836 1921 huiuscemodi
873 1845 993 1922 dilatio
1020 1845 1093 1921 uiro
1119 1847 1303 1922 excellenti
1330 1850 1365 1924 et
1392 1847 1519 1943 optimo
1546 1847 1696 1924 Prendo

139 1970 217 2046 thae
244 1967 456 2045 (lracoriensi
485 1967 650 2064 episcopo,
680 1966 900 2062 quaestion
927 1968 1103 2062 desperare
1122 1967 1299 2063 coegisset,
1327 1969 1515 2061 festidium,
1544 1971 1602 2044 sed
1621 1970 1695 2065 ple·

139 2113 201 2167 nus
228 2091 361 2166 fervore
388 2092 423 2165 et
449 2091 533 2181 nelo,
563 2092 598 2164 et
625 2088 753 2184 priores
769 2090 796 2184 4)
824 2091 931 2164 testes
958 2092 994 2164 et
1021 2090 1135 2184 plures
1161 2090 1247 2164 alios
1273 2113 1387 2182 noros,
1416 2089 1567 2167 Gedkam
1584 2091 1612 2185 ⁵)
1639 2093 1694 2166 ta·

139 2236 214 2290 nen
243 2212 425 2308 praecipue
453 2211 597 2286 militem
634 2209 875 2303 centemrium,
912 2210 1046 2306 apud⁵)
1082 2210 1327 2286 commissarios
1364 2212 1566 2307 apostolicos
1593 2210 1692 2288 indu·
1839 2221 1842 2226 '

139 2335 202 2427 xit,
231 2338 268 2411 et
296 2333 410 2410 altiori
441 2333 600 2430 indagine
615 2333 644 2427 7)
671 2332 750 2410 illos
776 2332 974 2422 examinari,
1003 2333 1160 2424 motaque
1187 2332 1324 2408 illorum
1352 2332 1388 2408 in
1414 2333 1578 2429 scriptum
1605 2333 1695 2410 redi·

139 2456 174 2553 gi
201 2456 408 2553 procurarit,
436 2458 472 2530 et
498 2454 674 2554 dimidium
701 2456 772 2531 fere
798 2453 878 2530 anui
906 2454 942 2528 iu
969 2453 1173 2530 conficiendo
1209 2455 1401 2530 huiusmodi
1432 2455 1695 2531 examinationis

140 2577 288 2674 negotio,
318 2577 457 2674 singula
483 2600 543 2674 per
569 2599 605 2652 se
633 2599 754 2652 curans
781 2579 817 2652 et
843 2575 971 2668 adiens,
999 2576 1201 2671 absumpsit.
1230 2576 1381 2653 Discedit
1408 2575 1511 2652 etiam
1530 2578 1694 2652 Innocen-

140 2699 208 2776 tius
235 2703 333 2796 Papa
359 2723 402 2774 ex
429 2700 606 2796 lugduno,
647 2697 703 2774 ubi
731 2697 831 2774 annis
865 2721 984 2775 norem
1011 2698 1124 2772 fuerat
1160 2701 1393 2796 commoratus
1431 2701 1467 2774 et
1494 2699 1528 2774 in
1556 2697 1696 2774 Italiam

140 2821 296 2916 ueniens,
328 2822 419 2918 apud
455 2821 634 2898 Petusium
669 2821 831 2912 consedit,
865 2823 900 2895 et
926 2821 1062 2897 beatum
1099 2821 1238 2896 Petrum
1273 2843 1397 2896 riorum
1432 2823 1617 2917 martyrem
1653 2823 1696 2898 ab

141 2944 322 3022 haereticis
348 2944 384 3020 in
412 2943 614 3020 Lombardia
640 2943 796 3033 occisum,
826 2942 899 3018 illie
925 2941 1146 3035 canonisauit,
1184 2945 1219 3018 et
1245 2943 1288 3016 ad
1315 2942 1511 3018 intrandum
1537 2943 1697 3038 Regnum

140 3066 356 3163 Napuliuoff)
383 3067 501 3144 contra
527 3066 739 3142 llanfredum
755 3066 783 3161 ⁹)
810 3064 882 3140 eius
918 3068 1149 3162 occupatorem
1186 3085 1348 3161 maguum
1383 3063 1570 3142 exercitum
1607 3085 1696 3140 com·

141 3190 298 3284 parabat.

167 3553 542 3652 suantopelkmcladc
570 3571 703 3626 suoram
730 3555 874 3645 accepts,
902 3570 974 3626 cun
1002 3550 1173 3626 truciteria
1200 3553 1389 3643 perpetuam
1416 3549 1525 3624 tranat
1551 3567 1673 3642 paean.

244 3795 427 3872 Fratribus
454 3795 636 3872 (truciteris
662 3797 789 3870 terram
816 3791 1034 3869 Pomeraniae
1070 3791 1296 3884 uastantibus,
1334 3792 1413 3866 dum
1440 3790 1512 3865 illis
1539 3793 1698 3867 Pomera-

143 3941 262 3994 norum
303 3918 473 3995 exercitus
509 3940 588 4000 suas
622 3915 898 4013 depopulationes
935 3913 1178 4012 prohibiturus,
1216 3912 1426 4006 occurrisset,
1464 3913 1592 4008 praelio
1619 3935 1698 3989 con-

144 4043 232 4116 serto
260 4039 372 4116 rictus
398 4043 441 4116 ab
467 4039 539 4114 illie
567 4041 628 4131 est,
657 4041 692 4115 et
719 4037 961 4116 monasterium
989 4037 1095 4112 Olina
1121 4035 1283 4134 gravibus
1300 4034 1420 4130 spoliis
1439 4036 1615 4123 affectum
1643 4057 1698 4110 co-

144 4165 356 4259 gebaturque
396 4163 476 4236 Dux
516 4161 733 4237 Pomeraniae
775 4160 1033 4254 Suantopelkus
1074 4180 1134 4253 per
1169 4156 1262 4252 pacis
1303 4155 1534 4232 sufferentiam
1569 4156 1699 4231 bellurn

145 4284 362 4379 suspendere.
398 4284 532 4380 Expost
551 4281 595 4378 ¹⁰)
622 4305 700 4358 uero
727 4281 815 4358 idern
843 4281 1102 4376 Suantopellus
1129 4278 1246 4356 uidens
1272 4301 1308 4354 se
1334 4279 1369 4354 et
1396 4279 1510 4354 aetate
1536 4280 1572 4353 et
1598 4276 1700 4353 bellis

145 4407 307 4482 attritum
334 4407 415 4498 fore,
453 4427 513 4501 per
539 4405 686 4482 medinm
713 4403 825 4480 Iacobi
853 4401 1048 4478 leodiensis
1081 4400 1311 4478 archidianoni
1347 4399 1525 4497 apostolici
1563 4397 1697 4492 Nuntii,

145 4551 263 4626 pacem
290 4530 487 4624 perpetuam
515 4551 590 4604 curn
617 4526 798 4604 Gracileris
825 4525 866 4602 de
893 4525 1030 4600 Pruesia
1056 4523 1217 4600 firmarit.

255 4827 282 4909 ¹)
304 4835 403 4890 tanum
424 4829 502 4889 dccet
523 4829 559 4888 ia
584 4825 656 4888 Ood.
678 4825 752 4887 Aut.
793 4823 819 4903 9)
842 4827 873 4885 in
893 4825 1044 4886 Poloniam
1070 4819 1141 4885 coc.
1164 4823 1257 4884 Rosa.
1296 4817 1513 4899 ³)redderent
1529 4817 1587 4880 Ed.
1609 4817 1701 4894 Lips.

150 4931 176 5011 ι)
198 4935 337 5010 proprios
363 4932 435 4996 θοὰ.
458 4934 550 4994 Rocr.
590 4927 616 5008 ὓ)
640 4932 784 4992 Gethkam
811 4929 883 4992 (lod.
906 4927 982 4990 Aac.
1021 4924 1048 5005 ο)
1070 4928 1109 4989 ad
1138 4923 1209 4990 God.
1233 4928 1324 4988 Roer.
1364 4921 1601 5002 ⁷)indagatione
1627 4920 1698 4983 (lod.

147 5039 239 5106 Rom.
281 5036 557 5117 'tbeapoucnnum
592 5033 663 5098 Ood.
686 5037 780 5098 Rosr.
819 5031 848 5114 β)
871 5031 1053 5096 Neutredum
1086 5031 1157 5096 coc.
1180 5033 1272 5100 Roar.
1315 5027 1355 5107 ¹⁰)
1377 5029 1486 5090 Postea
1511 5025 1583 5090 (lod.
1606 5023 1701 5088 Roar.
