4162 6288
143 539 208 644 (Α.
229 539 276 616 D.
298 536 421 640 1257.)
751 559 863 612 crena
889 557 1082 612 snnrrmns.

489 973 516 1018 ’·
590 947 798 1062 ANNUS
833 947 1059 1060 DOMINI
1095 945 1231 1063 1257.

139 1235 278 1308 liassss
305 1235 477 1326 opiscopus
504 1234 790 1321 wratislaviensis,
814 1234 1043 1306 transmisistis
1069 1232 1203 1305 issimis
1231 1235 1264 1304 at
1283 1232 1372 1305 sistis
1399 1232 1525 1305 isaias
1543 1233 1688 1306 svitlibns

139 1375 320 1429 narcsrnm
347 1356 473 1446 arganti
499 1356 649 1428 tolsslao
676 1356 755 1428 buci
781 1355 998 1446 lagniossnsi¹
1027 1373 1046 1426 a
1074 1355 1268 1445 captivitato
1295 1354 1458 1426 llbsrstnr.
1491 1355 1608 1427 Pastas
1635 1374 1687 1428 vo·

139 1479 210 1550 lans
238 1477 324 1550 itam
349 1479 421 1549 bns
446 1479 581 1549 tratrem
617 1495 711 1548 snum
744 1476 923 1550 bursarium
959 1474 1204 1566 lilogovisnsam
1238 1477 1356 1548 lincam
1392 1475 1554 1567 captivare
1581 1475 1624 1548 ari
1650 1493 1687 1550 ss
1753 1537 1756 1546 ,

406 1598 588 1686 invitatum,
615 1599 684 1689 ipss
711 1616 768 1690 par
794 1615 866 1670 snm
893 1601 1007 1688 raptus
1034 1597 1223 1687 tilogoviam
1250 1596 1419 1670 lateratus.

244 1837 464 1933 Captivitatis
490 1860 569 1914 suae
600 1837 776 1914 continuos
813 1859 955 1934 angores
975 1839 1009 1932 ¹),
1048 1839 1288 1930 squaloresque
1324 1837 1469 1912 Thomas
1504 1837 1686 1914 Wratisla·

141 1958 266 2034 niensis
292 1959 468 2054 spiscopus
483 1959 512 2053 ¹²)
539 1982 560 2033 a
586 1960 742 2034 Boloslao
769 1960 874 2034 Saevo
902 1959 1122 2054 [regniacensi
1150 1959 1199 2052 (id
1227 1959 1318 2033 enim
1340 1981 1522 2052 cognomen
1542 1961 1618 2053 post
1636 1959 1686 2032 i-

141 2080 237 2154 cinus
264 2080 300 2154 in
326 2080 520 2175 episcopum
547 2083 719 2176 patratum
743 2081 883 2155 sortitus
909 2083 1008 2175 arat),
1046 2103 1088 2156 ax
1115 2082 1226 2156 castro
1252 2079 1341 2156 anim
1368 2080 1472 2175 Wlay
1499 2079 1535 2154 in
1562 2081 1687 2175 Legui·

141 2222 232 2275 onom
269 2201 432 2277 deductus
467 2204 502 2276 et
537 2201 729 2276 interram
765 2201 943 2296 proiectus,
982 2202 1182 2276 arctioribus
1218 2201 1431 2296 compedibus
1464 2199 1685 2294 vinciebatur,

10 2371 11 2378 κ
142 2322 324 2413 aliquando
351 2321 443 2396 liniri
469 2321 674 2414 desiderans,
703 2344 778 2398 cnm
797 2323 831 2396 et
850 2344 1007 2398 censurae
1030 2322 1287 2414 ecclesiasticae,
1315 2321 1351 2397 ot
1368 2320 1570 2396 auctoritato
1588 2322 1686 2396 Sum·

142 2443 185 2517 mi
213 2442 390 2518 Pontificis
424 2447 459 2518 et
484 2443 714 2548 cpiscoporum
751 2444 928 2526 Polonicao
963 2444 1121 2520 ecclesiae
1157 2444 1193 2518 in
1230 2443 1338 2518 virum
1365 2442 1558 2537 pessimum,
1586 2443 1685 2518 Bole-

141 2565 251 2638 slnum
290 2565 434 2640 Saevum
469 2565 730 2660 Logniczensem
762 2565 900 2656 Ducem,
937 2566 977 2639 ob
1004 2565 1039 2639 id
1066 2565 1168 2655 latas,
1197 2585 1280 2657 quas
1307 2563 1367 2638 illc
1394 2564 1490 2638 velut
1525 2563 1687 2658 stipulam

140 2688 314 2780 reputans,
352 2685 500 2762 severius
533 2686 569 2760 in
603 2685 795 2781 episcopum
827 2689 862 2761 st
888 2708 969 2762 suae
995 2685 1206 2781 captivitatis
1233 2686 1411 2776 consortes,
1448 2685 1687 2780 Bogupbalum

10 2783 12 2862 ἶ
140 2807 370 2902 praepositum
396 2809 432 2882 at
458 2807 668 2884 Heccardum
695 2806 908 2899 canonicum,
946 2807 1223 2897 debacchabatur,
1251 2807 1384 2881 nullam
1410 2805 1643 2882 liberationem
1658 2803 1688 2900 3)

139 2929 320 3004 affecturae
355 2931 591 3023 sperarentus:
628 2950 704 3004 cum
739 2929 895 3004 Boleslao
931 2929 1037 3004 Saevo
1072 2928 1278 3023 captivatore
1313 2947 1373 3001 suo
1404 2925 1596 3022 paciscitur.
1641 2927 1688 3000 lii

10 3113 11 3124 ,
139 3049 437 3124 commutationem
473 3050 675 3126 decimarum
712 3049 995 3144 manipularium,
1032 3073 1098 3125 uon
1134 3049 1169 3122 iu
1206 3071 1268 3124 sua
1295 3048 1526 3123 tautummodo
1560 3047 1686 3142 begni-

139 3169 249 3244 csonsi
277 3171 377 3261 sorte,
406 3171 464 3246 sed
490 3173 525 3246 at
551 3170 588 3244 in
615 3170 770 3246 univorsa
788 3169 1060 3247 wratislaviensi
1088 3169 1219 3262 diocesi,
1248 3169 1285 3243 in
1306 3169 1502 3261 iertonslos,
1530 3167 1687 3263 bapitulo

139 3313 200 3364 sno
226 3291 503 3367 Wrntislaviensi
531 3291 736 3385 irrequisito,
773 3291 961 3368 Gnasnensi
988 3291 1127 3386 insuper
1153 3290 1401 3386 archiepiscopo
1428 3289 1687 3385 metropolitano

139 3433 199 3486 suo
233 3414 268 3486 st
301 3412 467 3508 episcopis
502 3414 681 3489 Polonioao
716 3413 876 3489 ecclosias
912 3435 987 3488 cum
1015 3411 1275 3507 provincialibus
1301 3412 1382 3502 suis,
1419 3411 1477 3503 qui
1505 3434 1565 3506 pro
1591 3411 1688 3485 illins

10 3613 11 3638 ζ
138 3532 300 3608 libertate
326 3535 360 3608 ot
387 3534 595 3610 substantias
621 3537 657 3609 at
683 3534 882 3630 sanguinem
908 3535 1075 3628 parabant
1101 3555 1137 3610 se
1163 3535 1337 3623 effusuros,
1364 3531 1575 3624 inconsultis,
1605 3532 1686 3606 duo·

139 3675 283 3745 rumque
309 3654 456 3730 millium
483 3677 670 3732 marcarum
698 3655 833 3750 argenti
868 3655 1080 3746 solutionem,
1119 3656 1251 3748 praeter
1278 3675 1407 3749 pannos
1446 3651 1687 3728 sonrlatioosa

139 3775 342 3869 Bognphnlo
379 3776 568 3871 praeposito
604 3778 638 3851 et
665 3777 836 3853 Hoccardo
863 3776 1022 3852 canonico
1038 3777 1066 3870 ⁴)
1101 3778 1248 3864 exactos,
1286 3774 1469 3869 pollicitus,
1506 3773 1686 3849 medietate

10 3911 11 3928 ³
138 3897 303 3989 pecunias
338 3895 492 3992 perprius
528 3899 658 3989 soluta,
696 3899 737 3974 de
763 3897 896 3973 residua
922 3919 1000 3972 vero
1027 3897 1220 3987 medietate,
1257 3897 1292 3970 ct
1318 3893 1479 3990 promisso
1506 3895 1546 3970 de
1572 3897 1684 3970 trans·

10 4071 11 4108 7
139 4016 313 4090 mutandis
348 4017 487 4092 decimis
522 4017 791 4113 manipularibus
818 4018 854 4093 in
881 4018 1064 4094 fortonalos
1091 4017 1271 4112 implendo,
1308 4015 1391 4090 filiis
1407 4015 1434 4110 ⁶)
1460 4015 1624 4090 nobilium
1650 4017 1686 4090 ot

138 4138 362 4212 scultetorum
388 4161 524 4213 suorum
550 4139 640 4213 datis
667 4139 846 4230 obsidibus,
875 4139 911 4212 iu
938 4139 1025 4216 festo
1052 4139 1200 4213 Paschae
1226 4159 1247 4211 a
1278 4136 1478 4232 captivitate
1504 4157 1580 4212 cum
1606 4157 1686 4210 suaa

138 4257 352 4353 captivitatis
379 4259 596 4351 oonsortibns‚
624 4260 866 4355 Bogupbalob
894 4259 1084 4354 praeposito
1110 4261 1145 4334 ot
1171 4259 1341 4334 Haccardo
1360 4257 1528 4350 canonico,
1553 4257 1685 4331 solutus

10 4423 11 4480 ff
137 4381 202 4454 ast.
236 4379 419 4455 Saevitiam
446 4383 558 4456 autern
585 4383 655 4455 tarn
681 4380 813 4454 foedam
840 4379 877 4453 iu
903 4381 1065 4454 Thomsm
1092 4379 1296 4474 episcopum,
1323 4379 1561 4474 Boguphalum
1588 4400 1683 4472 praa·

138 4499 289 4594 positum
316 4501 351 4576 ot
381 4501 590 4576 Hecoardum
614 4501 809 4577 canonicum
830 4500 1128 4576 Wratislaviouses
1154 4500 1386 4595 depromptam
1413 4499 1502 4595 apud
1519 4501 1685 4574 obtracta-

10 4627 11 4640 '
137 4625 229 4695 tores
257 4642 335 4696 snos
361 4621 544 4712 levaturus,
573 4644 640 4696 non
666 4621 702 4694 in
725 4621 908 4697 Honricum
936 4622 1142 4696 solummodo
1168 4619 1493 4712 Wratislavicnsam‚
1522 4620 1580 4694 sad
1597 4623 1632 4695 at
1650 4620 1685 4694 in

10 4747 12 4800 ἒ
137 4741 332 4818 (iuursdum
359 4741 616 4837 Glogoviensom
652 4744 761 4818 Duces
797 4763 984 4838 germanos
1022 4765 1201 4833 eorumque
1236 4741 1447 4817 consiliarios
1473 4743 1509 4816 at
1534 4761 1686 4835 proceres

10 4937 11 4944 a
137 4863 271 4955 (iurene
298 4885 341 4937 su
368 4862 494 4937 iniuria
520 4863 684 4939 incertum
711 4866 777 4956 ost)
814 4865 1041 4956 retorquebat,
1078 4863 1159 4938 licat
1186 4862 1390 4938 decimarum
1422 4861 1684 4955 manipularium

137 4984 172 5058 in
198 4984 385 5060 fortunales
418 4985 659 5060 transmutatio
694 4984 797 5060 etiam
835 5007 894 5080 pro
921 5007 1034 5060 eorum
1062 4984 1163 5060 terris
1198 4986 1347 5076 obtenta,
1385 4982 1513 5079 patrati
1549 4981 1684 5057 sceleris

10 5327 11 5330 ,
247 5280 271 5360 ¹)
294 5281 450 5356 languores
487 5278 558 5341 Cori.
581 5279 673 5341 Roas.
714 5276 742 5364 ⁹)
766 5281 921 5355 spiscopus
951 5277 1028 5341 deest
1049 5281 1084 5339 in
1104 5277 1179 5342 Ὀοά.
1202 5276 1276 5340 Aut.
1315 5273 1344 5356 3)
1367 5277 1587 5338 eliberationem
1611 5269 1682 5339 Occi.

10 5381 11 5430 ³
138 5385 228 5446 Roas.
269 5381 296 5463 4)
319 5387 461 5447 canonico
476 5385 709 5447 wratislaviensi
737 5381 807 5444 Occi.
830 5385 922 5444 Roas.
962 5380 988 5462 ⁰)
1010 5383 1088 5442 tilios
1114 5383 1184 5444 Cori.
1208 5381 1281 5444 Anat.
1320 5378 1347 5460 ο)
1368 5377 1539 5456 Bognplralo
1554 5379 1633 5442 teas
1646 5379 1682 5443 s'sv

10 5557 12 5572 p
141 5488 210 5553 scs.
233 5487 308 5552 aas.
