4246 6274
165 561 227 670 (Α.
249 563 294 642 D.
312 563 425 671 1153.)
768 589 878 643 urana
905 587 1075 654 sumnus.
1425 506 1427 510 Α
1605 673 1608 682 .
1640 567 1687 642 39

164 775 248 852 mino
273 775 429 865 Domiui;
457 769 616 852 Romanis
642 775 796 853 omnibus
822 775 1067 874 pollicentibus
1097 798 1266 870 nunquam
1293 798 1329 852 se
1355 776 1395 852 ds
1421 776 1551 852 caetero
1578 775 1687 868 illum,

164 901 217 975 sed
244 922 304 974 nec
330 921 533 975 successores
560 899 633 974 eius
653 901 676 994 ¹)
703 899 737 974 in
765 899 892 980 iuribus
919 899 1076 974 eeclesiae
1102 897 1271 973 Romanae
1298 900 1487 975 vexaturus.

262 1021 411 1098 Secundo
437 1021 600 1098 delendas
627 1021 715 1096 Iunii
744 1021 871 1118 (beysze
897 1021 1090 1118 Hungariae
1117 1021 1203 1114 Rex,
1240 1019 1332 1095 filius
1364 1021 1465 1096 Belae
1492 1021 1590 1112 caeci,
1619 1043 1688 1096 mo-

162 1143 255 1236 ritur,
283 1165 359 1219 cum
386 1143 483 1219 annis
509 1144 633 1240 uiginti
659 1145 844 1239 regnasset,
872 1146 1015 1237 quatuor
1032 1143 1119 1219 filios
1137 1143 1355 1239 Stephanum,
1383 1143 1512 1234 Belem,
1531 1141 1689 1238 Arpad‘)

164 1269 195 1342 et
220 1266 384 1362 Gepsuam
420 1267 632 1362 relinquens,
670 1267 722 1342 cui
757 1267 850 1342 iilius
884 1267 955 1343 eius
992 1265 1096 1342 maior
1130 1267 1212 1342 natu
1249 1266 1439 1362 Stephanus
1470 1265 1506 1340 in
1532 1265 1688 1362 Regnum

164 1389 320 1466 successit
335 1387 374 1484 ³).
546 1389 554 1402 ‘
1664 1405 1666 1410 ’

616 1749 823 1882 ANNUS
857 1749 1080 1865 DOMINI
1114 1747 1244 1863 1153.
1372 1789 1374 1794 ·

225 2002 427 2092 leucarum
452 2002 522 2074 box
548 2001 698 2075 Poloniae
724 2002 825 2075 lliam
851 2002 946 2075 belae
972 2001 1148 2094 burgariae
1175 2001 1271 2093 begis
1298 1999 1389 2074 ducit
1414 1999 1446 2073 iu
1474 2018 1615 2074 uxorem.

261 2243 397 2319 Maioris
423 2243 580 2348 Poloniae
605 2245 684 2318 Dux
718 2245 924 2340 Myecnslaus
959 2246 1094 2340 propter
1128 2243 1340 2340 prudentiam
1375 2242 1540 2339 singulari
1579 2243 1689 2320 indole

162 2365 194 2440 in
221 2389 259 2441 eo
286 2367 328 2441 ab
354 2367 465 2442 aetate
491 2369 606 2443 tenera
633 2367 835 2444 relucentem
862 2367 972 2442 Senex
998 2367 1201 2462 appelletur,
1230 2365 1345 2460 quiin
1372 2365 1506 2440 Maioris
1530 2365 1688 2442 Poloniae

160 2492 193 2564 et
218 2489 435 2565 Pomeroniao
470 2489 660 2586 regionibus
696 2489 985 2584 (quemadmodum
1013 2489 1048 2563 in
1074 2487 1298 2584 superioribus
1323 2487 1569 2584 praemisimus)
1595 2487 1687 2584 prin-

160 2613 345 2706 cipabatnr,
383 2612 543 2688 Iohannis
577 2611 781 2688 Gnosnensis
816 2611 1065 2708 archiepiscopi,
1102 2613 1370 2704 caeterorumque
1404 2612 1626 2706 praelatorum
1654 2613 1689 2686 et

160 2737 318 2809 baronum
345 2734 564 2810 dominiorum
590 2757 724 2810 suorum
751 2737 846 2811 aetus
872 2735 1083 2830 persuasione
1109 2736 1143 2810 et
1169 2732 1316 2825 consilio,
1340 2732 1446 2808 filiam
1472 2732 1575 2809 Belae
1601 2734 1689 2809 caeci

158 2855 355 2951 Hungarias
381 2855 486 2952 Regis
512 2855 704 2933 (leutrudim
731 2855 874 2949 nomine,
902 2857 1066 2954 uirginem
1093 2856 1128 2931 et
1147 2855 1291 2931 moribus
1317 2854 1475 2930 etforma
1493 2853 1689 2950 inclytam)

158 2977 288 3072 accepit
314 2975 349 3051 in
376 2979 570 3070 consortem,
608 2999 691 3072 quae
718 3001 761 3054 ex
787 2977 964 3073 Hungaria
999 2979 1035 3052 in
1071 2977 1244 3052 Poloniam
1278 2976 1442 3067 traducta,
1479 2975 1688 3072 splendidam

158 3100 192 3173 et
219 3097 434 3196 rnagnificam
461 3101 571 3176 dotem
598 3100 633 3174 in
662 3100 749 3176 rasis
775 3099 885 3176 aureis
912 3102 946 3176 et
971 3099 1152 3196 argenteio,
1179 3098 1373 3194 caeteraque
1399 3097 1603 3194 supellectili
1635 3098 1688 3173 in·

157 3221 271 3312 rexit;
300 3222 495 3318 nuptiarum
530 3245 658 3317 quoque
694 3221 879 3298 solennitas
906 3223 942 3297 iu
968 3221 1186 3298 Pusnanieusi
1218 3221 1354 3298 civitate
1380 3219 1533 3317 pluribus
1559 3221 1687 3314 diebus,

157 3345 218 3419 sub
244 3345 437 3437 frequentia
462 3345 682 3440 plurimorum
708 3347 879 3442 hospitum
905 3345 1032 3422 habita.
1076 3345 1127 3421 Ea
1152 3343 1241 3420 enim
1256 3345 1284 3439 ⁵)
1310 3343 1461 3419 affinitas
1487 3343 1560 3420 ideo
1586 3357 1687 3440 expe·

156 3467 222 3541 tita
248 3469 287 3544 et
312 3470 448 3564 accepta
473 3471 537 3559 ost,
574 3469 614 3543 ut
647 3467 793 3564 priomm
829 3472 1044 3561 veterumque
1071 3467 1307 3544 discordiarum
1341 3469 1377 3543 et
1411 3467 1572 3544 bellorum
1599 3467 1689 3542 inter

145 3589 275 3664 ¹Belem
303 3589 499 3686 Hungariae
525 3590 652 3686 Regem
680 3593 715 3667 et
740 3591 932 3668 Boleslaum
959 3593 1157 3670 Polonorum
1192 3589 1316 3666 Ducem
1345 3589 1565 3686 Krzywousty
1591 3605 1686 3666 roca·-

156 3713 395 3807 dompetram
421 3711 608 3808 ilpeonslai,
639 3712 798 3789 imitanum
826 3713 1061 3791 obliteraretur
1086 3712 1254 3804 memoria,
1282 3713 1317 3788 et
1342 3711 1430 3787 iuter
1456 3711 1602 3787 finitima
1623 3713 1688 3786 sibi

155 3833 354 3930 llungariae
380 3837 415 3910 et
439 3833 595 3911 Poloniae
622 3836 742 3934 Regna
776 3836 930 3931 quisset
956 3836 1141 3912 animomm
1180 3833 1339 3912 idenditas
1366 3835 1466 3929 atque
1492 3833 1687 3929 tranquilli·
1738 3903 1740 3906 ,

155 3958 207 4030 tas
235 3956 437 4052 proveniret.

256 4077 442 4155 Undecimo
468 4079 629 4157 dolendas
654 4079 770 4155 llartii
796 4081 967 4156 Guuradus
1002 4081 1227 4157 Romanorum
1263 4079 1337 4154 Rex
1367 4079 1495 4154 Ducum
1530 4078 1686 4155 Poloniae

9 4217 12 4233 ¹
154 4199 314 4293 Boleslai,
351 4201 540 4297 llpeonslai,
576 4201 713 4278 Henrioi
741 4203 776 4278 'et
801 4200 966 4278 Karimiri
994 4203 1188 4295 auunculus,
1217 4203 1304 4298 apud
1330 4201 1512 4298 Haynberlr
1526 4201 1566 4296 ὁ),
1594 4203 1686 4297 post·

154 4344 253 4416 quam
282 4324 324 4399 dc
350 4324 583 4399 transmarinis
610 4325 763 4422 partibus
789 4325 944 4416 redierat,
973 4325 1132 4400 continua
1158 4323 1354 4400 infirmitate
1380 4325 1588 4414 decumbens,
1615 4323 1687 4400 rita

154 4445 296 4538 decedit,
323 4445 434 4542 Regni
463 4447 514 4522 sui
541 4471 628 4542 anno
654 4447 770 4543 quinto
798 4448 939 4540 decimo,
977 4449 1197 4544 sepultusque
1223 4450 1275 4524 est
1300 4447 1337 4522 in
1363 4446 1478 4523 eadem
1503 4447 1686 4543 Haynberlr

154 4567 305 4644 ciuitate.
350 4567 416 4644 Hic
442 4569 522 4646 licet
547 4569 754 4666 imperialem
782 4569 1054 4664 benedictionem,
1088 4571 1219 4646 assiduo
1246 4571 1407 4666 languore
1433 4593 1508 4645 eum
1534 4593 1685 4665 promen·

153 4691 197 4776 te,
227 4691 372 4766 sortitus
397 4715 463 4767 non
490 4692 603 4784 fuerit,
642 4691 729 4766 nihil
755 4695 868 4769 tumen
894 4693 958 4786 illi,
987 4696 1119 4788 praeter
1144 4693 1252 4768 solum
1277 4693 1433 4784 titulum,
1461 4692 1504 4766 ad
1530 4691 1685 4788 imperia·

153 4811 218 4886 lem
246 4813 364 4888 decrat
390 4814 609 4909 splendorem,
644 4837 718 4890 cum
745 4818 779 4891 ot
804 4815 930 4892 uirtute
956 4815 1097 4890 militari
1123 4815 1226 4891 fuerit
1252 4816 1419 4906 strenuus,
1446 4815 1482 4889 et
1508 4813 1542 4888 in
1569 4815 1686 4910 singu·
1747 4857 1749 4862 ·

153 4933 196 5008 lis
222 4935 415 5011 actionibus
442 4937 597 5032 prouidus
623 4940 658 5011 ed
684 4937 863 5013 animosus.
895 4937 946 5014 lle
972 4940 1084 5014 autem
1110 4937 1242 5013 diutina
1267 4938 1355 5014 esset
1380 4935 1518 5031 Imperii
1544 4937 1683 5030 uacatio,

153 5057 316 5133 electores
362 5057 499 5154 Imperii
534 5059 624 5154 apud
658 5059 915 5136 mmkforuian
950 5057 986 5134 in
1020 5057 1299 5154 Quadrage'simae
1334 5057 1440 5134 medio
1479 5057 1685 5135 Friderioum

260 5251 286 5331 ¹)
310 5271 427 5314 suornm
455 5252 525 5316 (lod.
548 5251 621 5314 Aut.
662 5249 823 5330 ⁹)Arphat
847 5251 919 5314 (lod.
941 5253 1033 5313 Rorr.
1072 5239 1241 5334 fl>Maudio¹
1261 5253 1297 5313 dc
1317 5253 1398 5313 obitu
1418 5250 1530 5328 chsuc
1552 5251 1603 5314 ΙΙ.
1625 5253 1684 5313 Rc·

142 5353 198 5434 'pia
219 5357 409 5434 Hesperiae
429 5360 465 5419 iu
490 5357 560 5419 ooo.
582 5356 656 5418 Aut.
679 5361 764 5432 atque
785 5357 909 5430 reliquis
935 5355 1024 5420 doda.
1046 5361 1073 5417 et
1095 5357 1176 5418 Edit.
1196 5373 1251 5433 per
1272 5373 1400 5418 errorem
1421 5357 1500 5418 birra
1520 5357 1612 5432 sacto,
1633 5373 1684 5418 re·

149 5463 265 5539 petitur
286 5464 387 5525 denuo
409 5463 445 5524 ab
468 5468 587 5524 sudore
607 5465 716 5524 rectius
737 5463 778 5524 od
799 5479 916 5524 uanam
931 5465 1013 5522 1161.
1052 5458 1078 5538 4)
1101 5464 1245 5537 egregiam
1266 5464 1326 5524 Ed.
1348 5463 1440 5524 Dobr.
1479 5459 1595 5540 ⁶)rero
1614 5463 1683 5524 God.

153 5567 244 5630 Roas.
285 5565 316 5650 ⁶)
338 5569 515 5630 Haimberck
540 5567 610 5630 Ood.
632 5567 725 5630 Roas.
747 5568 906 5629 Naimberlr
927 5567 986 5630 Ed.
1008 5568 1101 5629 Dobr.
1124 5565 1281 5653 (Bamberg
1300 5563 1451 5654 famame).
1662 5585 1664 5590 ’
