4140 6298
120 539 183 632 (Α.
203 537 252 614 D.
273 537 391 635 1253.)
739 561 850 614 nunna
877 560 1070 615 snennmus.
1603 542 1676 614 343

118 751 267 828 moritur
293 753 328 826 et
356 751 390 826 in
419 748 640 826 Posnaniensi
678 750 820 826 ecclesia
851 750 1026 846 sepelitur,
1066 750 1161 826 cuius
1188 751 1327 826 chorum
1347 750 1381 846 ¹),
1410 749 1513 847 priori
1542 752 1679 845 propter

118 872 233 948 uarias
260 873 365 953 rimas
401 873 564 970 deposito,
602 895 686 948 noro
722 873 1177 969 crpulchenin10⁹)nuro
1212 896 1233 949 a
1261 872 1501 964 fundamentis,
1538 869 1679 967 largiori

119 993 314 1092 scemate³)
347 997 492 1074 secundo
519 996 572 1071 sui
600 994 818 1092 pontificatus
845 1019 933 1071 anno
960 999 1115 1072 erexerat
1130 995 1169 1092 ⁴).
1215 997 1296 1072 Post
1323 996 1419 1071 cuius
1455 996 1595 1070 mortem
1623 1016 1679 1069 ca-

118 1117 291 1214 pitulares
318 1117 580 1215 congregatione
608 1141 667 1216 pro
686 1117 739 1194 die
758 1118 924 1194 dominica
952 1117 1048 1193 Oculi
1076 1118 1215 1212 indicta,
1243 1119 1333 1194 fecto
1360 1117 1396 1193 in
1423 1118 1561 1192 Petrum
1582 1139 1678 1213 prae·

119 1240 284 1336 positum,
313 1243 453 1318 Petrum
481 1241 654 1332 decanum,
683 1241 869 1318 Oerurdurn
898 1241 1137 1317 scholasticum
1165 1240 1408 1317 Posnanienses
1431 1239 1679 1336 compromisso,

117 1362 332 1458 praedictum
359 1363 499 1439 Petrum
526 1364 700 1456 decanum,
729 1386 851 1460 genere
879 1363 1024 1439 nobilem
1043 1364 1198 1440 dedomo
1223 1363 1479 1455 Pranditarum,
1508 1364 1543 1439 et
1569 1363 1679 1438 uirum

118 1483 218 1580 pium
246 1486 281 1561 et
307 1484 472 1581 religione
499 1507 538 1561 ac
565 1485 740 1562 deuotione
766 1508 891 1580 rarum,
929 1508 988 1581 per
1014 1485 1105 1561 niam
1132 1484 1361 1581 compromissi
1394 1485 1528 1581 eligunt
1555 1484 1590 1558 in
1618 1506 1678 1579 pu·

117 1606 261 1682 storem.
290 1606 393 1682 Ouius
419 1606 617 1684 electionem
644 1607 750 1681 Fuloo
777 1606 987 1684 Onesneneis
1012 1605 1282 1702 archiepiscopus
1304 1604 1501 1681 confirmare
1529 1604 1679 1700 negauit

117 1727 312 1804 eratenim
341 1728 406 1803 sibi
434 1731 477 1804 ab
504 1730 649 1825 Hugone
677 1729 846 1804 Orudiueli
874 1732 910 1804 et
936 1728 1149 1825 Apostolioae
1176 1728 1273 1805 Sedis
1300 1751 1360 1824 per
1386 1727 1576 1804 uniuersam
1596 1726 1679 1803 Ocr-

118 1849 272 1926 maniam
298 1852 334 1927 et
361 1850 535 1928 Poloniam
562 1851 706 1947 Logato,
733 1849 962 1947 episcoporum
1000 1850 1209 1928 confirmatio
1246 1850 1438 1928 interdicta.
1484 1849 1679 1946 Capitulum

118 1995 201 2048 nero
227 1973 475 2066 Posnaniense,
515 1974 646 2049 nuntiis
681 1975 724 2050 ad
752 1975 932 2070 Hugonem
968 1973 1180 2050 cardinalem
1211 1974 1315 2050 etiam
1350 1975 1460 2051 ultera
1486 1972 1570 2065 vice,
1599 1973 1678 2048 dum

1 2103 2 2108 '
118 2093 223 2190 primi
251 2095 343 2191 capti
370 2098 406 2172 et
431 2095 570 2192 spoliati
597 2099 720 2188 essent,
752 2096 875 2189 missis,
904 2096 986 2173 licet
1012 2099 1047 2172 el
1074 2097 1270 2172 mandatum
1298 2097 1341 2172 ad
1368 2095 1597 2172 Onesnensem
1624 2117 1679 2168 ar·

118 2215 372 2314 chicpiscopurn
389 2217 417 2312 ⁵)
443 2219 484 2294 de
512 2217 740 2295 confirmando
776 2240 836 2294 suo
873 2219 992 2310 electo,
1029 2222 1064 2294 et
1091 2219 1220 2311 literas,
1259 2219 1381 2314 qulbus
1418 2217 1678 2314 prohibitionem

118 2361 217 2414 snam
245 2339 287 2414 de
313 2363 380 2417 non
407 2339 644 2417 confirmandis
671 2340 837 2437 episcopis
863 2340 1040 2418 Polonicae
1067 2340 1229 2418 ecclesiae
1246 2342 1436 2433 reuocabat,
1466 2339 1676 2430 retulissent,

119 2460 156 2535 in
184 2461 331 2537 termino
357 2465 472 2539 tanuen
498 2464 542 2540 ad
569 2462 831 2555 confirmandam
858 2485 972 2540 eorum
1000 2463 1199 2541 electionem
1226 2463 1275 2540 ele
1303 2463 1338 2539 in
1365 2464 1499 2539 Slauno
1517 2463 1678 2559 per'Ful·

119 2605 237 2658 eonem
264 2583 554 2682 archiepiscopum
586 2583 813 2663 Onesnensem
851 2585 1012 2682 praefixo,
1050 2585 1237 2682 Theophilo
1264 2587 1305 2664 de
1330 2583 1541 2680 Ouenasaan
1568 2583 1678 2658 archi-

120 2705 261 2782 diacono
297 2704 483 2784 Onesnensi
520 2709 555 2784 et
588 2707 747 2785 canonico
779 2707 1011 2800 Posnaniensi,
1041 2711 1076 2784 et
1102 2709 1253 2786 Iohanne
1280 2707 1513 2785 archidiacono
1549 2708 1676 2782 Posna-

119 2827 245 2920 niensi,
274 2828 431 2906 electioni
459 2853 550 2923 suae,
589 2831 747 2925 quoniam
774 2830 879 2926 spreti
906 2832 941 2908 et
969 2855 1035 2906 nou
1062 2830 1172 2907 uocati
1200 2832 1326 2925 essent,
1354 2853 1390 2908 sc
1417 2829 1676 2926 opponentibus,

119 2949 333 3026 confirmatio
352 2951 427 3047 ipsa
445 2951 511 3027 luit
529 2953 613 3030 tunc
630 2952 838 3060 intermissa.
867 2953 970 3048 Opino
985 2953 1013 3048 a)
1040 2955 1154 3030 tamen
1182 2955 1285 3030 abbas
1311 2954 1352 3028 de
1379 2951 1561 3046 nonaum)
1586 2949 1678 3048 Apo·

120 3071 264 3149 stolicae
300 3073 396 3150 Sedis
431 3075 542 3151 altera
577 3074 648 3151 uice
683 3074 720 3150 in
755 3075 895 3150 Polonia
931 3075 1092 3170 Nuntius,
1130 3077 1242 3173 partes
1278 3074 1479 3152 dissidentes
1509 3073 1552 3150 ad
1579 3095 1615 3150 se
1642 3073 1678 3150 iu

119 3194 382 3273 wratislaviam
409 3219 560 3290 evocans,
589 3219 706 3294 pacem
732 3197 767 3272 et
794 3197 1002 3274 concordiem
1029 3198 1119 3274 inter
1146 3199 1225 3276 illos
1252 3197 1439 3295 composuit
1478 3197 1514 3273 et
1540 3197 1678 3273 Petmm

120 3318 286 3394 domnum
322 3319 604 3413 Posnaniensem,
642 3319 738 3396 ouius
774 3319 971 3396 electionem
1008 3321 1111 3397 etiam
1143 3320 1327 3398 adremarii
1354 3318 1519 3417 praelati,
1556 3321 1679 3415 agente

120 3439 269 3536 Opinone
296 3440 490 3538 ApostoIico
516 3443 658 3534 Nuntio,
696 3444 932 3538 probauerant,
965 3443 1108 3519 Fulconi
1136 3443 1387 3541 archiepiscopo
1413 3439 1678 3518 confirmandum

121 3564 156 3638 et
181 3565 445 3641 consecrandum
472 3565 674 3642 transmisit
721 3564 785 3660 Oui
812 3564 1066 3642 confirmatione
1093 3565 1146 3641 illi
1175 3565 1337 3663 impensa,
1374 3563 1478 3640 etiam
1505 3562 1679 3659 ipsomet

121 3685 240 3762 litum
268 3689 432 3764 Polonum
470 3689 610 3764 fratrem
648 3687 774 3764 ordinis
802 3688 1073 3765 Praedicatomm
1111 3711 1170 3786 pro
1207 3687 1389 3766 Lithuanis
1421 3686 1456 3760 in
1483 3685 1676 3783 episcopum

121 3809 345 3903 nominatum,
374 3812 462 3907 apud
489 3810 607 3888 uillam
635 3811 834 3909 sosanna
861 3814 1044 3888 consecret.

205 4177 322 4252 latua
349 4177 459 4252 dlctm
486 4179 593 4254 burla
620 4180 806 4254 Plocaonrla
833 4180 1005 4274 episcopm
1033 4181 1178 4272 noritur,
1205 4179 1258 4254 cu
1284 4179 1426 4256 lndrom
1452 4181 1594 4274 dapolok

820 4303 975 4378 succedit.

225 4539 487 4617 Posnaniensem
514 4539 706 4639 episcopum
734 4543 939 4639 Bogufalum
972 4546 1107 4620 secutus
1134 4547 1256 4621 Petrus
1282 4546 1474 4622 Plocnensis
1500 4546 1675 4645 episcopus

120 4661 228 4738 morte
254 4663 466 4759 absumptus
503 4663 674 4740 Andrean
711 4665 940 4761 praepositum
976 4668 1190 4744 Ploccensem
1222 4667 1367 4765 anolek
1402 4669 1675 4766 cognominatum

119 4783 242 4859 habuit
268 4805 502 4879 successorem,
531 4809 606 4862 cum
633 4787 733 4862 aunis
759 4787 909 4882 quinque
937 4788 972 4863 in
1000 4789 1201 4884 pontificatu
1229 4790 1384 4867 sedisset.
1408 4791 1589 4868 Praelatus
1614 4815 1674 4867 au·

118 4907 189 4982 tem
216 4905 372 4984 Andreas
407 4931 530 5004 genere
564 4909 689 4984 nobilis
724 4913 799 4986 erat
830 4911 994 4986 dedomo
1029 4913 1226 5006 Taurorum,
1255 4937 1276 4990 a
1301 4913 1452 4990 Fuloone
1486 4911 1674 4990 Onesnensi

227 5221 252 5302 ¹)
276 5225 359 5286 cuins
381 5240 472 5300 opera
494 5225 601 5288 chorus
629 5225 700 5288 dod.
724 5227 816 5288 Reor.
857 5224 998 5305 Ononns
1022 5234 1052 5288 et
1073 5229 1285 5304 pulcherrimus
1313 5227 1384 5290 God.
1408 5230 1501 5292 Beer.
1540 5227 1568 5310 3)
1584 5235 1672 5292 stem·

119 5335 196 5390 mate
230 5325 303 5390 Ood.
335 5329 431 5390 Roer.
469 5325 496 5411 ⁴)
517 5337 638 5392 erectus·
665 5339 719 5394 est.
753 5328 825 5393 coa.
846 5333 949 5394 Roar.
984 5328 1016 5410 ὁ)·
1034 5333 1198 5394 Gnesnensi
1227 5335 1450 5410 archiepiscopo
1483 5333 1553 5398 coe.
1580 5337 1672 5397 Reor.

122 5427 360 5511 ⁸)Knszaezask
393 5433 466 5494 Ood.
488 5435 580 5496 Rosa.
620 5435 740 5496 Knsaak
769 5435 829 5495 Ed.
853 5436 941 5512 Ia'pu
981 5433 1138 5513 ¹¹)Opiszo
1172 5436 1243 5498 θυι).
1266 5436 1341 5500 Aul.
1379 5439 1470 5515 Opino
1501 5441 1561 5501 Ed.
1583 5440 1672 5518 napa.

121 5533 310 5618 ⁸)Meszano
336 5537 408 5602 Ood.
432 5537 505 5602 Aut.
535 5539 674 5602 Messene
696 5541 756 5602 Ed.
779 5540 866 5618 Idps.
904 5537 932 5620 ο)
954 5541 1076 5602 Kozlou
1101 5541 1172 5606 Ocd.
1195 5543 1287 5606 Roer.
