4162 6288
403 524 476 596 358
1004 531 1115 600 arnna
1142 550 1334 602 suasimus.
1679 531 1742 626 (Α.
1762 533 1808 609 D.
1830 535 1950 630 1250.)
1988 607 1991 612 ,

401 731 475 804 tum
502 731 629 825 Papam
649 730 683 824 ¹),
721 732 870 805 Ducibus
906 733 1071 826 praefatis
1107 735 1205 810 illurn
1241 737 1522 831 promoventibus,
1559 741 1786 833 confirmatus,
1824 743 1949 819 nobilis

401 871 522 945 genero
549 853 590 927 do
616 853 712 928 domo
738 854 964 932 Bolestarum.

453 1221 623 1292 boleslaus
650 1221 860 1294 dalisriensis
886 1223 956 1294 nex
982 1223 1077 1295 italae
1103 1224 1200 1315 llogis
1226 1225 1406 1314 hungariae
1433 1227 1534 1298 liliam
1562 1228 1682 1319 accipit
1700 1229 1732 1300 iu
1750 1247 1895 1302 uxoren.

504 1462 682 1536 Boleslaus
721 1462 928 1538 Gnosnonsis
954 1466 990 1538 ot
1016 1464 1228 1539 Galiasiansis
1263 1467 1341 1538 Dux
1377 1469 1412 1540 et
1449 1469 1555 1541 frater
1590 1468 1784 1542 Praemislai
1822 1471 1945 1544 Poena-

402 1582 539 1672 nionsis,
568 1584 670 1657 Belae
696 1585 896 1678 Hungariae
921 1585 1037 1678 Regis,
1066 1586 1184 1659 fratris
1211 1586 1363 1680 germani
1391 1589 1508 1662 beatae
1534 1588 1723 1680 Elisabeth,
1752 1589 1861 1663 filiam
1888 1613 1945 1664 no·

402 1703 491 1777 mine
527 1704 713 1796 Iolenlam,
751 1727 838 1795 quae
874 1727 894 1778 a
929 1706 1065 1781 Polonis
1100 1708 1232 1781 Helena
1266 1710 1534 1802 nuncupabatur,
1572 1709 1772 1784 conciliante
1808 1711 1946 1804 nuptias

401 1825 591 1899 huiusmodi
619 1826 710 1900 Dnoe
737 1826 944 1901 Gracorionsi
972 1829 1008 1900 et
1034 1827 1295 1902 Sandomiriensi
1323 1829 1477 1904 Boleslao
1504 1829 1639 1921 Pudieo,
1676 1831 1770 1906 ducit
1795 1853 1944 1906 uxorem.

401 1947 447 2020 Et
483 1946 668 2021 solennitas
702 1945 897 2042 nuptiarum
935 1949 1125 2023 huiusmodi
1161 1949 1336 2024 Oraooriae
1352 1951 1378 2044 ²)
1418 1952 1586 2044 (praelata
1621 1952 1709 2026 enim
1745 1953 1879 2028 Iolonta
1912 1953 1945 2027 in

401 2067 494 2143 curia
528 2066 689 2142 Ducissae
715 2069 861 2164 Kingae,
900 2071 1062 2145 consortis
1089 2071 1192 2146 Ducis
1218 2071 1365 2146 Boleslei
1393 2071 1521 2163 Pudici,
1559 2073 1680 2148 sororis
1708 2095 1788 2148 suae
1814 2097 1946 2168 germa-

401 2211 475 2278 nae,
504 2211 547 2262 ex
573 2188 752 2283 Hungaria
778 2190 935 2264 traducta
960 2191 1093 2265 nutrita
1119 2195 1207 2286 erat)
1236 2193 1390 2286 cicuribus
1417 2193 1533 2268 diebus
1560 2195 1623 2266 suh
1649 2195 1841 2288 praesentia
1860 2194 1945 2268 mul·

402 2313 513 2384 tarum
540 2309 726 2405 insignium
754 2331 969 2406 personarum
997 2315 1073 2387 acta
1099 2315 1164 2388 ost.

471 2677 670 2752 drithelmus
697 2678 911 2752 teneremur
939 2679 1008 2752 ilex
1035 2679 1210 2790 casilinum
1245 2681 1284 2752 de
1312 2680 1405 2752 entur
1432 2699 1623 2754 successore
1650 2699 1769 2770 magro
1796 2682 1882 2753 iuter

996 2803 1155 2874 nicatoras
1183 2801 1356 2874 dissensio.

506 3041 732 3114 Romanorum
760 3041 835 3114 Rex
862 3039 1077 3116 Goilholmus
1109 3041 1195 3114 alias
1222 3039 1397 3116 Wilhinus
1423 3041 1538 3115 Ooruos
1565 3040 1779 3132 Hollandiac‚
1810 3041 1845 3114 in
1874 3041 1948 3114 Fri-

402 3183 499 3236 soues
517 3161 744 3236 detrectantes
763 3162 939 3256 imperinm
959 3161 1207 3256 expeditionem
1234 3184 1348 3256 agens,
1378 3163 1420 3235 ah
1438 3161 1562 3236 eisdem
1583 3162 1791 3253 Frisonibns,
1819 3162 1948 3237 subiec-

402 3283 527 3357 tionem
554 3285 590 3356 et
617 3281 782 3376 imperata
809 3284 957 3357 facturos
983 3305 1019 3356 se
1046 3282 1296 3376 pollicentibus,
1325 3282 1498 3358 occiditur.
1530 3284 1618 3356 Dum
1645 3286 1758 3357 autern
1785 3284 1949 3358 electores

404 3425 461 3497 pro
489 3401 630 3477 alteriue
656 3401 819 3478 electione
846 3403 1090 3494 conuenissent,
1119 3403 1302 3478 discordem
1330 3405 1543 3478 celebrarunt
1569 3403 1778 3478 electionem.
1806 3404 1886 3478 Una
1903 3403 1949 3476 si·

403 3524 537 3615 quidem
565 3545 643 3617 pars
669 3523 776 3618 elegit
801 3523 1013 3616 hlphonsum
1041 3525 1169 3619 Regem
1202 3525 1381 3616 Gastellae,
1419 3525 1528 3599 altera
1554 3524 1759 3600 Richardum
1787 3524 1950 3599 (tomitem

403 3644 586 3720 Gornubiae
612 3647 647 3718 et
673 3645 813 3720 fratrem
840 3645 946 3738 Regis
972 3643 1137 3739 Angliae,
1174 3646 1230 3739 qui
1259 3669 1333 3720 cnm
1361 3648 1452 3720 esset
1477 3644 1675 3735 ditissimus,
1713 3647 1756 3719 ab
1782 3644 1948 3739 archiepi-

403 3789 501 3860 scopo
527 3765 716 3840 coloniensi
745 3788 805 3840 suo
832 3767 974 3840 electore
1001 3769 1189 3858 coronatus,
1227 3768 1385 3861 Regnum
1412 3766 1589 3840 Almaniae
1617 3788 1676 3860 pro
1703 3787 1827 3860 magna
1854 3770 1952 3859 parte

403 3886 562 3962 obtinuit.
608 3887 751 3960 Duravit
778 3888 890 3961 autem
917 3887 1070 3981 quaestio
1106 3887 1207 3962 huius
1232 3887 1426 3962 schismatis
1453 3886 1572 3960 multis
1599 3886 1709 3978 annis,
1746 3908 1808 3961 nec
1833 3886 1950 3961 termi-

404 4011 485 4082 nata
512 4007 590 4096 fuit,
620 4005 687 4080 nisi
714 4008 886 4080 amborum
914 4009 1020 4082 rnorte
1048 4010 1182 4082 secuta:
1220 4031 1280 4101 pro
1313 4029 1379 4100 qua
1394 4005 1423 4101 ³]
1449 4006 1585 4080 infinita
1619 4006 1762 4101 pecunia
1788 4008 1829 4080 ab
1856 4008 1948 4082 utro·

404 4151 469 4220 que
496 4149 646 4222 expensa
672 4135 734 4217 est,
772 4127 831 4201 sed
859 4127 1037 4222 praecipue
1068 4151 1088 4202 a
1114 4129 1208 4222 Rege
1233 4126 1419 4221 hlphonso,
1457 4126 1528 4234 uiro
1555 4127 1702 4201 animoso
1729 4130 1764 4202 et
1789 4127 1948 4202 honorem

405 4248 558 4323 omnibus
585 4249 807 4342 praeferente,
837 4247 894 4340 qni
921 4249 1079 4342 Regnum
1107 4271 1205 4322 suum
1232 4249 1410 4338 Gastallae,
1439 4247 1579 4322 discidio
1606 4247 1797 4322 huiusmodi
1824 4249 1949 4322 duran·

405 4375 450 4462 te,
480 4369 598 4444 multis
625 4368 795 4443 thesauris
831 4367 1076 4443 exinaniverat.
1118 4369 1225 4444 Ambo
1252 4371 1366 4443 antem
1392 4369 1430 4442 hi
1457 4369 1497 4443 de
1523 4367 1663 4462 imperio
1698 4369 1948 4459 contendentes,

405 4492 462 4566 sed
489 4494 524 4565 et
550 4489 766 4565 Guilhelmns
792 4490 908 4565 Oomes
934 4490 1150 4580 Hollandiac‚
1174 4513 1234 4585 pro
1253 4489 1419 4566 brevitate
1438 4489 1600 4584 temporis
1628 4511 1693 4580 qno
1711 4492 1947 4582 regnaverunt,

405 4611 492 4684 nihil
518 4613 663 4706 egerunt
689 4611 847 4686 memoria
872 4611 1011 4706 dignum
1039 4613 1073 4686 et
1100 4635 1213 4687 omnes
1240 4613 1419 4686 caruerunt
1446 4609 1613 4705 imperiali
1637 4609 1879 4684 benedictione.

515 4885 537 4965 ¹)
559 4887 668 4963 Papam
698 4889 776 4950 deest
804 4889 841 4950 in
873 4887 943 4952 oea.
973 4887 1045 4950 Ant.
1085 4886 1111 4967 ῃ)
1135 4888 1293 4950 cracoviae
1322 4887 1424 4948 habita
1456 4885 1526 4948 ooo.
1557 4887 1649 4948 Roer.
1689 4883 1718 4964 ³)
1746 4903 1802 4960 pro
1833 4903 1891 4962 qua
1917 4901 1947 4946 re

410 4989 481 5053 doc.
503 4993 595 5054 Roer.
