4162 6288
156 555 227 654 (Α.
247 557 295 632 Ι).
315 553 439 658 1257.)
767 580 879 633 meua
906 581 1100 634 susumus.
1631 565 1705 638 363

159 764 305 857 ,noxiu,
334 767 370 840 et
395 766 593 860 plerumque
619 764 793 841 desideriis
818 765 997 840 contrariis
1024 788 1224 861 urgeamur:
1257 769 1419 860 quomodo
1445 769 1570 844 Ducem
1597 770 1709 864 ipsum

159 888 348 977 ,unquam
383 886 592 962 laborantem
619 886 762 978 frenesi,
800 885 925 981 impiae
951 887 1181 978 relinquemus
1217 889 1404 964 uoluntatis
1431 890 1594 966 arbitriot
1626 890 1709 984 quin

158 1007 262 1102 ,ipsi
290 1009 587 1099 quantumcunque
613 1006 731 1099 inrito,
760 1030 875 1082 amara
901 1007 1024 1084 salutis
1050 1010 1170 1102 pocula
1189 1009 1427 1104 propinemust
1453 1013 1493 1086 ut
1521 1011 1623 1086 idad
1650 1034 1707 1087 cu·

158 1150 257 1216 „ram
283 1149 386 1202 sanus
412 1126 520 1203 luisse
554 1131 744 1222 cognoscat,
784 1129 872 1220 quod
908 1127 1062 1204 inlirmus
1097 1153 1165 1204 non
1196 1131 1331 1225 poterat
1356 1131 1574 1225 praesentire.
1620 1133 1708 1206 Sane

160 1250 366 1343 ,postquam
393 1247 482 1324 idem
509 1249 701 1326 obstinatus
736 1249 950 1344 spiritualem
985 1249 1186 1326 medicinam
1221 1251 1363 1345 respuit,
1400 1254 1579 1346 postquam
1614 1253 1708 1328 Petri

159 1368 338 1464 ,gladium
365 1371 467 1464 prout
489 1367 646 1445 conuenit
666 1369 701 1463 ¹),
729 1393 797 1444 non
823 1370 992 1444 attendit:
1029 1369 1111 1463 quid
1146 1374 1311 1464 superest,
1348 1370 1415 1446 nisi
1441 1375 1481 1446 ut
1507 1373 1709 1447 extrahatur

159 1488 372 1578 ,materialis
397 1489 534 1584 gladius
569 1492 687 1565 contra
723 1489 859 1584 ipsunt
902 1491 949 1564 Et
975 1490 1018 1564 ad
1045 1491 1133 1582 quod
1160 1489 1227 1567 leri
1253 1491 1472 1567 medicamine
1498 1491 1710 1582 voluntarius

159 1609 298 1698 „induci
323 1633 392 1686 uon
417 1609 541 1704 potuit,
569 1632 695 1705 poenae
722 1611 844 1685 sallem
870 1610 1049 1687 formidine
1076 1611 1294 1704 pertrahatur
1320 1611 1461 1686 inritas.
1493 1613 1545 1686 En
1573 1613 1708 1687 habita·

158 1734 274 1820 ,tores
300 1729 461 1806 Poloniae
487 1729 578 1804 filios
605 1729 769 1825 speciales
795 1731 1027 1824 relinquemus
1054 1731 1225 1826 expositos
1251 1732 1305 1806 illi
1333 1731 1531 1824 discrimini,
1561 1733 1648 1825 quod
1666 1755 1710 1808 ex

158 1854 257 1941 ,tam
283 1851 478 1926 detestabili
505 1851 595 1926 facto
630 1851 779 1946 ipsorum
811 1851 965 1928 imminet
991 1851 1146 1947 regionit
1190 1853 1275 1928 Erat
1302 1852 1392 1926 euim
1420 1852 1456 1926 in
1483 1856 1554 1927 tem
1581 1852 1708 1928 enormi

159 1992 325 2061 ,excessa
360 1970 528 2066 patientia
563 1974 680 2046 nostre
715 1974 824 2062 tenta,
861 1974 901 2048 ut
926 1975 962 2047 et
988 1971 1197 2067 negligentis
1232 1994 1352 2047 nornen
1380 1976 1542 2064 assumat,
1571 1975 1606 2048 et
1631 1995 1709 2050 rere

159 2091 348 2188 ,patientis
375 2114 496 2168 nomen
522 2093 654 2187 perdet.
681 2093 728 2166 Et
745 2093 880 2187 quidem
907 2095 1213 2186 quantumcumque
1240 2095 1281 2168 ob
1308 2093 1569 2187 generositatem
1600 2093 1709 2189 ipsius

159 2216 219 2304 ,et
246 2235 381 2288 suorum
408 2213 661 2308 progenitorum
689 2214 811 2289 merita
837 2214 1001 2290 hactenus
1038 2213 1276 2289 detulissemus
1302 2213 1421 2305 eidem,
1451 2213 1485 2288 id
1511 2217 1626 2289 tamen
1654 2215 1707 2288 ul-

159 2331 291 2422 ,terius
310 2355 377 2407 non
395 2331 527 2426 patitur
554 2332 717 2427 praedicti
743 2331 895 2408 oriminis
917 2331 1128 2427 magnitudo.
1155 2331 1303 2407 Accusat
1328 2331 1418 2407 enim
1445 2331 1557 2426 ipsum
1583 2353 1707 2424 carcer,

159 2456 334 2548 ,arguam
360 2437 482 2544 uincla,
519 2475 559 2528 ac
584 2455 700 2528 eontra
726 2452 838 2548 ipsum
877 2455 984 2528 Deum
1011 2456 1046 2528 et
1072 2453 1224 2528 homines
1259 2455 1417 2548 provocat
1443 2454 1486 2529 ad
1515 2453 1707 2528 vindictam.

159 2574 358 2663 ,Caeterum
385 2595 475 2649 more
502 2573 550 2668 pii
577 2567 704 2669 patris,
742 2573 801 2666 qui
827 2573 1030 2650 sententiam
1064 2574 1132 2648 cito
1167 2573 1333 2649 conuertit
1358 2573 1394 2648 in
1420 2573 1565 2666 renium,
1594 2575 1629 2648 et
1654 2597 1708 2651 re·

100 2683 104 2689 ’
161 2694 255 2785 ,dire
282 2693 378 2788 capit
403 2693 513 2768 filium
540 2717 607 2770 non
634 2694 754 2789 perire,
782 2695 893 2769 adhuc
918 2693 1066 2789 experiri
1092 2694 1255 2784 volentes,
1284 2694 1314 2768 si
1342 2694 1382 2769 de
1401 2694 1603 2789 fragmentis
1630 2717 1708 2770 con·

160 2813 347 2906 ,scientiae
382 2836 474 2906 suae,
513 2835 600 2908 quae
635 2815 729 2890 relat
764 2816 888 2910 lagena
923 2814 1022 2909 figuli
1050 2815 1103 2890 est
1129 2813 1251 2909 grandi
1287 2813 1489 2889 contritione
1524 2815 1706 2906 confractu,

161 2937 302 3030 ,aliqua
327 2937 418 3012 testa
444 2935 668 3030 permanserit
694 2936 880 3012 devotionis
907 2935 1049 3030 igniculi
1072 2934 1251 3027 retentiva,
1279 2933 1535 3010 uniuersitatem
1561 2937 1708 3011 rostram

161 3078 354 3153 ,rogamus
382 3079 554 3134 monemus
582 3059 617 3132 et
643 3057 818 3133 hortamur
845 3057 989 3148 attente,
1018 3055 1054 3131 in
1081 3055 1208 3133 uirtute
1235 3055 1445 3132 obedientiae
1460 3055 1486 3150 2)
1519 3055 1612 3133 robis
1638 3056 1707 3131 dis-

161 3177 285 3269 ‚tricte
312 3177 548 3274 praecipiendo
574 3179 781 3269 mandamus,
818 3181 986 3272 quatemo
1012 3177 1204 3273 praelatum
1229 3177 1356 3253 Ducem
1382 3199 1482 3272 super
1509 3177 1708 3254 liberatione

161 3299 293 3395 ,ipsius
320 3297 468 3394 episcopi
495 3301 530 3372 et
557 3298 711 3392 aliorum,
748 3321 810 3375 nec
836 3323 903 3375 nou
929 3301 965 3375 et
990 3321 1092 3394 super
1127 3297 1322 3394 praemissis
1348 3299 1503 3375 omnibus
1529 3297 1707 3389 moneatis,

161 3441 244 3510 „seu
271 3419 399 3496 moneri
424 3419 560 3496 faciatis
587 3419 771 3497 efficaciter
797 3423 832 3496 et
858 3419 984 3496 induci.
1021 3420 1146 3515 Quodsi
1174 3419 1312 3494 monitis
1334 3419 1457 3496 restris
1484 3420 1587 3514 (quod
1604 3419 1708 3514 absit)

161 3541 404 3638 ,pertinaciter
430 3562 527 3616 aures
554 3542 761 3618 obturaverit
787 3542 896 3618 cordis
923 3541 988 3634 sui,
1016 3544 1142 3617 extunc
1168 3540 1296 3637 singuli
1323 3542 1473 3616 restrum
1500 3540 1536 3614 in
1563 3540 1634 3616 suis
1660 3540 1707 3616 oi-

160 3663 349 3754 ,uitatibus
383 3664 419 3738 et
454 3661 659 3754 diocesibus,
696 3685 756 3758 pro
791 3661 989 3738 liberatione
1033 3661 1182 3738 eiusdem
1217 3660 1384 3756 episcopi,
1425 3663 1542 3736 contra
1581 3662 1708 3737 Ducem

161 3785 307 3880 ,ipsum
336 3784 436 3860 iuxta
462 3785 577 3860 datam
602 3783 697 3858 robis
722 3807 744 3859 a
769 3785 839 3860 Deo
865 3781 1092 3879 prudentiam,
1120 3805 1180 3877 per
1206 3804 1242 3858 se
1268 3783 1323 3858 rel
1349 3780 1435 3856 alios
1461 3781 1553 3856 viros
1584 3782 1709 3857 adhoc

162 3906 319 3996 ,idoneos
358 3904 559 4000 praedicetis
584 3905 731 3981 Verbum
759 3904 885 3980 Grucis.
930 3905 1000 3980 Nos
1027 3903 1116 3979 enim
1152 3902 1307 3978 omnibus
1341 3925 1418 3978 rere
1445 3901 1706 3997 poenitentibus,

164 4025 343 4115 ,contritis
369 4027 405 4100 et
431 4024 612 4116 confessis,
650 4025 708 4119 qui
744 4027 787 4100 ad
814 4025 1098 4121 praedicationem
1133 4026 1281 4099 vestram
1315 4045 1389 4098 eam
1424 4022 1646 4116 susceperint,
1673 4025 1710 4098 et

162 4146 221 4237 ,in
247 4145 393 4242 propriis
419 4145 572 4241 personis
598 4146 832 4222 liberationem
859 4145 1050 4221 huiusmodi
1078 4144 1206 4221 luerint
1232 4143 1411 4239 prosecuti,
1449 4144 1546 4218 illam
1574 4165 1709 4218 suorum

162 4265 414 4362 „peccaminum
440 4265 573 4342 reniam
600 4268 795 4363 elargimur,
832 4267 981 4359 quaein
1008 4267 1130 4342 Terrae
1156 4266 1300 4341 Sanctae
1336 4263 1522 4339 subsidium
1550 4286 1707 4358 persona-

162 4387 264 4477 ,liter
290 4385 524 4464 accedentibus
551 4386 586 4461 in
614 4388 766 4483 generali
801 4388 949 4463 Concilio
976 4390 1029 4463 est
1055 4406 1222 4462 concessa.
1267 4385 1401 4459 Debent
1437 4383 1526 4459 enim
1554 4385 1597 4458 ad
1623 4384 1708 4458 libe·

162 4506 349 4598 ,rationem
375 4507 566 4583 huiusmodi
602 4508 718 4584 fideles
752 4508 878 4584 (lhristi
910 4532 978 4584 non
1004 4506 1146 4599 remissi,
1184 4506 1242 4582 sed
1269 4505 1438 4580 ferventes
1464 4507 1500 4580 et
1525 4503 1709 4580 uoluntarii

162 4628 336 4723 ,reperiri,
364 4628 445 4722 quia
471 4651 532 4724 per
558 4629 785 4706 donationem
811 4628 931 4724 ipsius,
959 4629 1014 4703 illi
1040 4627 1155 4724 grauis
1182 4626 1352 4722 irrogatur
1370 4625 1507 4717 iniuria,
1535 4625 1632 4700 cuius
1658 4626 1708 4700 le-

162 4749 322 4844 ,gatione
349 4749 516 4845 fungitur,
545 4750 665 4842 etqui
692 4750 728 4824 in
756 4750 826 4825 suis
852 4749 1019 4824 ministris
1045 4747 1202 4825 honorari
1228 4769 1264 4822 se
1291 4746 1424 4838 asserit,
1452 4747 1555 4839 atque
1581 4746 1706 4841 sperni.

161 4871 310 4959 ,Datum
336 4871 497 4947 Laterani
512 4869 552 4965 ³),
584 4871 697 4948 Tertio
724 4871 888 4946 calendas
902 4869 1044 4965 Aprilis,
1074 4868 1297 4945 Pontificatus
1323 4867 1431 4943 nostri
1457 4865 1556 4942 Anno
1582 4866 1707 4954 Tertia

161 4989 281 5080 ,Anno
316 5012 393 5067 rero
428 4990 630 5067 Natiuitatis
664 4991 799 5068 Domini
833 4990 1014 5067 llillesimo
1049 4988 1283 5065 Ducentesimo
1320 4986 1598 5084 quinquagesimo
1631 5008 1706 5082 sep·

162 5111 269 5203 ‚timo
284 5109 345 5206 ‘b‘

268 5389 292 5469 ¹)
316 5391 450 5466 congruit
475 5386 548 5452 Ded.
569 5391 664 5454 Reor.
704 5388 873 5470 Desertae
904 5390 1090 5453 obedientiae
1124 5385 1195 5450 Ded.
1217 5387 1311 5450 Reae.
1352 5382 1379 5467 ³)
1402 5387 1432 5448 in
1454 5385 1601 5450 Laterano
1637 5380 1708 5447 Ded.

159 5495 253 5560 Roar.
292 5490 319 5574 ⁴)
342 5501 427 5560 sexto
453 5493 524 5562 eod.
546 5495 618 5567 Aut.
