4140 6298
391 569 467 644 312
994 589 1108 644 amna
1134 587 1329 644 susumus.
1663 564 1732 664 (Α.
1752 563 1799 642 0.
1818 561 1942 664 1247.)

390 901 518 976 barain
542 902 616 974 bus
641 900 892 976 Kurabllasmn
920 904 1066 975 castrum
1093 900 1240 976 sardos
1258 903 1433 994 oppugnat,
1459 917 1562 994 seso
1588 899 1685 975 laelle
1711 901 1861 994 repulsas
1879 905 1943 996 sst;

391 1028 536 1100 castren
562 1025 674 1098 tanen
700 1021 902 1118 praedictum
928 1023 1124 1097 leaenisleo
1151 1024 1230 1097 buci
1258 1023 1435 1098 lineanenai
1462 1041 1518 1116 per
1534 1024 1719 1098 boleslaum
1744 1024 1863 1099 liusena
1889 1026 1943 1099 aa·

975 1145 1180 1239 salasensem
1209 1145 1358 1220 donatur.

495 1387 631 1464 Baruin
657 1387 834 1466 Slavorum
861 1410 921 1465 seu
938 1388 1201 1464 Kasnubitavnm
1222 1389 1246 1484 ¹)
1272 1389 1352 1463 Dux
1378 1388 1526 1463 castrum
1558 1387 1724 1481 Santholv,
1753 1388 1842 1483 quod
1860 1390 1942 1463 tnnc
1987 1487 1989 1492 Ι

392 1533 414 1588 a
439 1511 596 1588 Boleslao
621 1509 843 1607 lagnicnensi
870 1511 973 1585 dalvo
999 1511 1091 1586 Duce
1117 1513 1307 1600 mirabatur,
1337 1510 1560 1605 praetendens
1578 1511 1631 1584 sni
1649 1510 1734 1584 iuris
1760 1533 1844 1602 esse,
1873 1511 1942 1585 col-

392 1635 481 1710 lecto
508 1632 658 1708 exercitu
685 1633 816 1708 obsidet
841 1635 876 1708 et
903 1633 1118 1709 vehementer
1145 1633 1332 1728 oppugnat.
1361 1632 1582 1707 Successisset
1609 1655 1740 1726 quoque
1767 1633 1865 1708 illius
1883 1655 1943 1708 ex·

225 1845 232 1856 ,
392 1755 558 1851 pugnatio
584 1757 724 1851 propter
750 1754 957 1850 paucitatem
984 1755 1235 1830 defendentium
1263 1757 1298 1829 et
1324 1754 1525 1828 victualium
1551 1754 1730 1846 defectum,
1759 1753 1824 1829 nisi
1843 1756 1943 1830 Prus-

392 1877 534 1952 mislaus
561 1876 767 1952 Guesnensis
793 1879 829 1953 et
854 1876 1093 1952 Poenaniensis
1120 1878 1209 1968 Dux,
1238 1876 1295 1969 qui
1314 1876 1465 1951 Boleslai
1481 1876 1509 1971 ²)
1535 1875 1772 1972 Iregnicnensis
1799 1897 1944 1952 sororem

392 2021 589 2094 germanam
615 2000 762 2074 habebat
788 2021 848 2094 pro
875 2001 1039 2090 consorte,
1076 1999 1222 2074 festinus
1250 2021 1325 2074 cum
1352 1997 1513 2093 gentibus
1548 1998 1758 2094 accurrisset,
1786 1997 1943 2073 tulisset·

392 2144 458 2214 que
484 2121 720 2198 laberantibus
746 2123 781 2198 et
807 2121 875 2196 iarn
903 2121 940 2196 in
967 2121 1171 2198 deditionem
1200 2121 1302 2196 castri
1330 2121 1499 2216 proclivis,
1528 2143 1637 2216 opem.
1669 2120 1882 2197 acceleravit
1909 2123 1945 2194 et

392 2245 570 2320 Balesium
586 2242 615 2340 ³)
641 2243 881 2340 chnioaensis
909 2245 987 2318 Dux
1002 2243 1042 2339 ⁴),
1080 2244 1175 2318 cuius
1209 2247 1356 2318 amdam
1384 2247 1470 2334 erat,
1507 2243 1687 2320 adventare
1723 2265 1798 2319 cum
1825 2243 1942 2338 copiis

391 2369 428 2443 et
454 2361 594 2443 Buruin'
616 2369 694 2441 Dux
721 2351 987 2442 Kasaubitarum
1019 2366 1196 2458 utriusque
1232 2366 1360 2441 veritus
1396 2367 1596 2461 potentiam,
1634 2365 1805 2442 obsidione
1831 2366 1946 2441 soluta

391 2488 558 2580 discessit,
587 2511 649 2565 nec
675 2489 833 2584 apposuit
860 2488 1008 2584 amplius
1034 2487 1153 2563 redire.
1183 2488 1359 2563 Boleslaus
1385 2489 1500 2564 autem
1518 2487 1758 2583 Legniczeusis
1772 2487 1812 2581 ὅ),
1841 2485 1945 2562 Ducis

393 2611 590 2688 Praemislai
626 2610 866 2687 Posnaniensis
903 2613 938 2685 et
967 2609 1175 2686 Gnesnensis
1209 2611 1443 2686 commendata
1477 2609 1543 2686 lide
1569 2613 1604 2686 et
1631 2611 1811 2705 probitate,
1840 2607 1944 2684 etiam

393 2733 460 2809 sibi
485 2734 635 2810 castrum
662 2734 816 2810 Santhok
844 2735 1010 2830 perpetua
1036 2733 1219 2829 largitione
1246 2733 1395 2826 donavit,
1425 2733 1478 2809 vol
1506 2732 1619 2829 potius
1645 2731 1804 2808 reddidit.
1920 2733 1923 2740 '

445 3101 618 3177 boleslaus
645 3101 854 3177 velleriensis
880 3100 952 3176 dux
978 3101 1213 3176 nonasterium
1240 3099 1404 3175 laudense
1431 3119 1487 3194 per
1509 3101 1705 3175 lteaimirmn
1732 3099 1893 3193 (lupariae

873 3227 992 3298 bacen
1018 3223 1265 3298 iaeastdlstuas
1290 3227 1468 3316 recuperat.

498 3469 575 3545 Non
600 3467 685 3543 tulit
712 3469 747 3544 et
773 3467 952 3543 Boleslaus
979 3465 1193 3542 Oalissiensis
1219 3467 1309 3559 Ilum,
1338 3465 1445 3542 irater
1476 3466 1684 3558 Praemislai
1722 3465 1881 3542 iniuriam
1908 3467 1943 3542 et

392 3589 614 3686 ignominiam
641 3611 721 3666 suae
748 3589 861 3682 sortis,
890 3611 991 3680 quarn
1019 3588 1073 3662 illi
1100 3587 1295 3662 Kauimirus
1316 3587 1534 3684 Gupaviensis
1552 3591 1587 3664 et
1605 3587 1835 3664 Lanciciensia
1852 3590 1943 3680 Dux,

393 3712 487 3788 lilius
513 3711 660 3788 Ouaradi
686 3711 856 3788 blasoviae
881 3710 994 3803 Dacis,
1029 3710 1269 3786 monasterium
1297 3711 1474 3786 Lanuense
1500 3711 1543 3786 ad
1570 3711 1696 3786 flumen
1723 3709 1871 3788 Wartha
1896 3711 1945 3785 si·

392 3837 467 3909 tum
494 3833 749 3926 incastellanda,
788 3834 1009 3928 occupaverat
1023 3831 1064 3927 ⁶),
1101 3833 1158 3908 sed
1186 3855 1260 3908 curn
1289 3831 1415 3907 militia
1440 3855 1503 3908 sua
1529 3832 1617 3907 illud
1643 3855 1836 3928 aggressus,
1866 3855 1944 3908 con·

393 3955 511 4051 quirit,
539 3956 771 4054 praesidioque
799 3955 888 4049 quod
914 3952 1109 4029 Kanimirus
1136 3954 1342 4050 imposuerat
1368 3954 1522 4050 depulso,
1547 3955 1583 4030 et
1609 3953 1712 4030 vallis
1729 3955 1944 4047 fossatisque,

392 4077 474 4174 et⁷)
501 4078 666 4156 universis
692 4075 959 4174 propugnaculis
985 4074 1136 4153 disiectis
1162 4079 1199 4152 et
1225 4075 1406 4169 demolitis,
1443 4076 1554 4152 locum
1581 4075 1753 4152 monachis
1779 4075 1945 4152 restituit.

751 4426 755 4437 ’
861 4442 1027 4518 dmredua
1054 4442 1217 4518 desesiae
1242 4442 1314 4518 bus
1341 4443 1487 4518 moritur.

404 4747 410 4758 .
440 4731 443 4737 -
498 4687 633 4763 Matura
659 4687 771 4763 aetate
798 4687 833 4762 et
860 4685 1021 4762 continua
1053 4683 1324 4780 frequentatione
1359 4686 1527 4761 bellorum
1562 4684 1737 4761 Oumadus
1761 4682 1943 4776 Masoviae,

393 4808 622 4904 tamniensis,
652 4808 883 4887 Lanciciensis
909 4810 944 4884 et
971 4807 1173 4884 Siradiensis
1200 4808 1279 4882 Dux
1305 4808 1477 4882 conlectus
1504 4807 1579 4900 (qui
1605 4806 1643 4882 in
1669 4807 1760 4882 omni
1786 4806 1859 4882 vitu
1884 4827 1946 4880 sua

393 4931 437 5007 ad
462 4931 730 5023 consequendam
756 4929 915 5006 Poloniae
941 4928 1168 5004 Monarchiam
1195 4927 1405 5024 aspiraverat
1440 4929 1476 5002 et
1512 4930 1553 5004 ob
1585 4927 1621 5003 id
1647 4927 1764 5024 nepoti
1791 4949 1852 5003 suo
1878 4928 1944 5002 Bo·

304 5123 314 5140 ,
392 5053 498 5130 leslao
516 5053 641 5130 Pudice
671 5051 758 5130 Duci
777 5051 987 5130 cracoviensi
1014 5050 1144 5128 iniusta
1170 5051 1263 5126 bella
1289 5051 1455 5145 moverat)
1482 5050 1625 5126 moritur
1651 5053 1687 5128 et
1713 5049 1750 5125 in
1771 5049 1943 5126 Ploeaensi

411 5323 415 5328 *
500 5345 525 5429 ¹)
548 5349 769 5412 Oasaubiturum
782 5348 844 5410 Ed.
866 5347 956 5424 Lapa.
995 5345 1022 5426 2)
1044 5347 1174 5408 Boleslai
1194 5347 1286 5409 Ducis
1310 5347 1370 5411 Ed.
1392 5349 1480 5424 aspa.
1519 5344 1547 5427 ³)
1568 5347 1723 5411 Boleslaus
1747 5345 1854 5409 Calvus
1874 5341 1945 5410 soa.

392 5453 485 5518 soor.
524 5451 642 5533 ⁴)Dux
671 5455 750 5518 deest
778 5455 814 5516 ta
848 5452 918 5516 Ood.
949 5450 1022 5515 Aret.
1062 5447 1089 5534 ⁵)
1110 5453 1178 5512 Dux
1206 5451 1398 5528 Lognicensia
1427 5453 1489 5515 Ed.
1519 5453 1608 5531 laps.
1647 5450 1840 5533 ⁸)intulerat
1873 5451 1943 5514 Ood.

392 5557 485 5624 aaa.
524 5554 609 5638 'lac
635 5557 707 5621 Ood.
730 5559 821 5621 Roas.
