4208 6282
530 1588 840 1761 LIBER
888 1587 1291 1758 SEXTUS.

595 2111 800 2233 ANNUS
820 2115 1056 2233 DOMINI
1090 2116 1219 2231 1174.

198 2370 401 2462 {sacrrlsm
427 2367 577 2443 roloniae
602 2369 771 2442 lunatam
798 2369 906 2442 elatus
932 2368 1085 2461 potentio,
1111 2369 1149 2444 dt
1175 2369 1430 2444 soelmtlsstnue
1454 2369 1611 2463 lrlncepr.

139 2597 471 2796 Monarchalem
497 2714 615 2790 sellam
636 2715 659 2810 ¹)
685 2715 889 2810 llpeorslaus
923 2713 1058 2792 Maioris
1093 2714 1249 2792 Poloniue
1280 2717 1315 2792 et
1340 2715 1554 2792 Pomersniae
1579 2717 1668 2807 Dux,

133 2861 179 2916 ax
201 2838 305 2914 obitu
330 2835 477 2912 Boleslai
512 2835 620 2932 (lrispi
656 2838 817 2914 electione
848 2841 882 2914 et
908 2858 1068 2914 consensu
1103 2836 1284 2914 uniuersali
1319 2839 1472 2934 adeptus,
1508 2839 1629 2934 spebus
1643 2839 1670 2935 ²)

136 2961 352 3052 Polonorum,
380 2960 513 3034 beatam
539 2961 574 3034 et
599 2958 819 3052 tranquillam
847 2960 951 3036 uitam
977 2962 1038 3034 sub
1069 2957 1172 3055 sua³l
1198 2959 1422 3056 praesidentia
1448 2962 1483 3036 et
1508 2959 1671 3057 regimine

136 3105 171 3158 ee
198 3083 325 3160 ducere
339 3079 366 3178 ⁴)
393 3079 623 3178 gloriantium,
651 3105 717 3158 non
743 3082 925 3180 respondit,
958 3083 1015 3160 sed
1041 3105 1118 3158 mox
1145 3081 1198 3159 sui
1224 3081 1398 3181 regiminis
1423 3081 1590 3179 primitiae
1615 3085 1670 3179 ty·

133 3205 278 3282 renuide
307 3205 342 3281 st
368 3203 580 3302 oppressione
615 3203 773 3284 foedauit
818 3204 879 3302 tlui
908 3204 972 3282 etsi
998 3206 1039 3281 ob
1064 3203 1247 3304 singulare,
1283 3227 1460 3300 tuumque
1484 3203 1672 3306 sapientiae

133 3327 309 3425 specimen
335 3328 377 3403 ab
403 3326 502 3402 annis
528 3326 770 3403 adolescentiae
796 3327 831 3402 in
858 3327 936 3424 00⁶)
961 3329 1123 3420 relucens,
1153 3327 1249 3404 Senis
1275 3348 1456 3425 cognomen
1474 3328 1584 3403 fuerat
1601 3349 1670 3403 sor·

132 3450 231 3550 titus,
261 3472 320 3527 res
345 3451 458 3526 tamen
484 3450 658 3542 secundae,
695 3449 816 3544 quibus
842 3449 878 3528 in
905 3450 1047 3529 sublime
1081 3452 1176 3527 actus
1201 3451 1324 3543 fuerat,
1361 3453 1506 3528 mentem
1531 3473 1626 3530 suam
1652 3471 1673 3526 a
1752 3477 1757 3492 “

69 3631 74 3642 .
132 3571 222 3652 iusto
241 3574 280 3650 et
300 3574 390 3650 reato
414 3570 595 3650 creduntur
619 3571 791 3649 avertisse.
819 3573 903 3648 Erat
918 3571 1082 3672 siquidem
1106 3573 1314 3670 Mycoaslaus
1332 3573 1503 3672 praefatam
1517 3573 1555 3652 ct
1572 3569 1671 3664 quin·

71 3681 72 3686 *
132 3719 198 3788 oue
223 3695 389 3786 filiorum,
426 3693 582 3774 uidelicet
616 3693 759 3786 Ottonis,
797 3694 969 3792 Stephani,
1005 3695 1163 3788 Boleslai,
1199 3696 1374 3790 Myccuslai
1410 3698 1446 3772 et
1478 3691 1671 3786 Wladislai,

132 3840 281 3909 quorum
311 3816 435 3914 primos
461 3817 542 3894 duos
569 3839 611 3892 ex
637 3817 710 3894 filia
735 3818 840 3917 Regis
874 3817 1081 3918 Hungariae,
1118 3817 1263 3914 reliquos
1299 3821 1368 3894 tres
1400 3839 1444 3892 ex
1479 3815 1673 3894 consobrina

128 3938 305 4024 ‚Friderici
331 3939 547 4038 Imperatoris
572 3943 774 4036 susceperat,
803 3943 838 4016 et
863 3939 1083 4038 plurimarum
1109 3939 1255 4016 filiarum
1282 3939 1447 4037 coniugio,
1476 3961 1673 4040 magnarum

131 4062 276 4158 insuper
306 4083 405 4158 opum
431 4061 605 4139 affluentia
640 4063 749 4138 clarus
776 4065 810 4140 et
837 4062 992 4160 insignis.
1037 4063 1119 4140 dum
1150 4061 1303 4138 finitimis
1337 4062 1427 4140 enim
1461 4061 1673 4160 Principibus
1809 4101 1814 4110 -

131 4181 372 4278 affinitates&
398 4183 551 4278 iungens,
586 4184 758 4262 Sobieslso
784 4186 1005 4262 Boheuuorum
1031 4184 1115 4272 Duci
1142 4207 1253 4276 unam,
1284 4181 1450 4260 saxoniae
1476 4183 1560 4262 Duoi
1586 4184 1672 4258 alte·

129 4329 215 4400 ram,
246 4304 423 4388 Friderico
456 4305 695 4402 Lothoringiae
710 4306 738 4404 ⁷)
765 4307 849 4384 Duci
875 4307 1023 4398 tertiam,
1061 4307 1229 4404 Boguslao
1264 4305 1453 4384 Maritimae
1480 4323 1562 4384 'orae
1588 4305 1672 4384 Daoi

130 4433 166 4511 et
192 4428 271 4503 filio
300 4427 373 4504 eius
398 4425 566 4524 Boguslao
593 4433 746 4522 quamam
773 4432 808 4505 et
834 4430 986 4522 quintam
1012 4429 1101 4504 filias
1127 4431 1302 4506 locaverat.
1331 4427 1553 4506 Halicuiensis
1579 4427 1673 4504 insu·

128 4573 190 4646 per
218 4548 395 4646 Principis
420 4549 491 4630 filio
519 4550 633 4630 Ottoni
649 4551 688 4648 ⁸),
723 4552 878 4630 Boleslao
913 4551 1014 4628 Ducis
1050 4551 1263 4630 Pomeraniae
1298 4553 1333 4630 et
1359 4550 1546 4628 Wledislao
1571 4550 1674 4628 Ducts

131 4672 271 4770 Regiae
309 4671 398 4748 filias
431 4671 467 4746 in
502 4677 670 4752 consortes
703 4677 915 4772 susceperat,
953 4697 1027 4750 cum
1061 4674 1186 4750 residui
1221 4674 1285 4749 duo
1321 4673 1385 4752 filii
1419 4673 1612 4770 Stephanus
1638 4677 1673 4750 et

127 4794 349 4890 llpcccslaue
374 4793 518 4870 caelibes
545 4795 775 4874 decessissent.
804 4797 869 4874 His
888 4800 922 4874 et
938 4797 1091 4898 pluribus
1115 4796 1194 4872 aliis
1218 4797 1373 4874 fortuma
1399 4795 1495 4872 donis
1521 4797 1671 4888 onustus,

128 4916 287 4994 omnium
316 4915 507 4991 mortalium
534 4917 748 4993 felicissimus
782 4919 984 5008 habetatum
1020 4941 1134 4994 rerum
1161 4917 1336 5014 utriusque
1361 4917 1450 5010 boni,
1487 4919 1597 4995 rectae
1622 4917 1673 4994 ui·

129 5039 258 5116 delicet
288 5036 415 5112 mentis
441 5040 477 5115 et
502 5039 656 5115 fortunee
682 5039 897 5136 largitionem
923 5041 1130 5137 Myeouslans
1156 5039 1284 5114 diutins
1301 5063 1366 5115 non
1384 5039 1477 5131 tulit,
1507 5040 1564 5115 sed
1581 5038 1676 5114 donis

243 5229 272 5310 ¹)
295 5231 488 5293 lerarchiae
510 5233 609 5294 sedern
635 5232 705 5294 Ood.
727 5233 820 5294 Reae.
849 5233 1038 5294 Monarehate
1061 5233 1164 5294 solium
1186 5232 1245 5293 Ed.
1267 5231 1358 5298 Dotr.
1397 5229 1426 5310 ²)
1448 5231 1576 5306 opinioni
1602 5227 1672 5292 (lod.

128 5339 225 5398 Rotr.
268 5331 401 5410 ³)illius
429 5335 498 5398 Ood.
521 5337 612 5398 Roer.
651 5333 679 5414 ¹¹)
701 5337 838 5398 ducturos
862 5339 921 5398 Ea
944 5337 1035 5400 Dobr.
1072 5333 1098 5415 ⁵)
1119 5337 1150 5396 in
1172 5354 1207 5396 ac
1229 5337 1306 5398 daed
1327 5337 1362 5396 tn
1389 5334 1458 5397 eoa.
1481 5333 1553 5396 Aoo.
1589 5331 1700 5416 'lcul-⁸

129 5441 280 5501 cusum
305 5437 366 5500 uo.
387 5440 480 5502 nour.
521 5437 773 5522 promanante
789 5441 856 5508 aa.
877 5443 965 5524 copo.
1003 5439 1135 5525 prauo
1151 5441 1270 5522 insuper
1285 5440 1353 5514 aaa,
1377 5439 1476 5506 occu
1499 5437 1673 5507 amaena

130 5547 225 5608 Ducis
256 5541 334 5608 oou.
358 5545 449 5608 Itoer.
