4246 6274
419 607 441 698 2
1031 628 1142 682 urens
1168 627 1338 693 Qururus.
1690 603 1946 703 (Α.[).1140.)
1979 540 1980 550 Ν

417 817 612 910 diversaque
639 815 840 907 iubentibus,
878 815 958 891 oriri
993 815 1111 912 coepit,
1149 819 1184 892 et
1210 815 1382 911 Principes
1417 815 1560 908 quatuor
1587 815 1649 890 filii
1676 816 1820 892 Boleslai
1849 817 1947 893 iuxta

416 941 590 1034 paternam
618 938 859 1014 ordinationem
886 938 928 1013 ud
954 939 1103 1014 Ducstus
1129 941 1164 1014 et
1190 940 1297 1013 terres
1323 938 1372 1014 eis
1404 937 1599 1034 designatas
1625 960 1661 1014 sc
1686 938 1820 1014 admitti
1847 938 1944 1035 flagi-

414 1063 546 1154 tarent,
577 1061 616 1136 fit
643 1062 733 1156 apud
767 1059 956 1136 Oracoriam
981 1060 1127 1136 omniurn
1154 1063 1319 1137 terrarum
1346 1061 1514 1157 generalis
1549 1063 1749 1138 conuentus:
1785 1061 1842 1137 ubi
1869 1064 1945 1157 post

414 1183 523 1258 rarius
550 1185 716 1260 tractatus
742 1185 776 1259 et
803 1182 1057 1260 deliberationes
1083 1183 1290 1260 Wladislaus
1321 1183 1565 1280 primogenitus
1592 1186 1627 1258 et
1648 1186 1731 1259 natu
1757 1183 1861 1260 maior
1878 1184 1943 1260 Bo·

414 1305 521 1381 lesluo
547 1306 636 1402 patri
664 1305 699 1380 in
725 1305 916 1381 Monarchic
935 1305 969 1400 ¹),
1006 1304 1153 1380 omnium
1180 1307 1405 1402 praelatorum
1431 1309 1466 1382 et
1492 1307 1653 1382 baronum
1683 1306 1839 1382 Polonice
1865 1329 1942 1383 con·

414 1450 513 1504 sensu
541 1429 698 1520 succedit,
726 1429 959 1522 frequentique
985 1430 1020 1504 et
1046 1429 1189 1504 fratrum
1219 1427 1413 1524 Principum
1445 1431 1480 1505 ot
1505 1429 1729 1524 praelatorum
1757 1429 1858 1523 atque
1884 1431 1943 1505 ba·

412 1574 529 1626 renum
556 1573 693 1627 assensu
719 1553 754 1627 ct
780 1550 987 1627 ordinatione
1023 1551 1222 1643 decernitur,
1259 1553 1298 1626 ut
1324 1551 1412 1627 circe
1438 1551 1662 1628 Wladislaum
1677 1550 1704 1648 ²)
1730 1551 1944 1646 primaevitas

411 1675 447 1750 et
472 1673 691 1769 superioritas
717 1676 887 1750 remaneat
903 1670 941 1768 ³),
971 1673 1043 1768 ipse
1070 1695 1199 1768 quoque
1225 1673 1365 1750 caeteris
1391 1674 1563 1767 fratribus,
1596 1673 1752 1750 uidelicet
1778 1674 1941 1766 Bolesluo,

411 1797 596 1893 Mpecusluo
623 1799 658 1872 et
682 1797 844 1888 Honrico,
873 1797 1068 1892 perentibus
1103 1796 1291 1892 imperitet;
1328 1797 1418 1873 bella
1452 1797 1664 1872 conformiter
1699 1799 1733 1872 et
1768 1819 1811 1872 er
1837 1818 1940 1891 aequo

411 1921 541 2014 gerant,
570 1919 761 1994 assumendi
797 1942 927 2012 quoque
954 1942 993 1994 ea
1019 1919 1107 1994 circa
1133 1919 1358 1995 wladislaum
1385 1920 1567 1996 auotoritas
1593 1919 1764 2011 consistet,
1802 1919 1942 1994 caeteris

324 2026 328 2034 ’
410 2065 476 2116 non
502 2041 666 2116 inferendi
693 2043 750 2117 sed
777 2042 961 2138 repellendi
988 2044 1138 2136 potestas
1174 2041 1348 2137 permissa.
1392 2041 1457 2116 His
1483 2042 1599 2117 taliter
1630 2041 1804 2132 ordinatis,
1832 2040 1941 2116 tribus

409 2163 620 2259 Principibus
648 2163 682 2238 in
710 2185 788 2238 suas
814 2165 938 2238 sortes:
975 2164 1127 2239 Boleslao
1154 2163 1270 2259 (trispo
1297 2163 1332 2238 in
1358 2163 1550 2256 Masuriam,
1582 2165 1766 2260 Myeczsluo
1792 2163 1877 2239 Sene
1905 2163 1940 2237 in

409 2285 622 2377 Posnaniam,
650 2285 795 2362 Henrico
821 2285 928 2382 primo
955 2285 990 2360 in
1017 2286 1270 2376 Sandomiriem
1299 2287 1539 2378 secedentibus,
1568 2286 1775 2363 wladislaus
1801 2287 1880 2360 Dux
1906 2289 1941 2360 et

408 2409 589 2498 Moneroha
615 2409 651 2483 in
677 2407 833 2484 (treooria
866 2407 1004 2483 relictus
1029 2412 1092 2501 est,
1120 2412 1155 2484 et
1181 2408 1263 2483 illuc
1297 2408 1416 2484 stando
1451 2408 1534 2483 ulios
1565 2430 1642 2483 suos
1669 2407 1880 2503 Principutus
1906 2409 1941 2483 ot
2027 2420 2030 2428 '

407 2530 563 2624 dominia,
592 2553 727 2624 remque
753 2529 923 2627 publicam
948 2531 1158 2626 disponebat.
1194 2529 1294 2627 Apud
1320 2531 1419 2606 illum
1445 2553 1576 2624 quoquo
1609 2529 1800 2606 Knrimirus
1826 2529 1938 2606 infans

407 2655 442 2728 et
469 2653 607 2745 quintus
633 2653 712 2727 Dux
738 2653 875 2732 relictus
901 2656 964 2744 ost,
991 2653 1121 2748 sibique
1147 2653 1241 2728 illius
1267 2675 1347 2729 cura
1372 2656 1442 2729 tam
1469 2677 1490 2730 u
1520 2653 1661 2728 caeteris
1688 2652 1850 2728 frutribus
1867 2653 1937 2725 Iiu-

407 2775 511 2868 cibus,
539 2799 639 2870 quum
666 2775 831 2852 uniuersis
845 2777 874 2872 ⁴)
900 2775 1056 2851 Poloniae
1092 2776 1237 2871 satrapis
1272 2779 1307 2851 et
1333 2775 1535 2851 consiliariis
1570 2776 1737 2850 mundata.
1782 2775 1823 2850 In
1849 2774 1939 2850 hunc

408 2898 540 2973 modurn
567 2921 686 2994 corpus
716 2899 873 2975 Poloniae
899 2898 935 2973 in
961 2900 1074 2994 plures
1109 2901 1221 2994 partes
1255 2897 1392 2974 scissum
1409 2897 1446 2993 5),
1484 2897 1748 2974 discordantibus
1783 2907 1938 2992 processu

406 3021 567 3116 temporis
593 3021 751 3114 Ducibus,
787 3020 927 3096 Pulonia
961 3045 1056 3096 arma
1087 3025 1203 3096 contra
1229 3043 1265 3095 se
1291 3021 1399 3116 ipsam
1425 3021 1579 3116 sumpsit,
1615 3020 1814 3114 ferrumque,
1851 3019 1937 3112 quod

407 3143 443 3218 iu
469 3145 582 3220 hostes
607 3166 745 3220 versure
772 3145 855 3236 erat,
885 3144 920 3218 in
947 3143 1080 3239 propria
1105 3143 1233 3220 uiscera
1259 3143 1422 3219 conuertit
1439 3145 1474 3219 et
1492 3141 1674 3217 furentium
1690 3141 1718 3236 6)
1745 3141 1851 3217 instar
1869 3141 1937 3217 iras

406 3266 569 3362 concepit,
605 3267 736 3362 gladios
771 3265 942 3362 corripuit,
980 3289 1097 3362 corpus
1123 3289 1220 3340 suum
1247 3288 1286 3341 ac
1312 3268 1459 3340 membra
1494 3264 1585 3340 ciuili
1611 3266 1699 3340 bello
1726 3263 1935 3340 mutilatum.

355 3385 357 3393 ⁴
406 3389 499 3465 'l'uno
525 3411 654 3483 quoque
680 3389 792 3484 Regni
818 3388 976 3464 Potoniae
1002 3389 1101 3464 decus
1128 3390 1162 3462 et
1187 3389 1360 3480 fortitudo,
1390 3410 1475 3481 quac
1501 3387 1536 3461 in
1564 3388 1710 3482 partium
1736 3386 1937 3462 consistebat

406 3511 615 3606 integritate,
644 3511 867 3608 praecipitata
893 3511 972 3604 fuit,
1000 3513 1118 3607 Regno
1144 3510 1347 3603 quadrifarie
1373 3511 1476 3586 scisso
1502 3513 1537 3585 et
1563 3509 1596 3584 in
1615 3510 1857 3584 monstruosum
1884 3508 1934 3582 di-

406 3633 565 3712 risionem
593 3635 731 3731 partito.

532 4000 688 4076 fundotio
715 4001 903 4078 monasterii
928 4001 1192 4076 tudraeoriouoir
1218 4020 1273 4095 per
1299 4001 1423 4075 nobiles
1450 3999 1594 4076 fumifico
1620 3997 1799 4076 aaronem.

506 4246 588 4322 dum
613 4245 684 4320 illis
714 4245 919 4341 temporibus
953 4243 1180 4320 Oisterciansis
1214 4245 1293 4319 ordo
1329 4243 1463 4319 floridus
1497 4245 1532 4318 et
1567 4243 1705 4318 celebris
1741 4243 1929 4332 haberetur,
2056 4238 2057 4241 '

403 4368 531 4444 nobiles
557 4370 597 4443 de
624 4370 719 4448 dome
745 4368 942 4458 Griffouum,
978 4367 1136 4442 videlicut
1162 4368 1328 4441 Iohannes
1362 4367 1448 4441 alius
1483 4367 1602 4462 Ianplr,
1638 4365 1688 4441 vir
1719 4364 1930 4454 uenerabilis,

403 4491 547 4586 primurn
574 4491 707 4584 quidem
734 4489 1023 4568 Wratisluriensis
1058 4489 1242 4585 episcopus,
1279 4489 1397 4564 deindo
1423 4487 1627 4565 &rusurensis
1653 4485 1930 4582 archiepiscopus,

402 4635 477 4688 cum
503 4636 660 4710 germano
686 4637 745 4689 suo
771 4613 940 4689 Clemente
975 4613 1047 4687 eius
1082 4612 1254 4687 deuotione
1289 4612 1445 4704 attracti,
1481 4611 1517 4685 in
1544 4611 1677 4706 praedio
1707 4632 1766 4684 suo
1793 4610 1931 4684 Bruesu·

402 4735 496 4812 niuno
530 4737 644 4811 uocato
676 4735 711 4810 in
737 4735 947 4811 Orucouiensi
983 4735 1103 4809 diocesi
1137 4735 1375 4809 monasterium
1409 4731 1679 4808 disternicnsium
1714 4731 1860 4826 erigunt,
1892 4733 1932 4806 ¹et

401 4858 560 4952 oppidum
594 4858 858 4934 Andrncoriense
892 4860 926 4932 et
959 4859 1086 4952 septem
1121 4857 1233 4947 rillas,
1269 4857 1424 4932 uidelicet
1459 4855 1683 4946 Brzasnnicua,
1720 4855 1929 4950 Rakoszpnq

401 4981 519 5074 Potolr,
547 4982 757 5077 Lpsnakouo,
777 4983 949 5072 bonomo,
985 4981 1159 5071 Rachouo,
1195 4978 1403 5070 'Pherezaea
1440 4978 1615 5053 Ghoruoua
1628 4976 1668 5072 ⁷),
1701 4999 1760 5071 pro
1785 4977 1931 5050 fratrum

400 5103 644 5180 sustentatione
670 5103 706 5178 in
733 5103 841 5179 dotem
870 5103 922 5176 illi
950 5103 1109 5197 perpetuo
1135 5101 1339 5196 largiuntur.
1367 5102 1421 5178 Ex
1446 5099 1658 5175 Morimundo
1678 5097 1877 5174 monasterio
1894 5097 1930 5171 in

400 5287 809 5306 n--a———ffl--n--n--a

506 5399 530 5480 ¹)
552 5401 739 5464 Monarcham
762 5400 823 5463 Ed.
846 5377 950 5462 Dobr,
978 5395 1004 5478 9)
1028 5407 1116 5475 utque
1145 5400 1224 5460 circa
1253 5415 1318 5460 eum
1344 5397 1415 5459 Ood.
1438 5397 1528 5458 Roar.
1569 5393 1596 5474 ³)
1617 5401 1774 5468 remaneat,
1798 5401 1930 5457 statuunt

405 5506 476 5568 Cod.
499 5508 589 5570 Roas.
627 5503 654 5586 ⁴)
675 5526 694 5569 a
715 5509 840 5569 caeteris
863 5508 921 5570 Ed.
944 5507 1036 5568 Dobr.
1076 5501 1102 5584 ὓ)
1124 5507 1244 5566 scissum
1260 5511 1305 5565 cst
1324 5503 1394 5566 Ood.
1417 5505 1507 5566 Roas.
1545 5499 1572 5582 6)
1593 5501 1715 5564 furentis
1742 5500 1813 5562 eod.
1835 5503 1928 5566 Beer.

402 5607 427 5694 7)
450 5613 606 5675 Chorraua
630 5613 689 5674 Ed.
711 5613 805 5676 Dodo.
