4208 6282
407 529 479 601 138
1033 547 1147 599 urana
1173 545 1326 600 snxrus.
1684 520 1752 621 (Α.
1773 520 1819 642 D.
1839 517 1955 621 abac.)

248 765 258 774 ¹·
403 735 456 810 dis
483 733 602 810 castris
629 734 664 810 et
690 733 829 809 urbibus
856 732 1013 829 deinceps
1040 735 1238 809 navaturus.
1279 732 1345 809 Sed
1371 732 1521 808 fatorum
1546 730 1676 808 invidia
1702 752 1891 828 oppressus,
1919 731 1955 808 et
2069 701 2070 728 ³

402 857 575 954 proprium
602 854 823 951 propositum,
861 857 896 930 et
923 877 1000 951 spes
1027 855 1237 931 subditorum
1269 854 1334 930 iam
1363 856 1405 930 de
1431 856 1540 931 altera
1578 853 1756 930 felicitatis
1783 855 1873 929 sorte
1898 852 1952 927 ni-

403 979 472 1054 rnia
498 977 674 1052 alacritate
701 975 947 1071 plaudentium,
977 1000 1043 1053 non
1070 976 1237 1072 implevit,
1268 1000 1310 1052 ne
1336 976 1520 1052 humanam
1546 974 1748 1052 felicitatem
1773 995 1951 1069 supergre-

402 1101 507 1192 diens,
535 1101 572 1175 et
597 1098 826 1193 triumphator
852 1097 1053 1194 magnificus
1079 1100 1114 1174 et
1141 1097 1349 1174 instaurator
1372 1097 1608 1194 magnanimus
1635 1097 1837 1174 censeretur.
1864 1097 1951 1170 Nam
2069 1099 2070 1106 ’

401 1245 476 1299 cum
495 1221 531 1294 in
550 1219 760 1295 Oraccviensi
787 1221 869 1296 urbe
895 1218 994 1294 iuxta
1012 1219 1341 1296 consuetudinarium
1357 1219 1381 1314 ¹)
1408 1241 1532 1295 morem
1560 1218 1648 1294 diem
1675 1217 1793 1294 Sancti
1819 1216 1950 1292 Floria·

400 1343 437 1418 ni
463 1341 597 1439 patroni
623 1341 689 1416 loci
715 1342 751 1417 et
777 1340 936 1436 regionis,
973 1343 1036 1416 sub
1062 1363 1189 1436 magna
1224 1341 1409 1432 devotione,
1446 1339 1700 1432 festivitateque
1735 1341 1890 1415 solennes
1916 1339 1950 1414 ct

400 1488 435 1540 se
462 1464 584 1560 dignas
610 1462 797 1538 oblationes
823 1465 858 1539 et
884 1462 1012 1538 hostias
1030 1464 1183 1555 offerens,
1212 1462 1393 1559 exegisset,
1421 1484 1650 1558 pauperesque
1676 1461 1803 1536 christi
1821 1461 1857 1535 et
1875 1482 1949 1556 per-
2069 1475 2070 1566 q

400 1609 500 1662 sonas
527 1585 735 1661 miserabiles
761 1584 874 1660 ducali
900 1584 1133 1660 munificentia
1151 1584 1312 1680 pavisset,
1341 1585 1377 1660 in
1400 1584 1617 1678 subsequenti
1643 1583 1761 1659 Sancti
1786 1582 1949 1658 (lethardi
2069 1679 2070 1694 .

400 1709 454 1784 die
482 1707 668 1804 pontifices,
698 1709 840 1783 barones
866 1709 902 1783 et
929 1707 1054 1803 primos
1080 1707 1239 1783 Polcniae
1265 1708 1389 1783 honore
1415 1728 1550 1783 mensae
1577 1705 1722 1801 excepit.
1766 1705 1835 1780 Ubi
1862 1704 1950 1780 inter

399 1831 630 1926 prandendum
657 1832 719 1904 sub
746 1851 871 1925 magna
897 1829 1084 1905 animorum
1112 1829 1288 1906 hilaritate
1314 1851 1433 1905 venere
1460 1828 1497 1904 in
1524 1829 1669 1903 menam
1695 1826 1824 1923 priores
1846 1847 1946 1920 expe·
2069 1905 2070 1932 .

398 1951 554 2043 ditiones,
583 1953 780 2045 laboresque
804 1953 838 2026 et
856 1951 996 2046 priores,
1025 1952 1285 2045 frequentesque
1312 1952 1352 2026 de
1371 1951 1525 2026 hostibus
1553 1952 1615 2025 suh
1641 1948 1808 2024 Karimiri
1835 1947 1947 2042 auspi·
2068 1937 2070 1966 ¹

398 2073 460 2148 ciis
486 2071 586 2148 relati
612 2071 789 2166 triumphi,
813 2095 933 2148 venere
951 2073 1091 2166 evitata,
1119 2074 1343 2168 superataque
1365 2072 1516 2167 pericula
1542 2073 1577 2146 et
1603 2071 1782 2146 subsecuta
1798 2071 1949 2163 tempora
2069 2111 2070 2162 ;

399 2194 540 2270 emerita
567 2195 603 2269 et
628 2193 833 2287 tranquilla,
871 2196 934 2268 sub
970 2193 1092 2286 quibus
1127 2215 1163 2268 se
1189 2197 1225 2270 et
1251 2215 1386 2270 securos
1421 2193 1618 2269 decaetero
1653 2191 1889 2288 gloriabantur
1914 2190 1948 2264 et
2069 2265 2070 2280 ,

398 2318 523 2392 beatos.
552 2314 708 2389 Omnium
735 2317 851 2390 tamen
877 2315 1084 2391 felicitatum
1109 2317 1145 2391 et
1172 2316 1357 2411 gloriarum
1385 2337 1521 2390 suarum
1544 2314 1756 2410 splendorem
1781 2313 1818 2386 in
1844 2310 1946 2386 Kari-
2068 2363 2070 2390 .

397 2438 521 2513 mirum
547 2438 674 2512 Ducem
701 2438 737 2512 et
762 2438 978 2513 Monarcharn
1005 2459 1103 2512 suum
1129 2437 1331 2529 referebant,
1359 2437 1455 2512 cuius
1481 2437 1585 2513 ductu
1610 2437 1646 2512 ct
1672 2433 1834 2531 auspiciis
1860 2455 1946 2508 com·

398 2563 598 2636 memoratas
624 2562 707 2635 tuuc
733 2559 916 2635 felicitates
929 2559 958 2654 2)
985 2559 1077 2635 nacti
1096 2563 1209 2634 essent
1227 2561 1262 2636 et
1280 2560 1371 2635 bella
1397 2558 1486 2634 domi
1513 2558 1661 2651 forisque
1688 2579 1845 2652 prospere
1871 2576 1945 2650 ges·

397 2683 535 2758 sissent.
582 2681 665 2756 (lum
692 2680 808 2772 itaque
834 2680 963 2776 singuli
989 2680 1180 2777 magnificis
1206 2681 1318 2776 epulis
1345 2680 1482 2776 opipare
1508 2679 1658 2771 tractati,
1695 2677 1844 2774 disgredi
1871 2699 1944 2773 pro·
2069 2757 2070 2776 ᾖ

397 2804 556 2900 pecarent
571 2800 610 2898 3),
648 2801 842 2877 Karimirus
867 2803 947 2876 Dux
973 2803 1135 2894 quasdam
1168 2802 1385 2898 pontificibus
1421 2803 1462 2877 de
1497 2803 1591 2877 statu
1625 2802 1661 2877 et
1687 2799 1946 2876 immortalitate
2068 2781 2070 2836 t

396 2927 541 3019 animae,
570 2925 610 3000 dc
636 2926 809 3000 beatorum
836 2924 993 3000 beatifica
1018 2923 1179 3000 fruitione
1206 2924 1419 3017 quaestiones
1436 2945 1635 3019 proponens,
1665 2925 1701 2998 ct
1718 2918 1944 3018 compulosius
2068 3007 2070 3034 ²

397 3071 462 3140 quo
489 3049 624 3143 poterat
649 3048 865 3122 obscurarum
891 3045 1141 3139 latentiumque
1166 3069 1278 3123 rerum
1305 3045 1577 3122 circumstantias
1599 3044 1791 3138 exquirens,
1820 3043 1944 3120 modico
2069 3039 2070 3056 ¹

395 3171 562 3247 exhausto
596 3169 716 3265 poculo
750 3169 934 3244 retrorsum
966 3169 1120 3264 relapsus
1134 3168 1173 3264 ⁴),
1214 3168 1328 3244 subita
1362 3170 1417 3263 (ut
1443 3168 1573 3262 ferunt)
1608 3167 1736 3245 virtute
1770 3168 1944 3262 corruptus

395 3291 528 3384 veneni,
557 3289 690 3365 amissis
716 3289 870 3366 sensibus
896 3289 1042 3365 concidit
1069 3292 1104 3366 et
1131 3293 1192 3366 sub
1220 3289 1336 3385 paucis
1362 3289 1455 3366 horis
1481 3289 1734 3386 ingravescente
1754 3290 1868 3365 morbo
1885 3309 1942 3363 ex·

394 3413 532 3511 piravit.
577 3415 692 3489 llorbo
718 3411 875 3488 nonnulli
911 3412 1101 3488 extinctum
1136 3412 1316 3506 credidere,
1354 3412 1510 3488 nonnulli
1547 3434 1683 3504 veneno,
1721 3411 1810 3505 quod
1845 3410 1942 3484 illia
2069 3499 2070 3534 ἢ

394 3537 540 3630 quadam
566 3558 610 3611 ex
636 3533 794 3612 Graccvia
809 3533 838 3630 6)
865 3535 1018 3628 muliere,
1047 3537 1087 3609 ut
1113 3533 1213 3609 illum
1240 3536 1283 3610 ad
1310 3535 1364 3610 sui
1390 3535 1614 3610 inflammaret
1645 3555 1791 3609 amorem
1817 3532 1853 3608 et
1879 3532 1941 3607 Ve-

393 3681 519 3752 nerem,
547 3659 702 3734 ferebant
728 3656 957 3753 propinatum.
986 3656 1135 3732 Monitus
1162 3657 1326 3750 siquidem
1342 3679 1374 3732 a
1400 3656 1559 3752 pontifice
1585 3655 1797 3732 dracoviensi
1823 3654 1940 3729 Fulco·
2069 3753 2070 3768 ἶ

393 3803 454 3875 no,
492 3780 650 3874 quoniam
685 3779 793 3856 vitare
828 3779 960 3855 facinus
991 3779 1152 3854 adulterii
1178 3803 1245 3855 non
1272 3781 1448 3872 horrebat,
1486 3778 1605 3855 mortis
1640 3777 1771 3854 subitae
1799 3799 1861 3873 per
1885 3799 1939 3852 ve·
2069 3869 2070 3882 .

391 3927 516 3980 nenum
551 3902 694 3978 incurrit
720 3901 901 3979 discrimen
935 3901 1138 3996 improvise.
1173 3902 1228 3975 Ex
1264 3923 1324 3977 suo
1359 3902 1473 3978 autern
1509 3902 1582 3976 tam
1617 3900 1738 3986 subito
1765 3901 1800 3975 et
1835 3898 1941 3994 inopi·
2069 3887 2070 3936 ³

391 4029 473 4102 nato
508 4047 627 4101 occasu
652 4025 753 4100 fletus
779 4023 912 4119 ingens,
953 4025 1076 4098 tuma
1107 4025 1258 4099 consorte
1293 4025 1328 4100 et
1358 4025 1486 4098 duobus
1512 4022 1638 4098 teneris
1664 4022 1748 4096 filiis
1773 4022 1940 4098 Lestlrone

392 4149 427 4223 et
454 4147 619 4238 (leucado,
655 4147 730 4220 tum
756 4167 777 4218 a
803 4143 1019 4239 pontificibus
1047 4147 1083 4220 et
1109 4145 1277 4220 militibus
1306 4145 1342 4218 in
1368 4144 1465 4241 regia
1500 4145 1633 4221 coortus
1667 4144 1772 4220 etiam
1798 4143 1836 4218 in
1862 4145 1940 4218 urbe
2069 4129 2070 4144 Ν

391 4267 644 4344 exaudiebatur.
672 4267 779 4340 Illum
796 4266 923 4341 Ducem
941 4265 1127 4361 egregium,
1155 4267 1255 4341 illum
1281 4265 1441 4342 victorem
1464 4265 1660 4361 propitium,
1689 4265 1790 4339 illum
1816 4263 1940 4339 iustum

392 4389 546 4481 iudicem,
575 4388 675 4461 illurn
701 4409 854 4462 severum
881 4387 992 4478 malis,
1022 4388 1222 4482 placabilem
1249 4386 1356 4478 bonis,
1385 4387 1683 4464 exterminatorem
1710 4385 1940 4482 gravaminum

391 4512 427 4586 et
453 4509 663 4601 abusionum,
691 4509 837 4583 satorem
850 4507 878 4602 6)
905 4507 1110 4602 optimarum
1132 4510 1267 4604 legum,
1296 4508 1555 4584 instauratorem
1587 4508 1731 4602 denique
1757 4510 1793 4584 et
1819 4530 1937 4604 paren·

390 4634 460 4708 tem
475 4631 504 4726 ⁷)
532 4631 673 4726 patriae,
710 4631 826 4705 crebra
860 4629 1127 4724 ingeminatione
1154 4632 1189 4704 et
1216 4631 1423 4724 comploratu
1450 4631 1682 4726 appellabant.
1730 4630 1858 4722 Quarto
1885 4630 1937 4705 de·

390 4775 483 4828 mum
510 4753 574 4842 die,
603 4751 808 4847 comparatis
835 4752 870 4826 et
897 4751 1108 4847 praeparatis
1122 4750 1289 4844 omnibus,
1318 4741 1403 4843 quae
1430 4753 1474 4827 ad
1499 4752 1650 4828 funarius
1677 4753 1750 4827 tam
1777 4751 1936 4826 illustris·

388 4873 468 4950 simi
494 4872 664 4970 Principis
691 4871 880 4948 necessaria
905 4872 977 4948 visa
1004 4873 1096 4965 sunt,
1124 4872 1161 4946 in
1187 4872 1398 4950 cracoviensi
1424 4873 1565 4950 ecclesia
1591 4875 1723 4969 regales
1750 4873 1806 4948 illi
1832 4872 1937 4948 maxi·
2069 4959 2070 4970 .

388 5019 443 5072 mo
470 4998 608 5092 sumptu
643 4996 679 5072 et
709 4995 877 5090 apparatu
913 4993 1074 5088 exequiae
1110 4994 1245 5070 habitae
1280 4997 1372 5088 sunt,
1409 5016 1594 5090 corpusque
1620 4995 1657 5070 in
1683 4995 1873 5092 sepulchro,
1903 4994 1934 5068 in

495 5293 520 5374 ¹)
543 5301 714 5356 consuetum
743 5296 804 5358 Ed.
826 5293 921 5356 Βοῦν.
960 5290 1120 5372 ²)tcntum
1150 5289 1301 5356 felicitatis
1335 5292 1405 5356 Ood.
1427 5292 1520 5356 Roas.
1559 5290 1589 5365 ³)
1612 5293 1766 5355 discedere
1795 5293 1932 5370 parabant

388 5394 451 5462 Ed.
473 5399 568 5461 Βοῦν.
607 5396 636 5480 ⁴)
661 5402 777 5475 elapsus
809 5401 870 5462 Ed.
893 5399 987 5460 Dobr.
1027 5394 1053 5475 ὗ)
1076 5399 1200 5472 quadam
1230 5399 1418 5462 cracoviensi
1448 5398 1508 5460 Ed.
1531 5398 1624 5460 Βοῦν.
1663 5395 1690 5476 ⁶)
1713 5400 1837 5461 latorem
1866 5395 1930 5458 θοοῦ.
2069 5475 2070 5484 ¹

387 5505 479 5567 Βοῦν.
521 5501 683 5584 ⁷)patrem
705 5505 765 5569 Ed.
787 5505 882 5568 Βοῦν.
