4162 6288
161 517 228 619 (Α.
247 517 296 598 D.
316 513 442 622 rabo.)
769 539 882 594 omne
908 540 1102 597 susumus.
1634 522 1708 594 399

157 726 240 818 uiae
262 728 353 820 Dux,
381 728 422 803 de
449 725 559 804 castro
578 725 742 827 *Seutholr
768 725 976 804 demoliendo
994 729 1030 806 et
1047 729 1088 804 de
1106 726 1238 804 caetero
1264 749 1331 802 non
1354 724 1607 819 reaedificando,
1635 748 1710 802 oum

156 849 315 930 Ganrodo
340 847 533 925 Marcbioue
558 848 854 944 Brundeburgensi
881 871 1004 945 genero
1031 871 1091 924 suo
1117 871 1205 924 auno
1232 847 1396 944 superiori
1414 848 1549 941 inierat,
1577 851 1711 926 contra-

155 970 297 1048 veuiens
323 971 501 1048 Boleslaus
528 971 611 1046 Pius
636 970 852 1048 dalissiensis
878 972 968 1064 Dux,
997 973 1145 1048 castrum
1172 971 1285 1046 minus
1312 971 1442 1064 ducale,
1475 972 1594 1064 altero,
1622 973 1710 1065 quod

156 1093 310 1168 militum
337 1095 373 1169 et
398 1093 587 1190 agrestium
613 1115 674 1189 pro
701 1094 925 1170 conservando
952 1115 1068 1189 pecore
1094 1093 1253 1188 largioris
1283 1092 1387 1186 spatii
1423 1096 1506 1185 erat,
1543 1094 1709 1189 neglecto,

154 1215 286 1291 habeus
311 1236 426 1292 secum
452 1213 659 1309 equestrium
687 1216 731 1291 ep
748 1214 955 1310 pedestrium
983 1236 1119 1290 suarum
1146 1217 1313 1292 terrarum
1332 1213 1455 1309 copias,
1485 1200 1657 1289 Saxonum
1675 1216 1711 1290 et

154 1335 305 1411 Gunradi
331 1336 645 1432 Brandeburgensis
670 1335 874 1412 Marchionis
900 1335 1065 1411 insultum
1088 1338 1124 1412 et
1142 1335 1423 1430 interruptionem
1449 1335 1589 1428 veritus,
1617 1335 1710 1411 aedi·

154 1458 240 1532 ficat
265 1459 301 1534 ot
327 1457 418 1532 inira
444 1457 545 1532 unius
576 1457 702 1533 mensis
737 1457 886 1552 spatium
913 1458 1043 1532 affatim
1069 1457 1161 1532 omni
1196 1457 1358 1548 exercitu,
1395 1456 1572 1534 materiam
1599 1457 1709 1533 arehi-

152 1579 352 1670 botoribus,
380 1579 440 1670 qui
458 1580 493 1654 et
512 1579 579 1674 ipsi
597 1580 791 1672 frequentes
809 1581 918 1670 erant,
947 1579 1195 1673 praebentibus,
1224 1579 1444 1670 consummat,
1480 1579 1710 1673 praesidioque

154 1699 309 1776 militum
335 1701 446 1776 castro
473 1701 632 1795 imposito
650 1702 686 1776 et
702 1700 919 1792 victualibus,
946 1700 1276 1795 propugnaculisque
1294 1700 1438 1794 proviso,
1466 1700 1619 1776 discedit.
1647 1701 1712 1775 Sed

153 1824 339 1898 abeuntem
374 1822 550 1898 Gunradus
584 1822 899 1918 Brandeburgeusis
934 1822 1083 1896 Marchio
1119 1824 1335 1916 prosecutus,
1372 1823 1521 1897 castrum
1557 1822 1710 1896 Seutholr

153 1942 331 2018 obsidione
356 1942 511 2034 vallavit,
548 1945 583 2018 et
618 1943 661 2017 ad
696 1943 791 2016 illius
826 1943 1113 2038 expugnationem
1140 1965 1266 2036 magna
1295 1942 1340 2034 vi,
1355 1957 1558 2038 ‘magnoque
1593 1943 1710 2017 ardore

152 2063 309 2138 animum
336 2063 528 2155 intendens,
557 2063 639 2140 adeo
666 2063 764 2156 illud,
793 2064 996 2158 glebamque
1022 2063 1095 2140 eius
1122 2063 1259 2140 crudam
1286 2064 1321 2138 et
1347 2064 1514 2139 recentem
1532 2063 1709 2138 tormentis

152 2187 191 2260 et
220 2183 409 2260 lombardis
436 2185 607 2276 contrivit,
645 2184 896 2278 quassavitque,
924 2187 974 2274 ut,
1008 2184 1044 2258 ui
1072 2184 1331 2276 succurreretur,
1369 2183 1578 2279 expugnatio
1605 2187 1708 2260 castri

153 2305 350 2400 propediem
376 2306 450 2382 erat
477 2306 605 2381 futura.
651 2305 827 2382 mnenon
855 2305 971 2396 itaque
997 2305 1176 2381 Boleslaus
1210 2305 1293 2380 Pius
1327 2305 1542 2380 dalissiausis
1568 2305 1647 2380 Dux
1674 2309 1708 2380 et

152 2447 233 2502 cum
259 2426 369 2502 vicino
396 2429 433 2503 et
458 2449 581 2523 genero
618 2427 811 2518 abhorrens,
850 2426 1065 2519 militumque
1100 2448 1247 2521 suorum,
1284 2426 1342 2518 qui
1374 2428 1523 2502 castrum
1549 2427 1707 2502 defende·

152 2549 252 2640 bant,
280 2547 386 2624 saluti
412 2550 449 2624 et
474 2548 627 2624 libertati
646 2539 853 2644 providens,
890 2547 1004 2622 missis
1031 2547 1072 2622 ud
1100 2547 1291 2622 Gunradum
1321 2547 1548 2624 Marchionem
1574 2548 1707 2624 baroni·

151 2672 231 2760 bus,
260 2671 359 2764 pacta
385 2691 421 2744 se
447 2670 590 2764 spondet
617 2671 653 2744 ct
678 2671 928 2765 resumpturum
954 2672 990 2745 et
1016 2671 1238 2744 servaturum.
1267 2671 1312 2743 Et
1339 2669 1492 2745 tluurado
1516 2669 1709 2744 biarchione

152 2791 381 2868 conditionem
400 2793 607 2886 acceptante,
635 2793 783 2866 emirum
810 2792 976 2881 Sautholr,
1002 2791 1143 2866 deducto
1165 2790 1342 2885 praesidio,
1371 2793 1528 2866 mandato
1546 2794 1707 2866 baronum

152 2913 317 2989 Polouiae
344 2915 380 2989 el
405 2913 558 3000 Conrado
584 2912 776 2989 ldarchioue
802 2912 941 3006 eiusque
967 2912 1119 2990 exercitu
1146 2911 1371 3007 inspectante,
1402 2915 1561 2989 exustum
1591 2915 1655 2988 est.

553 3261 731 3344 lucum
757 3261 907 3336 litteral
934 3265 969 3337 ot
993 3261 1144 3336 lrutloni
1170 3264 1314 3338 rmtmt.

260 3501 517 3596 Lithuanorum,
546 3503 794 3578 Prutbenurum
821 3504 857 3579 et
882 3502 1027 3580 aliarum
1054 3504 1270 3578 barbararum
1298 3503 1467 3580 nationem
1485 3503 1654 3582 exercitus
1671 3504 1706 3580 in

154 3647 262 3700 unuru
288 3628 480 3720 congestus,
509 3626 588 3700 duur
615 3625 702 3700 alias
729 3626 929 3700 Polonorum
957 3626 1066 3700 terras
1092 3625 1227 3700 timeret
1254 3625 1436 3722 attingere,
1465 3625 1502 3700 in
1523 3626 1706 3702 Masoviam

151 3748 624 3842 rursasveuit,etpa1tem
660 3770 734 3824 eam
770 3747 948 3839 Masoviae,
985 3769 1071 3840 quoe
1106 3746 1279 3822 invariata
1313 3750 1531 3840 remanserat,
1568 3751 1708 3824 vastant

152 3869 274 3964 spoliis
300 3871 336 3944 et
362 3869 527 3944 incendiis
547 3868 581 3963 ¹),
620 3891 810 3965 magnaque
836 3871 937 3965 capta
963 3870 1098 3964 praeda,
1126 3869 1282 3944 Boleslao
1308 3871 1343 3944 et
1369 3869 1522 3944 Guurado
1557 3870 1706 3944 Ducibus

152 3990 300 4086 exigens
326 3989 530 4066 habentibus
556 3990 655 4082 vires,
694 3993 729 4064 et
755 3991 988 4066 tantummodo
1019 3993 1131 4066 castra
1157 3993 1193 4066 et
1219 3991 1424 4068 munitiones
1450 3990 1539 4066 tueri
1566 3994 1705 4066 couten-

151 4111 214 4202 tis,
241 4111 473 4188 resistentiam
491 4135 558 4187 non
575 4111 791 4204 facientibus,
821 4111 856 4188 iu
882 4114 993 4188 terras
1020 4133 1100 4188 suas
1126 4115 1263 4205 abeunt,
1291 4113 1383 4188 facto
1409 4112 1513 4188 etiarn
1533 4111 1570 4186 in
1588 4113 1704 4188 Ploca-

152 4233 235 4310 lvam
261 4233 405 4310 insultu.

184 4595 369 4676 rrrnrorrn
396 4599 569 4694 opiscopus
595 4596 818 4676 draoovicarir
845 4595 994 4693 moritum
1022 4597 1075 4674 cri
1101 4599 1220 4674 leuior
1247 4598 1423 4676 canonicae
1450 4599 1674 4676 bracariensis

854 4721 1011 4794 succedit.

257 4953 426 5035 Vicesima
452 4959 563 5056 prima
589 4955 797 5054 Septembris
824 4959 950 5036 mensis
977 4959 1030 5036 die
1057 4960 1251 5037 Prandotha
1268 4959 1497 5038 cracoviensis
1516 4959 1702 5057 episcopus,

151 5078 207 5156 vir
233 5078 325 5155 vitae
351 5080 564 5174 venerabilis,
592 5082 628 5156 et
654 5080 917 5156 canonisationis
952 5081 1043 5157 beati
1070 5081 1233 5158 Stanislai
1270 5082 1472 5178 praecipuus
1506 5084 1641 5158 effector
1669 5087 1705 5158 et

150 5202 334 5296 promotor,
362 5202 516 5278 omnibus
542 5202 772 5294 sacramentis,
801 5202 966 5278 audiendo
993 5202 1141 5294 missam,
1172 5205 1380 5298 procuratus,
1409 5203 1567 5300 religiose
1592 5206 1629 5279 et
1645 5203 1703 5314 da·¹

261 5455 286 5538 ¹)
309 5463 469 5540 spoliisque
493 5467 524 5526 et
544 5457 688 5524 incendiis
711 5457 846 5538 affligunt
871 5458 942 5524 eoa.
965 5459 1056 5526 Rocr.
