4172 6278
161 523 230 637 (A.
251 523 299 604 D.
319 525 438 634 maa)
794 548 906 602 urana
933 548 1087 604 sexsus.
1644 531 1718 606 249

166 733 231 829 set,
260 735 297 811 et
322 757 385 812 arx
411 733 488 832 ipsa
513 733 680 832 praesidio
707 733 857 810 militurn
883 733 995 811 ualido
1021 735 1130 832 septa,
1166 734 1225 830 qui
1252 735 1356 813 etiam
1384 738 1420 812 et
1438 737 1462 834 ¹)
1488 737 1600 812 eastre
1626 737 1720 813 Hen-

166 855 229 933 riui
255 878 332 932 oum
358 858 463 933 barba
497 879 558 954 per
584 855 779 954 emptiones
814 856 991 946 eontinuas
1026 858 1218 934 lacessendo
1233 857 1273 954 ²),
1310 859 1488 954 plerosque
1523 858 1653 952 milites
1680 859 1721 934 de

166 978 325 1056 hostibus
360 981 541 1075 oeperunt,
579 979 859 1076 inexpugnabilis
894 979 1076 1074 rideretur,
1113 1003 1200 1056 noua
1234 979 1337 1057 etiam
1369 980 1536 1077 pernicies
1574 980 1721 1058 Henrioo

167 1123 245 1180 enm
272 1103 379 1178 barba
412 1101 575 1179 sesessit:
613 1104 684 1179 tres
714 1123 861 1194 namque
897 1101 1084 1195 maehinae,
1122 1125 1209 1196 quoe
1246 1102 1393 1199 potiores
1428 1104 1651 1195 habebantur,
1679 1127 1723 1179 ex

168 1223 363 1302 uehementi
390 1225 426 1302 et
452 1224 614 1300 eontinue
641 1223 847 1320 proieotione
873 1225 1002 1302 fruetus
1029 1226 1065 1302 et
1092 1223 1250 1302 minutae
1276 1226 1369 1300 sunt.
1409 1227 1464 1300 Ex
1491 1249 1559 1318 qua
1588 1249 1634 1318 re,
1663 1247 1722 1300 ne·

168 1367 235 1440 que
261 1345 353 1423 enirn
380 1346 471 1444 opud
498 1349 651 1424 obsessos
686 1370 729 1423 ex
755 1368 831 1424 aree
858 1347 972 1424 omnia
1002 1345 1241 1443 spectantesb
1267 1347 1387 1444 ignota
1413 1368 1487 1423 esse
1514 1349 1658 1444 poteret,
1688 1350 1723 1424 ot

169 1466 317 1546 obsessis
352 1469 459 1546 orarit
494 1490 598 1546 ausus
613 1471 640 1565 4)
675 1473 711 1548 et
737 1469 969 1546 obsidentibus
984 1469 1012 1565 ⁵)
1039 1469 1242 1566 desperatio.
1287 1470 1411 1564 Itaque
1445 1469 1613 1546 Henrious
1648 1468 1724 1545 oum

168 1591 276 1667 barba
310 1592 390 1666 Dux
416 1593 452 1667 et
478 1591 661 1668 deditionis
697 1593 732 1666 et
767 1591 1034 1688 expugnationis
1069 1613 1129 1688 spe
1160 1591 1296 1684 omissa,
1336 1591 1542 1668 obsidionem
1577 1593 1722 1683 solvens,

169 1711 292 1788 multis
319 1712 452 1788 domnis
478 1713 639 1809 sumptis,
668 1712 705 1787 in
731 1713 879 1790 Slesiam
905 1713 1019 1792 rediit.
1064 1715 1147 1790 Post
1173 1711 1270 1790 ouius
1297 1712 1482 1790 dissessum
1513 1713 1724 1791 Wladislaue

170 1834 308 1910 Ottonis
334 1857 410 1910 oum
436 1835 598 1932 gentibus
624 1837 660 1912 et
687 1835 873 1928 militibus,
910 1836 968 1928 qui
1005 1835 1102 1910 illius
1138 1838 1252 1931 portes
1277 1837 1515 1929 sequebantur,
1553 1836 1664 1912 eastra
1688 1837 1726 1910 et

172 1956 390 2051 munitiones,
419 1979 506 2052 quoe
533 1980 594 2054 per
620 1957 748 2034 milites
774 1957 915 2034 Henrioi
943 1957 979 2033 in
1006 1957 1144 2034 Maioris
1171 1957 1331 2034 Poloniae
1357 1957 1545 2034 Duoatibus
1562 1959 1724 2034 tenebun-

170 2083 240 2173 tur,
270 2079 444 2174 laeessere,
473 2079 676 2177 impugnare
703 2081 739 2155 et
766 2079 968 2172 invasiones,
997 2079 1256 2174 exustionesque
1283 2079 1444 2162 uillarum
1462 2082 1498 2156 et
1515 2079 1725 2176 oppidorum,
1828 2179 1832 2184 Ι

172 2223 259 2296 quae
286 2224 308 2278 a
334 2223 370 2278 se
397 2202 602 2297 detererent,
631 2203 741 2278 faeere
768 2227 835 2278 non
862 2201 976 2279 desiit.
1023 2203 1120 2278 Inter
1146 2224 1232 2296 quae
1259 2203 1408 2304 oestrum
1435 2202 1562 2292 Serene,
1590 2202 1679 2296 quod
1706 2223 1726 2274 a

172 2323 426 2422 Boraiuogiob
452 2324 590 2420 Dipoldi
625 2324 830 2401 Marohionis
865 2323 1034 2402 Morauiae
1069 2324 1141 2401 tilio
1168 2325 1204 2402 et
1230 2325 1371 2402 Hearioi
1397 2348 1441 2401 ex
1467 2347 1578 2401 sorore
1605 2325 1727 2420 nepote

171 2448 354 2524 tenebatur
367 2447 407 2543 τ),
436 2446 606 2543 corruptis
633 2447 809 2543 vigilibus,
853 2449 1018 2524 nocturne
1044 2447 1232 2543 irruptione
1268 2447 1444 2541 invadens,
1481 2446 1573 2543 oepit
1597 2448 1633 2522 et
1659 2447 1725 2521 Bo-

172 2568 369 2667 mirrogium
396 2569 636 2662 llarahionem,
664 2568 983 2666 Sandiuoglurnque
1001 2569 1158 2664 militem,
1187 2569 1329 2646 caeteris
1356 2570 1448 2646 metu
1476 2567 1641 2664 peruulsis
1659 2568 1726 2642 dif-

173 2691 397 2788 fugientibus,
425 2690 491 2767 sibi
518 2691 716 2768 resistentes
744 2691 877 2785 ooeidit,
906 2694 1085 2786 oestroque
1112 2691 1272 2788 spoliato,
1299 2713 1342 2767 ne
1368 2694 1411 2767 ab
1428 2691 1584 2767 hostibus
1603 2690 1727 2766 itemrn

173 2815 357 2907 leuaretur,
400 2812 487 2888 illud
514 2813 666 2890 incendit
692 2815 727 2889 et
753 2815 788 2888 in
817 2813 1051 2891 Pomeraniam
1078 2815 1120 2890 ad
1148 2814 1464 2909 Suentopellonem
1491 2835 1642 2889 sooerum
1670 2834 1727 2887 su·

79 3033 83 3036 v
174 2959 232 3011 am
260 2934 412 3012 divertit.
441 2935 569 3012 Deinde
596 2935 631 3010 in
660 2937 773 3011 eastra
799 2937 909 3011 Nahel
937 2939 973 3012 et
1001 2935 1108 3013 ‘Usone
1123 2936 1161 3031 ⁸),
1190 2958 1277 3030 quae
1296 2935 1332 3009 in
1350 2935 1416 3011 fide
1443 2958 1506 3010 sua
1531 2935 1726 3026 manebant,

173 3079 210 3133 se
236 3056 378 3153 reeepit,
406 3057 634 3135 hostilitatem
663 3060 699 3134 et
724 3057 912 3154 perieulum
941 3057 1080 3151 veritus,
1109 3057 1308 3154 intelligens
1334 3057 1472 3134 Maioris
1490 3055 1651 3133 Poloniae
1670 3057 1727 3131 be·

173 3200 274 3258 runos
300 3182 337 3258 et
350 3179 492 3257 milites
518 3179 554 3256 in
581 3180 647 3258 tide
673 3183 710 3257 et
736 3180 928 3258 obedientia
954 3179 1093 3258 Henrioi
1130 3203 1205 3257 eum
1237 3163 1342 3256 barba
1368 3181 1564 3256 constantes
1590 3181 1626 3256 et
1653 3201 1727 3275 per·

172 3303 370 3380 serenantes
396 3302 479 3380 iore.
893 3367 897 3374 .

279 3424 476 3502 Penultima
511 3423 602 3500 lunii
639 3425 824 3502 eonventus
859 3424 1056 3522 Principum
1092 3424 1251 3502 Poloniee
1286 3426 1377 3521 apud
1414 3424 1564 3501 Deulou
1591 3423 1730 3500 habitus
1853 3453 1854 3456 ν

173 3547 240 3624 est.
268 3547 312 3622 In
339 3569 406 3641 quo
433 3546 714 3642 dominieellae9)
739 3547 879 3624 Henriei
907 3547 1011 3624 Duois
1038 3547 1168 3624 Slesiae
1195 3547 1337 3622 iunioris
1364 3547 1562 3623 cessantia
1583 3549 1619 3622 et
1645 3546 1729 3623 Ger·

173 3669 286 3744 tradis
313 3668 388 3744 illio
414 3669 638 3764 personaliter
660 3670 825 3746 adductae
846 3668 901 3764 ¹⁰),
938 3693 998 3765 per
1023 3669 1223 3746 htiohaolem
1257 3669 1578 3747 Wledisleriensem
1604 3671 1640 3744 ot
1665 3670 1728 3744 Pe-

174 3793 269 3866 trum
297 3791 512 3868 Ploezensem
541 3791 726 3894 episeopus,
754 3790 790 3866 in
817 3791 904 3868 faeie
930 3791 1090 3868 ecelesiae
1126 3790 1311 3867 solenniter
1347 3790 1429 3866 tiliis
1455 3791 1559 3868 Duois
1585 3789 1731 3866 Ounradi

175 3913 359 4006 hlaaoriae,
387 3914 545 3990 Boloelao
574 3903 616 3989 'ot
651 3913 825 3990 Karimiro
861 3914 1042 3990 aotuelitsr
1078 3914 1338 4009 desponsantur.
1384 3913 1590 4008 Nuptiarum
1617 3913 1731 3988 tamen

175 4034 366 4112 solennitas
402 4034 438 4109 in
471 4035 578 4112 alium
601 4035 700 4128 diem,
743 4035 932 4132 uirginibus
969 4035 1003 4110 in
1040 4034 1297 4113 Wrutislariam
1334 4033 1494 4127 redeatis,
1532 4033 1641 4109 dilate
1666 4036 1730 4109 est.

176 4157 332 4233 Secunda
358 4159 472 4234 autem
500 4142 676 4250 oie'lulii,
704 4158 880 4233 Ganradus
906 4159 985 4234 Dux
1011 4157 1180 4233 hlasouiae
1207 4157 1381 4253 praetatus
1422 4155 1506 4232 teuit
1533 4155 1732 4232 diuisionem

176 4279 438 4375 Prinoipatnum
461 4293 595 4356 suorum
625 4279 715 4356 inter
742 4281 825 4355 duos
851 4279 941 4354 filios
973 4280 1164 4374 praelatos:
1192 4280 1429 4354 obsesserunt
1463 4278 1547 4353 Daoi
1576 4278 1732 4354 Boloelao

177 4402 330 4478 Duoatus
355 4400 536 4494 Maeoniae,
573 4401 659 4478 Dnei
687 4424 766 4477 vero
793 4401 966 4477 Kaaimiro
1002 4401 1234 4478 Lanoioiensis
1260 4403 1296 4476 et
1322 4399 1543 4496 dupeviensis
1570 4401 1731 4492 Duoatus,

176 4525 214 4608 ot
240 4525 339 4598 ambo
365 4522 580 4600 iureiurando
606 4523 642 4598 in
670 4523 862 4620 praesentia
888 4522 1187 4601 Wledislaviensis
1218 4525 1253 4598 et
1280 4522 1473 4598 Plooaensis
1501 4521 1733 4618 episeoporum

178 4647 216 4721 et
241 4644 464 4741 plurimorum
499 4647 663 4722 baronum
699 4647 866 4720 terrarum
904 4645 1165 4739 praedictarum,
1203 4643 1432 4740 promiserunt
1466 4667 1503 4720 se
1534 4643 1733 4720 divisionem

177 4765 373 4844 huiusmodi
400 4767 602 4844 servaturos.

287 5065 312 5146 ¹)
335 5065 373 5128 ad
389 5063 448 5127 Ed.
471 5065 567 5128 Dobr.
606 5059 836 5144 &lacessentes
852 5063 912 5128 Ed.
927 5063 1021 5128 Dobr.
1056 5061 1083 5145 8)
1106 5070 1255 5141 spectatos
1275 5060 1345 5129 θοοῦ.
1368 5063 1442 5126 Aut.
1481 5059 1508 5144 ⁴)
1531 5059 1654 5125 audacia
1670 5059 1730 5126 Ed.

177 5171 274 5235 Βοῦν.
307 5167 336 5250 ⁶)
358 5171 561 5232 obsidentibus
576 5187 646 5233 vero
662 5171 722 5231 Ed.
738 5171 833 5232 Βοῦν.
864 5167 892 5248 ⁶)
914 5171 1084 5246 Borzywoio
1108 5171 1167 5231 Ed.
1190 5171 1285 5232 Βοῦν.
1325 5167 1557 5247 ⁷)oommissum
1572 5175 1638 5230 erat
1655 5167 1726 5229 (lod.

178 5278 271 5340 Beer.
312 5273 341 5355 ⁸)
363 5275 454 5336 Utoie
484 5275 544 5336 Ed.
567 5276 662 5336 Βοῦν.
702 5270 729 5352 ⁹)
751 5275 926 5336 Domioillae
957 5275 1016 5336 Ed.
1047 5275 1142 5336 Dobr.
1184 5271 1224 5350 ¹⁰)
1251 5274 1391 5334 advectae
1421 5279 1452 5333 et
1479 5273 1625 5334 adductae
1658 5269 1720 5333 θοοῦ

179 5377 275 5445 Beer.

229 5533 252 5578 ³.
267 5534 360 5587 mergos.
375 5532 460 5576 filatur.
475 5532 553 5574 Polou.
568 5531 594 5574 h.
609 5531 640 5574 11.
1545 5517 1578 5564 82
