4172 6278
154 521 280 625 (ML
298 527 422 626 ⁸22³.)
775 553 888 608 nnana
913 551 1067 609 smnus.
1621 516 1701 608 ‘2'1'5

152 736 200 814 cia
220 739 245 834 ¹)
271 737 350 831 fuit,
378 738 607 835 pulcherrima
624 738 791 816 remeate
813 740 975 834 intexuit,
1004 763 1090 834 quae
1116 740 1276 817 amultis
1293 741 1496 818 Polonorum
1514 741 1704 819 celebratur

152 861 187 936 et
205 859 345 957 legitur,
373 863 409 938 et
427 863 468 937 ob
486 860 662 938 mutatam
677 861 706 957 ²)
732 864 803 937 tam
821 862 1035 955 domesticae,
1063 885 1165 957 quam
1191 863 1390 959 peregrinae
1408 862 1580 956 historiae,
1609 866 1644 940 et
1661 866 1703 940 ob

152 983 358 1079 elegantiam
384 983 589 1079 scriptionis,
617 983 789 1079 grauitate
815 987 991 1060 uerborum
1017 986 1134 1061 lucens
1149 983 1177 1080 3)
1204 1009 1271 1060 non
1288 984 1500 1081 uulgarium;
1529 986 1611 1064 licet
1629 1007 1701 1062 oar·

5 1117 6 1174 3
152 1105 253 1198 patur
279 1127 301 1180 a
326 1104 599 1200 quamplurimis,
629 1106 716 1198 quod
743 1107 902 1182 verbosus
929 1106 1044 1198 fuerit,
1081 1107 1270 1183 alienarum
1297 1106 1514 1182 historiarum
1541 1107 1700 1202 diligens,

5 1239 7 1286 ἑ
151 1225 363 1321 propriarum
388 1225 620 1322 negligentior
645 1227 801 1322 scriptor.
839 1227 906 1302 liic
932 1229 1046 1304 dacem
1077 1229 1285 1323 praebendas
1312 1229 1347 1303 in
1374 1229 1568 1324 Kyelciansi
1594 1231 1701 1304 ecele-

150 1345 202 1420 sia
220 1348 256 1421 et
273 1347 433 1424 bundassa
451 1349 487 1423 et
504 1349 638 1424 neusse
665 1347 839 1439 asseritur,
868 1348 1014 1424 decimas
1041 1369 1173 1442 quoque
1200 1349 1430 1444 manipulares
1448 1349 1547 1424 iuxta
1565 1350 1702 1424 (tachow

150 1467 386 1561 consistentes,
423 1471 466 1543 ab
492 1469 634 1545 ecclesia
660 1469 847 1565 parochiali
874 1470 911 1545 in
937 1471 1103 1566 Brnesaye
1130 1473 1329 1563 abstractas,
1358 1471 1508 1566 capitulo
1535 1472 1569 1546 et
1596 1472 1700 1548 accle-

5 1671 7 1690 ,
149 1587 221 1664 siaa
248 1589 457 1666 [tmoomonSi
484 1613 545 1686 pro
572 1590 866 1668 administratione
892 1613 997 1685 caras,
1025 1591 1096 1667 uini
1123 1594 1159 1668 et
1185 1592 1250 1668 olei
1278 1593 1471 1668 contulisse.

227 1955 426 2031 vladislaus
453 1957 582 2031 weris
608 1957 740 2032 uriom
766 1958 920 2031 lolonlra
945 1959 1017 2031 ltux
1043 1958 1084 2032 ab
1112 1957 1212 2032 axilla
1239 1957 1423 2030 Pannonico
1451 1958 1484 2031 ln
1511 1959 1625 2034 habitu

436 2079 620 2153 monachali
647 2080 732 2153 clara
758 2097 917 2170 teramus,
945 2083 1088 2153 castrum
1114 2081 1236 2155 barcae
1263 2084 1413 2173 occupor.

252 2317 465 2396 Wladislaus
492 2319 628 2395 Ottonis
654 2319 791 2396 blaioris
818 2319 978 2396 Poloniae
1004 2321 1100 2412 Dux,
1138 2341 1213 2395 curn
1241 2319 1340 2395 annis
1365 2320 1437 2395 fere
1462 2343 1580 2398 nouem
1607 2323 1699 2398 metu

146 2438 263 2535 patrui
290 2439 343 2514 sui
369 2440 523 2536 germani
547 2428 732 2528 wladislai
769 2441 886 2538 magui
921 2440 992 2517 aira
1027 2439 1243 2538 hraekonogi
1271 2442 1360 2538 apud
1395 2442 1588 2519 Pannonios
1614 2465 1699 2519 exu-

146 2561 266 2655 lasset,
294 2560 330 2636 in
358 2561 533 2638 Polouiam
568 2562 777 2639 clandestine
804 2565 866 2638 sub
892 2563 1012 2638 habitu
1045 2561 1246 2655 monachali,
1283 2586 1326 2639 no
1352 2563 1490 2660 agnosci
1516 2587 1537 2639 a
1562 2564 1700 2640 Polonis

147 2685 273 2778 posset,
301 2683 497 2776 revomitur,
525 2681 593 2760 icto
619 2684 775 2780 perprius
802 2705 863 2781 per
888 2684 1117 2761 internuntios
1143 2683 1325 2760 affinitatis
1341 2683 1473 2762 foedere
1490 2707 1566 2761 curn
1584 2687 1698 2762 Suan-

145 2805 329 2899 topelkune
355 2804 574 2882 Pomeraniae
601 2807 781 2900 praefecto,
810 2805 898 2900 quod
924 2805 1021 2880 illiue
1049 2827 1193 2882 sororem
1220 2827 1414 2902 germanam
1437 2805 1620 2903 Heliogam
1638 2831 1699 2882 no·

147 2925 239 3002 nine
266 2925 332 3002 sibi
357 2925 654 3003 matrimonialiter
680 2927 843 3004 sociaret:
877 2927 936 3022 qui
963 2926 1028 3002 sibi
1054 2927 1092 3002 in
1117 2949 1211 3022 spem
1237 2928 1371 3022 amplae
1398 2927 1497 3021 dotis,
1526 2928 1698 3024 suffragia,

146 3047 273 3141 quibus
299 3047 475 3144 paternam
501 3036 528 3125 a
547 3051 669 3144 patruo
696 3049 863 3145 repeteret
889 3050 1025 3141 sortem,
1058 3048 1227 3145 obligarat
1252 3071 1288 3125 aa
1306 3037 1477 3124 *laturum
1521 3051 1564 3124 In
1590 3031 1698 3145 primo

145 3168 264 3264 itaque
291 3169 476 3246 wladislai
512 3171 648 3247 ottonis
683 3193 727 3246 ex
762 3171 941 3268 Hungaria
975 3171 1116 3247 reuentu
1131 3169 1170 3266 ⁴),
1205 3170 1419 3247 Wladislaus
1449 3171 1533 3267 ipse,
1569 3171 1699 3248 ferente

145 3289 214 3365 sibi
254 3290 535 3387 Suantopeikone
570 3292 789 3368 Pomeraniae
825 3292 1000 3388 capitaneo
1037 3315 1155 3388 opera,
1192 3312 1332 3368 suasum
1359 3293 1394 3370 et
1420 3292 1559 3389 ingenia
1573 3291 1612 3387 ⁵),
1641 3313 1697 3368 ca·

144 3414 256 3487 atrum
283 3412 434 3508 Uscae‘)
461 3412 531 3489 situ
557 3415 693 3490 atarto
719 3413 953 3508 fortissimum,
983 3414 1071 3507 quod
1097 3413 1162 3489 duo
1189 3413 1295 3507 fluvii,
1323 3412 1482 3490 uidelicet
1498 3414 1648 3489 Nothesn
1662 3416 1698 3490 et

144 3531 293 3628 Gadab
320 3533 487 3628 ambiunt,
515 3534 748 3631 negligentius
774 3559 796 3611 a
821 3535 999 3632 capitaneo
1017 3537 1239 3626 asservatum,
1267 3534 1413 3629 septima
1431 3534 1584 3611 Octobris
1602 3557 1695 3610 men-

143 3651 193 3729 ais
219 3653 275 3731 die
301 3653 437 3752 irrupit,
466 3659 668 3754 occupabat
694 3657 874 3750 conquirit,
912 3659 948 3733 et
973 3656 1103 3751 uicinas
1130 3679 1173 3733 ex
1200 3655 1261 3732 illo
1288 3678 1410 3734 venare
1436 3657 1561 3734 extunc
1587 3656 1697 3752 coepit

143 3795 312 3873 regronaa.
475 3849 478 3859 ,
1002 3865 1006 3872 ,

248 3897 433 3994 Gregorius
459 3899 501 3974 de
526 3899 717 3978 dresoenth
743 3899 932 3976 Oardinalis
951 3902 986 3975 et
1004 3899 1145 3976 Honorii
1172 3901 1283 3995 Papae
1310 3898 1405 3974 tertii
1422 3899 1473 3976 de
1500 3899 1606 3976 latere
1628 3900 1694 3974 Le-

142 4021 257 4116 gatus,
286 4019 381 4096 uenit
407 4020 593 4115 Poloniam,
630 4025 665 4098 at
699 4026 772 4098 tarn
806 4045 827 4096 a
861 4021 1031 4098 Lasthene
1057 4020 1165 4112 Albo,
1202 4040 1303 4112 quam
1340 4021 1443 4097 Irene
1478 4021 1632 4117 episcopo
1659 4024 1696 4097 et

142 4139 312 4216 uniuersis
348 4140 520 4218 ordinibus
545 4141 581 4216 in
608 4144 809 4238 macrior)
836 4165 911 4219 cum
947 4165 1069 4239 magno
1106 4145 1230 4218 honore
1265 4143 1441 4237 susceptus
1467 4145 1539 4218 ost:
1575 4143 1633 4217 ubi
1660 4145 1695 4217 ot

142 4261 300 4359 pluribus
327 4261 445 4339 diebus
471 4263 681 4357 immoratus,
718 4267 754 4340 et
779 4265 941 4358 quosdam
976 4263 1173 4340 clericorum
1208 4261 1347 4339 rescidit
1380 4265 1515 4356 abusus,
1549 4266 1584 4338 et
1610 4287 1693 4338 non-

141 4385 259 4460 nullas
285 4383 393 4460 edidit
418 4407 478 4480 pro
504 4385 587 4460 cleri
613 4385 778 4482 regimine
805 4385 1076 4462 constitutiones.
1118 4385 1189 4460 Sub
1215 4383 1311 4460 cuius
1336 4385 1529 4479 praesentia
1555 4385 1695 4459 Iacobus

142 4505 294 4582 eiusdem
320 4505 511 4585 cardinalis
537 4508 749 4601 secretarius,
786 4506 923 4582 natione
949 4507 1134 4598 Murrus,
1173 4503 1323 4580 ordinem
1359 4505 1631 4581 Praedicatorurn
1657 4491 1694 4579 in

141 4627 346 4703 monasterio
387 4627 531 4704 Sanctae
557 4627 738 4705 trinitatis
773 4627 948 4704 Graeculae
984 4626 1194 4722 assumpsit,
1216 4627 1349 4704 saeculo
1376 4613 1612 4720 renuntiando,
1640 4627 1692 4702 fa·

141 4747 333 4824 miliaribus
359 4747 508 4824 eiusdem
534 4747 724 4826 Oardinalis
750 4749 939 4846 ingressum
967 4771 1065 4824 suum
1092 4749 1236 4824 datust
1263 4747 1436 4823 lachrimis
1463 4731 1692 4843 prosequenti·
1824 4837 1827 4850 ,

140 4872 215 4964 bus,
245 4871 281 4945 et
308 4869 453 4948 ecclesia
488 4869 632 4946 saumae
667 4870 849 4947 Trinitatis
875 4870 912 4944 in
938 4870 993 4948 die
1020 4869 1136 4945 Sancti
1171 4868 1327 4964 Gregorii
1362 4892 1422 4964 per
1456 4869 1593 4946 laenam
1620 4867 1692 4963 epi·

140 5013 279 5088 scopum
304 4992 511 5086 mnsamata,
540 4991 577 5067 in
602 4992 828 5074 coenobialem
856 5014 900 5066 ex
926 4989 1113 5086 parochiali
1139 4981 1363 5086 translata9),

249 5287 275 5369 1)
296 5291 417 5352 Polonis
443 5285 515 5352 (lod.
538 5291 632 5352 Roas.
671 5285 894 5368 'lrarietatarn
927 5287 998 5350 Ood.
1020 5287 1113 5350 Roar.
1152 5284 1180 5365 ³)
1202 5275 1315 5348 referta
1338 5275 1408 5347 dod.
1432 5287 1523 5350 Roar.
1562 5280 1590 5366 4)
1612 5285 1689 5348 redi-

142 5399 175 5456 ta
200 5390 272 5458 coa
295 5396 387 5457 Rorr.
427 5390 454 5472 5)
476 5411 593 5456 suasam
620 5399 651 5454 et
680 5393 803 5454 conshia
836 5391 908 5456 cod.
930 5393 1022 5454 Roar.
1061 5388 1199 5469 abacta
1230 5390 1290 5450 Ed.
1312 5389 1408 5450 Dobr.
1447 5388 1593 5468 ⁷)(ioida
1616 5391 1696 5484 (lod,

140 5498 233 5562 Bm.
255 5499 355 5562 Gnlda
373 5497 444 5560 (lod.
466 5499 533 5561 Lr'a.
565 5495 602 5580 ⁸)
625 5498 776 5562 ordinibus
792 5495 1111 5561 camusnanesre.
1127 5495 1222 5557 Βοῦν.
1256 5489 1287 5574 ⁹)
1308 5499 1421 5558 mnata
1434 5501 1490 5560 cat.
1508 5495 1580 5558 ooo.
1595 5497 1689 5560 Beer.
