4208 6282
397 523 470 598 112
857 602 860 607 ,
1021 545 1132 600 aruns
1158 545 1310 600 sarnus.
1643 595 1645 600 .
1678 523 1740 620 (Α.
1759 523 1812 624 Ι).Δ
1826 523 1934 621 1182.)

289 771 292 778 ·
393 732 481 810 cedit
507 732 618 807 lavore
645 695 790 808 Boleslai
817 730 891 807 dlti
918 732 1020 808 Ducis
1048 733 1348 826 wratislaviensis,
1385 733 1531 809 aPetro
1567 735 1710 809 secundo
1745 734 1934 810 duserensi

393 854 639 950 archiepiscopo
675 854 891 930 confirmatus
918 857 953 929 et
980 859 1202 946 consecratae,
1240 856 1298 950 qui
1333 855 1561 944 alionomino
1587 857 1746 932 Suantlo
1766 858 1789 952 ¹)
1817 859 1933 953 appel-

393 977 536 1068 labatur,
565 979 710 1053 Polonns
738 1001 858 1074 gensis
885 978 919 1052 et
946 978 1069 1054 nobilis
1096 980 1135 1054 de
1162 980 1257 1055 domo
1272 978 1300 1074 ²)
1327 980 1580 1054 Prauditarum.
1796 975 1800 980 ’

841 1339 1047 1454 lubus
1084 1340 1309 1454 DOMINI
1348 1341 1467 1458 1182

393 1592 575 1667 Korinirua
601 1595 789 1683 roonporoto
815 1593 984 1682 ltraoaooo,
1021 1611 1094 1667 onon
1121 1612 1251 1667 anorum
1278 1612 1437 1666 murmuro
1464 1593 1615 1666 latriam
1642 1593 1738 1686 potil:
1769 1593 1823 1665 nti
1849 1593 1935 1666 circo

394 1716 503 1788 llolioz
529 1714 711 1806 profligatis
739 1713 863 1788 duobus
889 1716 1037 1805 ducibus,
1063 1717 1268 1790 docaialonm
1295 1717 1424 1789 oldnom
1451 1716 1483 1788 in
1510 1719 1601 1788 otatn
1628 1717 1754 1809 soponit
1780 1721 1813 1788 ot
1830 1716 1936 1789 uictor

901 1858 973 1912 cunr
1000 1839 1148 1914 exorcitn
1175 1839 1304 1912 domurn
1330 1839 1424 1912 rodit.

498 2079 687 2156 Brostensis
714 2079 862 2155 civitatis
888 2083 923 2156 st
950 2079 1140 2175 prouinciae
1167 2103 1270 2177 supra
1297 2081 1434 2156 fluxium
1470 2083 1547 2178 Bug
1582 2079 1668 2156 sitae
1694 2079 1856 2170 nuntiata,
1877 2081 1935 2156 de·

394 2202 495 2278 factio
521 2201 731 2278 Kaairnirum
766 2203 892 2278 Ducem
928 2205 963 2277 et
988 2203 1203 2278 Monarcbom
1244 2203 1335 2279 illico
1371 2203 1550 2278 concitauit
1584 2205 1627 2278 ad
1663 2215 1766 2296 anna,
1803 2205 1838 2278 ot
1863 2205 1937 2278 tam

395 2323 605 2418 equestribus
640 2347 740 2419 quam
775 2325 984 2420 pedestribus
1019 2325 1123 2422 copiis
1159 2325 1194 2400 in
1231 2349 1334 2400 unum
1370 2325 1512 2416 coactis,
1550 2325 1721 2402 celerrimo
1757 2326 1863 2422 gradu
1898 2325 1937 2399 in

394 2445 594 2541 Brzescne³)
622 2446 827 2542 perveniens,
857 2447 952 2523 illurn
979 2451 1164 2543 oppugnat,
1193 2450 1228 2523 et
1254 2448 1343 2522 infra
1369 2449 1441 2524 dies
1468 2448 1639 2524 duodecim
1664 2448 1771 2527 uincit
1797 2451 1831 2522 et
1857 2471 1936 2524 con-

396 2569 512 2662 quirit,
541 2569 772 2665 percussisque
797 2569 903 2645 securi
936 2569 1132 2645 deiectionis
1159 2570 1343 2661 autoribus,
1380 2571 1597 2667 municipium
1625 2570 1698 2646 illic
1724 2570 1845 2666 oppido
1871 2570 1936 2644 im·

245 2774 246 2778 p
395 2693 526 2768 minens
553 2691 698 2768 exstruit
713 2692 752 2787 ⁴),
780 2714 819 2768 ac
845 2693 956 2768 ualido
983 2692 1158 2788 praesidio,
1187 2695 1226 2768 ut
1244 2695 1422 2788 populares
1445 2681 1678 2770 contineantur
1704 2693 1741 2767 in
1768 2693 1843 2785 tide,
1872 2693 1936 2766 im·

395 2814 514 2910 posito,
551 2837 666 2890 uersus
692 2814 939 2893 Halicaiensem
966 2813 1137 2892 ciuitatem
1165 2818 1200 2890 et
1227 2816 1396 2912 regionem
1432 2817 1616 2891 exercitum
1651 2816 1762 2906 ducit,
1798 2815 1936 2890 affinem

395 2959 492 3012 suum
521 2937 734 3012 blsczislaurn
760 2937 896 3027 Ducem,
925 2961 1023 3030 quern
1051 2937 1175 3012 fratres
1201 2941 1336 3034 sumpta
1362 2939 1530 3015 occasione
1557 2938 1672 3013 fallaci
1688 2937 1726 3034 ⁵),
1756 2937 1852 3030 quasi
1870 2960 1936 3011 non

395 3058 581 3154 legitimae,
610 3059 667 3133 sed
694 3059 919 3135 subductitins
945 3062 980 3133 et
1007 3061 1047 3135 de
1065 3061 1190 3136 iniusto
1218 3060 1429 3136 matrimonio
1456 3062 1632 3156 susceptus
1659 3059 1772 3164 fuerit,
1800 3059 1841 3134 de
1867 3059 1935 3133 Re·

396 3204 462 3277 gno
481 3181 657 3272 eiecerunt,
677 3181 909 3256 restituturus.
930 3183 1072 3257 Molesta
1090 3183 1259 3278 plerisque
1281 3183 1480 3258 Polonornm
1499 3183 1689 3277 proceribus
1707 3204 1748 3257 aa
1766 3181 1936 3276 expeditio

396 3303 582 3394 videbatur,
610 3305 646 3378 et
664 3326 763 3398 aegre
782 3303 816 3378 in
835 3327 906 3379 earn
928 3304 1086 3378 militiam
1105 3305 1337 3400 procedebant,
1359 3305 1642 3399 clandestinisquo
1659 3307 1695 3380 ct
1713 3303 1851 3379 secretis
1867 3303 1936 3377 col·

396 3425 520 3518 loquiis
534 3427 659 3500 Ducere
678 3425 888 3501 Kazimirum
907 3429 1101 3522 carpebant,
1122 3427 1208 3520 quod
1226 3427 1374 3528 propriis
1388 3427 1487 3503 bellis
1504 3451 1571 3502 non
1588 3429 1776 3518 contentus,
1796 3429 1937 3502 externa

396 3551 432 3625 et
449 3548 579 3638 iniusta
594 3549 684 3623 bella
704 3571 821 3643 parurn
849 3549 1026 3624 felicitatis
1050 3550 1084 3624 et
1103 3549 1263 3624 commodi
1291 3549 1459 3640 habitura,
1487 3550 1664 3625 tractanda
1690 3549 1936 3644 assumpsisset

395 3670 571 3768 indignum
590 3670 728 3766 insuper
746 3692 834 3762 asae,
855 3673 893 3746 ut
912 3693 971 3766 pro
990 3672 1103 3766 spurio
1122 3673 1156 3747 et
1174 3671 1323 3768 ambigui
1340 3672 1406 3747 tori
1424 3673 1557 3748 bomine
1572 3673 1607 3746 in
1620 3671 1690 3748 acie
1705 3671 1820 3767 iniqua
1836 3672 1937 3765 longe

397 3815 418 3868 a
436 3793 531 3867 domo
557 3814 618 3866 sna
635 3793 707 3868 sine
726 3791 882 3868 donatiuo
894 3792 923 3887 6)
941 3791 1161 3870 decertarent.
1190 3794 1263 3868 Has
1281 3794 1434 3888 querelas
1456 3794 1521 3870 etsi
1539 3793 1730 3870 chimirus
1748 3793 1861 3869 nosset
1878 3813 1937 3888 per

396 3912 750 4010 militesingaminari
777 3914 970 4008 incastris,
1008 3915 1094 3990 nibil
1127 3918 1240 3991 tamen
1267 3915 1408 3990 militari
1444 3937 1575 3992 rumore
1609 3917 1730 4009 unctus,
1766 3917 1938 4011 promovet

396 4037 581 4114 exercitum
607 4036 643 4112 in
670 4037 841 4113 ulteriora.
870 4039 942 4113 lam
970 4061 1072 4134 prope
1098 4038 1267 4114 Haliciarn
1293 4039 1431 4115 rentum
1459 4042 1542 4131 erat,
1571 4037 1688 4135 dieque
1714 4040 1823 4114 altera
1848 4037 1938 4112 obsi-

349 4218 352 4224 .
396 4161 450 4235 dio
477 4159 740 4236 Haliccisnsium
768 4161 960 4254 parebatur,
999 4161 1076 4236 dum
1112 4161 1223 4236 subito
1259 4163 1302 4237 ab
1337 4161 1606 4257 exploratoribus
1641 4160 1836 4236 nuntiatum
1872 4162 1937 4252 est,

398 4282 642 4359 Wsaeuoldum
657 4281 869 4357 Belscensem
887 4285 922 4358 et
939 4281 1175 4359 Wladimirnm
1194 4283 1438 4362 Haliczieusem
1458 4307 1654 4380 germanum
1669 4283 1847 4374 Maniolai,
1867 4283 1938 4357 Βο-

398 4427 464 4497 ces,
492 4427 568 4480 cnm
594 4404 747 4480 erunibus
773 4404 1007 4480 Ruthenorum
1032 4405 1245 4502 Principibus
1273 4409 1307 4482 et
1333 4407 1474 4504 Boparis
1500 4407 1625 4483 infesta
1651 4407 1721 4483 acio
1747 4407 1939 4482 adventare.

397 4526 482 4602 Tum
508 4526 575 4602 iam
602 4551 668 4604 non
695 4529 833 4618 secreta,
869 4528 927 4604 sed
953 4531 1071 4624 aperta
1097 4528 1216 4604 Poloni
1242 4528 1278 4603 in
1305 4528 1429 4605 Ducem
1457 4553 1554 4604 suum
1581 4528 1791 4605 Karimirnnr
1817 4531 1940 4624 probra
1967 4547 1969 4552 ·

396 4651 626 4746 exaggerant;
655 4650 713 4726 sed
740 4652 775 4726 et
800 4650 975 4728 Nicolaum
1006 4651 1256 4734 draconionsem
1292 4651 1481 4746 palatinum
1508 4655 1544 4728 et
1569 4651 1754 4748 principem
1780 4651 1936 4741 militiae,

397 4773 493 4868 qnasi
520 4772 620 4847 huius
646 4772 726 4848 belli
755 4773 969 4868 praecipuum
996 4775 1174 4864 auctorem,
1209 4774 1458 4849 contumeliosis
1486 4775 1692 4850 insectantur
1717 4773 1937 4865 sermonibus,

397 4918 498 4988 esque
523 4895 566 4970 ad
592 4894 726 4971 evidens
761 4894 945 4990 pericnlum
981 4895 1200 4991 perductos⁷l
1233 4898 1269 4971 et
1294 4919 1379 4991 pene
1406 4895 1574 4972 Ruthenis
1613 4899 1800 4990 queruntur
1825 4896 1938 4992 prodi·

291 5038 294 5042 ·
396 5021 461 5094 tos.
505 5017 672 5094 Videbunt
699 5016 787 5092 enim
814 5017 1050 5093 Rutbeuorurn
1086 5017 1271 5094 exercitum
1297 5018 1430 5114 magnis
1464 5019 1569 5115 copiis
1604 5021 1764 5097 refertum
1791 5041 1875 5110 esse,
1903 5021 1938 5094 et

510 5312 537 5395 ¹)
560 5313 677 5378 Suanlro
700 5314 761 5378 Ed.
783 5313 877 5376 Dolor.
917 5313 945 5395 Ω)
969 5313 1112 5376 dedomo
1135 5313 1296 5377 etfamilia
1329 5315 1400 5378 Ood.
1423 5314 1514 5378 Reor.
1553 5313 1581 5393 ³)
1602 5316 1739 5378 Brzetcie
1761 5314 1822 5379 Ed.
1844 5314 1939 5379 Dolor.

402 5413 429 5499 ⁴)
452 5423 616 5482 construxit
645 5422 704 5486 Ed.
726 5421 822 5484 Βοῦν.
862 5416 888 5500 ⁵)
910 5419 1047 5482 falsitatis
1076 5423 1137 5483 Ed.
1159 5421 1253 5484 Βοῦν.
1292 5417 1319 5502 ⁰)
1342 5423 1497 5486 donatione
1527 5420 1587 5484 Eo.
1609 5425 1704 5485 Dobr.
1743 5419 1768 5504 'l
1797 5423 1940 5487 obductos

402 5523 473 5592 Ood.
496 5525 588 5592 Reor.
652 5566 653 5570 =
