4246 6274
416 575 464 647 14
1026 595 1137 648 aman
1163 595 1335 660 domnos.
1684 572 1746 671 (Α
1764 545 1821 652 o)-
1831 575 1941 672 1144.)

411 805 489 858 uum
516 783 652 857 Petrum
678 781 894 872 absolvisset,
922 805 986 856 non
1015 783 1167 878 precibus
1194 783 1301 858 solum
1329 783 1364 859 et
1389 783 1559 875 consiliis,
1597 784 1655 859 sed
1682 773 1783 859 minis
1818 785 1940 862 otna-

412 925 525 979 snram
551 927 587 979 se
613 906 654 978 ab
680 927 728 995 oo,
757 904 786 978 si
813 904 971 979 uiolatam
1007 927 1100 980 suam
1137 906 1346 982 honestatem
1372 929 1393 981 a
1418 907 1515 981 Petro
1542 897 1692 984 'inultam
1727 907 1769 981 iri
1805 907 1941 1000 sineret,

412 1027 614 1118 mutostans,
644 1025 793 1121 perpulit
819 1025 939 1118 virurn,
968 1029 1007 1102 ut
1024 1026 1226 1123 supplicium
1244 1028 1285 1104 de
1304 1026 1428 1124 optimo
1454 1031 1556 1120 atquo
1582 1030 1664 1104 beno
1690 1028 1807 1104 morito
1834 1029 1944 1106 milite

412 1149 609 1225 sumeretur.
653 1147 749 1224 Missi
782 1149 971 1242 carnifices,
1009 1149 1066 1243 qui
1093 1149 1245 1246 linguam
1272 1149 1424 1227 incidunt
1448 1150 1471 1244 ¹)
1497 1153 1532 1226 et
1558 1153 1699 1246 utroque
1725 1151 1852 1228 lumine
1878 1141 1939 1229 Pa

411 1277 501 1349 trum
527 1273 675 1347 oaemnt.
703 1271 759 1346 Ita
776 1271 827 1347 uir
844 1274 879 1349 et
895 1271 1020 1348 uirtute
1046 1274 1082 1348 et
1107 1291 1204 1368 opero
1230 1271 1396 1368 egregius,
1424 1272 1565 1349 femineo
1591 1273 1702 1352 furore
1730 1296 1789 1370 pro
1806 1273 1944 1351 crimino

413 1392 611 1491 proditionis
637 1394 750 1470 afficto
777 1395 818 1468 ad
846 1417 967 1489 poenas
992 1397 1119 1491 raptus,
1149 1393 1365 1487 nobilioribus
1392 1393 1548 1470 membris
1575 1395 1739 1492 spoliatus
1757 1398 1792 1471 et
1809 1397 1941 1488 enutris,

413 1517 554 1613 indigna
587 1514 716 1592 ultione
750 1516 934 1591 mulctatus
968 1519 1031 1592 est.
1084 1515 1115 1592 Α
1142 1516 1359 1612 scriptoribus
1385 1517 1584 1598 Polonorum
1618 1520 1752 1596 tantum
1779 1515 1837 1593 uni
1865 1517 1943 1594 huic

412 1638 484 1714 uiro
510 1637 680 1729 tribuitur,
709 1639 748 1712 ut
775 1659 834 1732 pro
861 1637 988 1734 insigni
1014 1661 1094 1714 suaa
1121 1638 1328 1715 innocentiae
1363 1641 1465 1734 atque
1500 1638 1637 1714 uirtutis
1673 1639 1830 1717 memoria
1856 1641 1941 1718 rele-

413 1765 526 1853 ratur,
554 1759 667 1836 diuina
694 1759 929 1855 propitiatione
957 1764 992 1836 et
1018 1760 1196 1853 miraculo,
1226 1761 1261 1835 in
1288 1783 1386 1856 qoem
1412 1762 1464 1838 tot
1490 1759 1627 1858 pictatis
1653 1761 1800 1838 facinora
1826 1765 1942 1837 contn-

413 1885 510 1975 lerat,
529 1886 565 1959 et
582 1883 704 1974 oculos,
733 1882 934 1977 plenamque
960 1881 1144 1978 potentiam
1171 1882 1311 1958 ulsiuam
1327 1883 1354 1978 π)
1373 1885 1407 1959 ot
1425 1883 1591 1980 integram
1619 1884 1796 1978 loquelam,
1825 1883 1945 1980 lingua

412 2007 612 2096 instaurata,
641 2003 739 2079 illum
766 2025 975 2101 rocuperasso
1002 2009 1035 2080 et
1061 2005 1299 2100 quinquennio,
1328 2029 1392 2098 quo
1424 2006 1562 2102 posthac
1588 2005 1695 2098 uixit,
1724 2006 1943 2098 monasteriis,

412 2127 560 2206 ecclesiis
586 2129 621 2203 et
647 2125 712 2222 piis
739 2127 836 2219 locis,
873 2127 927 2203 his
960 2127 1175 2224 praesertin,
1212 2151 1297 2222 quae
1334 2127 1404 2224 ipse
1430 2127 1649 2206 fabricaverat
1676 2130 1711 2204 et
1736 2127 1944 2220 fundauerat,

412 2253 526 2347 largas
551 2247 744 2324 donationes
770 2247 898 2340 fecisse,
927 2252 1058 2325 caetera
1084 2273 1214 2345 quoque
1240 2245 1436 2346 supplenda,
1465 2271 1549 2346 qnae
1576 2250 1658 2326 locis
1686 2250 1752 2347 piis
1775 2273 1813 2328 ao
1832 2273 1944 2327 mona·

413 2371 525 2449 storiis
552 2370 731 2467 praedictis
758 2355 914 2462 deerant,
946 2371 1029 2446 filiis
1059 2370 1277 2447 Constantino
1303 2374 1338 2448 et
1362 2371 1504 2468 Aegidio
1532 2371 1567 2447 in
1595 2375 1699 2448 morte
1727 2373 1945 2452 mandavisse.

335 2497 342 2510 '
413 2496 581 2571 Gelebrsm
617 2495 776 2571 decedens
810 2493 930 2569 habuit
963 2494 997 2569 in
1025 2493 1223 2570 monasterio
1250 2493 1363 2570 Sancti
1391 2493 1559 2577 Vincentii
1587 2497 1684 2570 extra
1711 2517 1820 2573 muros
1847 2495 1945 2571 Wra-

412 2615 625 2694 tislauionsos
652 2616 777 2693 ordinis
804 2617 1164 2709 Praemonstratensis,
1198 2617 1284 2709 quod
1311 2615 1383 2712 ipse
1409 2616 1523 2694 uirens
1541 2617 1764 2710 dundauerat,
1793 2618 1827 2693 in
1855 2617 1947 2693 chori

414 2740 521 2816 medio
548 2742 658 2816 terrae
684 2739 861 2814 mandatus
895 2739 1124 2835 sepultorem,
1162 2761 1284 2836 magna
1310 2739 1509 2818 Polonorum
1535 2738 1725 2833 frequentia
1750 2727 1822 2818 eius
1847 2741 1945 2816 coho·

414 2865 570 2939 uastante
596 2860 765 2956 exequias,
794 2859 941 2956 ipsisque
966 2860 1128 2936 funebriis
1157 2862 1382 2954 monstrante,
1411 2863 1573 2955 quantum
1600 2861 1713 2937 uiuum
1740 2864 1947 2940 amaverant.

414 2985 478 3059 Sed
505 2985 540 3058 et
567 2982 715 3059 inbono
750 2983 836 3057 diem
873 2981 965 3060 Petri
1001 2982 1140 3059 (lornitis
1176 2982 1386 3058 Skrzinonsis
1422 3005 1540 3060 rnornon
1568 2983 1656 3080 apud
1683 2983 1822 3060 Polonos
1848 2979 1946 3060 extit

415 3128 569 3182 sonorum
595 3127 635 3182 ao
661 3105 799 3182 celebre.
852 3104 991 3182 Consors
1025 3127 1085 3180 sua
1117 3104 1224 3180 Maria
1258 3107 1378 3200 expost
1414 3103 1496 3180 fatis
1531 3105 1728 3202 intercepta,
1758 3105 1792 3184 in
1819 3107 1945 3199 eadem

415 3251 482 3325 qua
508 3230 629 3332 Petrus
655 3250 749 3320 urna,
779 3226 892 3303 mariti
919 3227 1137 3304 consocianda
1163 3226 1340 3320 cineribus,
1369 3227 1502 3304 condita
1527 3230 1597 3316 est';
1624 3228 1689 3304 duo
1716 3227 1851 3324 insuper
1873 3251 1947 3304 uer·

416 3372 474 3426 sue
500 3351 676 3446 sepulchro
711 3349 899 3426 huiusmodi
935 3348 1106 3445 inscripti,
1144 3349 1318 3444 utriusque
1353 3350 1559 3428 attestantur
1574 3347 1602 3446 3)
1633 3351 1862 3446 sepulturam,
1889 3349 1948 3444 qui

416 3473 503 3549 tales
529 3475 629 3548 sunt:

775 3629 833 3690 Ilio
855 3629 927 3689 situs
950 3629 1129 3702 est'Pctrus,
1150 3629 1246 3690 Maria
1268 3629 1390 3703 coniuge
1399 3623 1427 3708 ⁴)
1449 3628 1550 3702 fretus,

774 3733 921 3794 Marmore
942 3733 1127 3810 splendente,
1142 3735 1229 3796 Patre
1250 3734 1405 3795 wilhelmo
1427 3738 1593 3810 peragente.

418 3963 549 4036 Extant
575 3959 739 4055 usquein
766 3960 848 4036 hoec
874 3962 1025 4056 tempora
1051 3960 1165 4056 plures
1192 3959 1226 4034 in
1253 3957 1393 4034 Polonia
1420 3958 1589 4051 ecclesiae,
1618 3961 1763 4052 quaoab
1780 3981 1817 4035 oo
1835 3961 1949 4034 forun-

418 4087 475 4158 tur
502 4069 606 4157 muris
631 4081 836 4174 aedificatae,
865 4081 945 4157 licet
972 4081 1076 4158 maior
1103 4082 1240 4157 illarum
1266 4103 1423 4157 numerus
1450 4080 1497 4156 sit
1523 4081 1589 4156 iarn
1617 4103 1676 4178 per
1693 4103 1852 4156 nouarum
1870 4103 1948 4156 con-

419 4205 636 4281 structionem
664 4205 861 4296 demolitus,
897 4203 1054 4280 uidelicet
1088 4205 1130 4279 ad
1165 4205 1324 4280 Sanctum
1350 4203 1584 4296 vincentium,
1613 4203 1693 4278 itorn
1721 4204 1763 4278 ad
1790 4205 1950 4278 Sanctum

418 4327 615 4403 ldichaolern
642 4325 678 4401 in
704 4325 946 4417 Wratialavia,
975 4325 1010 4400 in
1025 4327 1209 4417 *Straelno,
1247 4325 1281 4400 in
1309 4325 1540 4418 Klobucnslo‚
1579 4325 1614 4400 in
1649 4327 1790 4418 utraque
1816 4323 1950 4416 Slurzin,

420 4439 630 4539 indumen,
659 4447 696 4522 in
716 4431 863 4541 antiqua
889 4447 1079 4544 Sapouyor,
1109 4447 1143 4522 in
1171 4449 1362 4544 Payacnno,
1399 4447 1434 4522 in
1467 4447 1584 4540 Rada,
1623 4445 1659 4520 in
1693 4446 1886 4538 dhelrrroae,
1915 4445 1951 4520 in

419 4570 690 4666 Wiercnicoui),
719 4569 753 4644 in
779 4569 955 4662 Lancioia,
984 4569 1020 4645 in
1045 4569 1186 4664 Kiie⁶),
1215 4569 1250 4643 in
1278 4570 1423 4664 Opatou,
1452 4568 1487 4643 in
1514 4570 1669 4658 Planou,
1697 4566 1733 4642 in
1759 4567 1899 4644 Chalino
1910 4568 1953 4663 7),Ι

420 4695 456 4768 in
490 4692 678 4790 Thinyeoa,
714 4691 750 4768 in
786 4693 1020 4789 Chlouysaka,
1057 4691 1092 4766 in
1119 4693 1297 4767 Kosoaeloo
1327 4689 1620 4767 Wladislauienuis
1639 4689 1676 4785 8)
1715 4687 1873 4781 dionesie,
1910 4690 1953 4765 ad

422 4817 579 4892 Sanctam
606 4813 745 4890 Mariam
773 4813 808 4890 in
834 4813 964 4906 drona,
1001 4815 1043 4890 ad
1069 4815 1229 4889 Sanctum
1255 4813 1438 4888 Martinam
1465 4812 1501 4888 in
1527 4811 1766 4905 Wrotislauia,
1794 4813 1836 4888 ad
1863 4812 1948 4887 San-

421 4944 511 5015 ctum
542 4937 763 5014 Laurentium
798 4936 834 5011 in
869 4935 1030 5029 Kolisoh,
1059 4937 1101 5013 ad
1127 4937 1286 5012 Sanctum
1313 4936 1521 5012 Salvatorom
1557 4937 1635 5010 ante
1671 4933 1880 5024 Craoouiam,
1917 4933 1951 5009 in

419 5060 677 5159 Zuporainpeca,
700 5059 742 5135 ad
760 5059 920 5136 Senatum
946 5058 1128 5135 Suiradum
1143 5057 1182 5154 ⁹),
1211 5057 1253 5133 ad
1280 5059 1440 5133 Sanctum
1459 5055 1678 5135 Laurentium
1698 5057 1732 5131 in
1750 5055 1947 5148 Kaaimiria,

529 5356 554 5438 ¹)
583 5359 626 5420 illi
655 5357 825 5434 praecident
854 5357 913 5418 Ed.
936 5347 1029 5418 Dobr'.
1075 5354 1101 5436 ῃ)
1130 5357 1250 5417 visionis
1279 5353 1338 5417 Ed.
1368 5354 1461 5416 Dobr.
1508 5350 1538 5434 ³)
1561 5357 1734 5416 attestantes
1766 5352 1825 5413 Ed.
1856 5352 1949 5414 Dobr.

423 5460 450 5542 ⁴)
472 5469 607 5526 consorte
629 5463 688 5524 Ed.
707 5461 801 5524 Dobr.
847 5457 876 5540 ⁵)
898 5461 1075 5537 Wierzycou
1098 5460 1157 5522 Ed.
1179 5461 1272 5522 Dobr.
1317 5456 1468 5537 ⁶)quye
1495 5457 1565 5524 God.
1588 5457 1661 5522 aar.
1701 5445 1869 5539 ⁷)Cbclmo
1893 5457 1951 5520 Ed.

421 5570 515 5634 Dobr.
562 5565 590 5650 ⁸)
612 5567 859 5637 wratislaviensis
882 5567 941 5636 Ed.
964 5568 1058 5635 Dour.
1103 5561 1132 5652 ⁰)
1156 5565 1300 5632 Sutridum
1324 5565 1383 5626 Ed.
1405 5564 1498 5626 Dobr.
