<?xml version="1.0" encoding="UTF-8"?>
<!DOCTYPE html PUBLIC "-//W3C//DTD XHTML 1.0 Transitional//EN"
    "http://www.w3.org/TR/xhtml1/DTD/xhtml1-transitional.dtd">
<html xmlns="http://www.w3.org/1999/xhtml" xml:lang="en" lang="en">
 <head>
  <title>
</title>
<meta http-equiv="Content-Type" content="text/html;charset=utf-8" />
  <meta name='ocr-system' content='tesseract 3.04.00' />
  <meta name='ocr-capabilities' content='ocr_page ocr_carea ocr_par ocr_line ocrx_word'/>
</head>
<body>
  <div class='ocr_page' id='page_1' title='image "./operaomnia02paulgoog_0445.png"; bbox 0 0 4162 6288; ppageno 0'>
   <div class='ocr_carea' id='block_1_1' title="bbox 136 541 1687 636">
    <p class='ocr_par' dir='ltr' id='par_1_1' title="bbox 136 541 1687 636">
     <span class='ocr_line' id='line_1_1' title="bbox 136 541 1687 636; baseline 0 -21"><span class='ocrx_word' id='word_1_1' title='bbox 136 541 202 633; x_wconf 71' lang='grc' dir='ltr'>(Α</span> <span class='ocrx_word' id='word_1_2' title='bbox 223 541 270 616; x_wconf 81' lang='lat' dir='ltr'>D.</span> <span class='ocrx_word' id='word_1_3' title='bbox 291 541 411 636; x_wconf 78' lang='grc'><strong>1273.)</strong></span> <span class='ocrx_word' id='word_1_4' title='bbox 754 563 866 614; x_wconf 74' lang='lat' dir='ltr'>urana</span> <span class='ocrx_word' id='word_1_5' title='bbox 892 561 1086 616; x_wconf 76' lang='lat' dir='ltr'>sarrmrue.</span> <span class='ocrx_word' id='word_1_6' title='bbox 1611 541 1687 616; x_wconf 79' lang='lat'>429</span> 
     </span>
    </p>
   </div>
   <div class='ocr_carea' id='block_1_2' title="bbox 134 746 1764 2534">
    <p class='ocr_par' dir='ltr' id='par_1_2' title="bbox 134 746 1764 2534">
     <span class='ocr_line' id='line_1_2' title="bbox 136 746 1689 840; baseline 0 -18"><span class='ocrx_word' id='word_1_7' title='bbox 136 749 245 840; x_wconf 83' lang='lat' dir='ltr'>virus,</span> <span class='ocrx_word' id='word_1_8' title='bbox 275 751 431 824; x_wconf 89' lang='lat' dir='ltr'>Boleslao</span> <span class='ocrx_word' id='word_1_9' title='bbox 458 749 582 822; x_wconf 88' lang='lat' dir='ltr'>Pudico</span> <span class='ocrx_word' id='word_1_10' title='bbox 609 750 699 822; x_wconf 86' lang='lat' dir='ltr'>Duce</span> <span class='ocrx_word' id='word_1_11' title='bbox 726 751 762 823; x_wconf 91' lang='lat' dir='ltr'>et</span> <span class='ocrx_word' id='word_1_12' title='bbox 787 748 1021 822; x_wconf 65' lang='lat' dir='ltr'><strong>dissimulante</strong></span> <span class='ocrx_word' id='word_1_13' title='bbox 1048 749 1084 822; x_wconf 91' lang='lat' dir='ltr'>et</span> <span class='ocrx_word' id='word_1_14' title='bbox 1110 747 1287 836; x_wconf 76' lang='lat' dir='ltr'>tolerante,</span> <span class='ocrx_word' id='word_1_15' title='bbox 1325 769 1384 840; x_wconf 93' lang='lat' dir='ltr'>per</span> <span class='ocrx_word' id='word_1_16' title='bbox 1419 746 1532 822; x_wconf 91' lang='lat' dir='ltr'>omnia</span> <span class='ocrx_word' id='word_1_17' title='bbox 1554 768 1689 822; x_wconf 89' lang='lat' dir='ltr'>suorum</span> 
     </span>
     <span class='ocr_line' id='line_1_3' title="bbox 134 869 1688 965; baseline -0.001 -21"><span class='ocrx_word' id='word_1_18' title='bbox 134 873 400 965; x_wconf 91' lang='lat' dir='ltr'>Principatuum</span> <span class='ocrx_word' id='word_1_19' title='bbox 428 871 501 944; x_wconf 91' lang='lat' dir='ltr'>loca</span> <span class='ocrx_word' id='word_1_20' title='bbox 527 871 608 944; x_wconf 88' lang='lat' dir='ltr'>adeo</span> <span class='ocrx_word' id='word_1_21' title='bbox 635 870 894 957; x_wconf 88' lang='lat' dir='ltr'>diffundebatur,</span> <span class='ocrx_word' id='word_1_22' title='bbox 932 871 1224 962; x_wconf 87' lang='lat' dir='ltr'>grassabaturque,</span> <span class='ocrx_word' id='word_1_23' title='bbox 1255 872 1293 942; x_wconf 94' lang='lat' dir='ltr'>ut</span> <span class='ocrx_word' id='word_1_24' title='bbox 1320 869 1433 960; x_wconf 86' lang='lat' dir='ltr'>plures</span> <span class='ocrx_word' id='word_1_25' title='bbox 1460 890 1597 942; x_wconf 90' lang='lat' dir='ltr'>numero</span> <span class='ocrx_word' id='word_1_26' title='bbox 1625 869 1688 942; x_wconf 89' lang='lat' dir='ltr'>rni-</span> 
     </span>
     <span class='ocr_line' id='line_1_4' title="bbox 135 989 1764 1085; baseline -0.001 -21"><span class='ocrx_word' id='word_1_27' title='bbox 135 993 263 1066; x_wconf 89' lang='lat' dir='ltr'>litarcs</span> <span class='ocrx_word' id='word_1_28' title='bbox 290 993 354 1065; x_wconf 87' lang='lat' dir='ltr'>viri</span> <span class='ocrx_word' id='word_1_29' title='bbox 382 990 553 1085; x_wconf 89' lang='lat' dir='ltr'>simplices</span> <span class='ocrx_word' id='word_1_30' title='bbox 579 994 614 1066; x_wconf 92' lang='lat' dir='ltr'>et</span> <span class='ocrx_word' id='word_1_31' title='bbox 641 991 722 1064; x_wconf 86' lang='lat' dir='ltr'>iusti</span> <span class='ocrx_word' id='word_1_32' title='bbox 751 1013 810 1084; x_wconf 89' lang='lat' dir='ltr'>per</span> <span class='ocrx_word' id='word_1_33' title='bbox 837 989 1116 1064; x_wconf 90' lang='lat' dir='ltr'>calumniatorum</span> <span class='ocrx_word' id='word_1_34' title='bbox 1146 992 1241 1062; x_wconf 87' lang='lat' dir='ltr'>aetus</span> <span class='ocrx_word' id='word_1_35' title='bbox 1258 993 1293 1063; x_wconf 92' lang='lat' dir='ltr'>et</span> <span class='ocrx_word' id='word_1_36' title='bbox 1311 989 1403 1063; x_wconf 88' lang='lat' dir='ltr'>dolos</span> <span class='ocrx_word' id='word_1_37' title='bbox 1431 989 1563 1062; x_wconf 90' lang='lat' dir='ltr'>iudiciis</span> <span class='ocrx_word' id='word_1_38' title='bbox 1594 989 1687 1062; x_wconf 89' lang='lat' dir='ltr'>dam·</span> <span class='ocrx_word' id='word_1_39' title='bbox 1761 1005 1764 1012; x_wconf 83' lang='grc'><strong>’</strong></span> 
     </span>
     <span class='ocr_line' id='line_1_5' title="bbox 135 1109 1688 1208; baseline -0.003 -22"><span class='ocrx_word' id='word_1_40' title='bbox 135 1114 218 1186; x_wconf 91' lang='lat' dir='ltr'>nati</span> <span class='ocrx_word' id='word_1_41' title='bbox 244 1117 281 1188; x_wconf 92' lang='lat' dir='ltr'>et</span> <span class='ocrx_word' id='word_1_42' title='bbox 307 1114 422 1208; x_wconf 87' lang='lat' dir='ltr'>poenis</span> <span class='ocrx_word' id='word_1_43' title='bbox 449 1113 645 1186; x_wconf 85' lang='lat' dir='ltr'>innocenter</span> <span class='ocrx_word' id='word_1_44' title='bbox 671 1111 808 1200; x_wconf 77' lang='lat' dir='ltr'>addicti,</span> <span class='ocrx_word' id='word_1_45' title='bbox 842 1113 902 1184; x_wconf 92' lang='lat' dir='ltr'>aut</span> <span class='ocrx_word' id='word_1_46' title='bbox 929 1111 999 1184; x_wconf 90' lang='lat' dir='ltr'>suis</span> <span class='ocrx_word' id='word_1_47' title='bbox 1026 1113 1228 1184; x_wconf 79' lang='lat' dir='ltr'>exuerentur</span> <span class='ocrx_word' id='word_1_48' title='bbox 1255 1110 1477 1202; x_wconf 82' lang='lat' dir='ltr'>patrimoniis,</span> <span class='ocrx_word' id='word_1_49' title='bbox 1514 1112 1574 1183; x_wconf 93' lang='lat' dir='ltr'>aut</span> <span class='ocrx_word' id='word_1_50' title='bbox 1602 1109 1688 1182; x_wconf 93' lang='lat' dir='ltr'>iudi-</span> 
     </span>
     <span class='ocr_line' id='line_1_6' title="bbox 134 1230 1688 1329; baseline -0.003 -22"><span class='ocrx_word' id='word_1_51' title='bbox 134 1233 247 1309; x_wconf 85' lang='lat' dir='ltr'>ciales</span> <span class='ocrx_word' id='word_1_52' title='bbox 273 1234 569 1329; x_wconf 57' lang='lat' dir='ltr'>transgressione,</span> <span class='ocrx_word' id='word_1_53' title='bbox 608 1256 691 1323; x_wconf 87' lang='lat' dir='ltr'>quas</span> <span class='ocrx_word' id='word_1_54' title='bbox 717 1233 835 1325; x_wconf 89' lang='lat' dir='ltr'>culpas</span> <span class='ocrx_word' id='word_1_55' title='bbox 863 1233 1058 1318; x_wconf 87' lang='lat' dir='ltr'>vocitamus,</span> <span class='ocrx_word' id='word_1_56' title='bbox 1095 1233 1166 1304; x_wconf 92' lang='lat' dir='ltr'>tam</span> <span class='ocrx_word' id='word_1_57' title='bbox 1192 1231 1276 1304; x_wconf 88' lang='lat' dir='ltr'>Duci</span> <span class='ocrx_word' id='word_1_58' title='bbox 1303 1233 1338 1305; x_wconf 92' lang='lat' dir='ltr'>et</span> <span class='ocrx_word' id='word_1_59' title='bbox 1374 1230 1549 1318; x_wconf 89' lang='lat' dir='ltr'>iudicibus,</span> <span class='ocrx_word' id='word_1_60' title='bbox 1587 1253 1688 1322; x_wconf 90' lang='lat' dir='ltr'>quam</span> 
     </span>
     <span class='ocr_line' id='line_1_7' title="bbox 135 1351 1687 1446; baseline -0.003 -19"><span class='ocrx_word' id='word_1_61' title='bbox 135 1355 314 1428; x_wconf 87' lang='lat' dir='ltr'>actoribus</span> <span class='ocrx_word' id='word_1_62' title='bbox 340 1356 469 1428; x_wconf 85' lang='lat' dir='ltr'>soluere</span> <span class='ocrx_word' id='word_1_63' title='bbox 495 1354 612 1441; x_wconf 90' lang='lat' dir='ltr'>coacti,</span> <span class='ocrx_word' id='word_1_64' title='bbox 641 1353 851 1446; x_wconf 83' lang='lat' dir='ltr'>gravissimis</span> <span class='ocrx_word' id='word_1_65' title='bbox 877 1352 1062 1445; x_wconf 86' lang='lat' dir='ltr'>dispendiis</span> <span class='ocrx_word' id='word_1_66' title='bbox 1089 1353 1310 1427; x_wconf 90' lang='lat' dir='ltr'>subiacereut.</span> <span class='ocrx_word' id='word_1_67' title='bbox 1352 1351 1607 1444; x_wconf 79' lang='lat' dir='ltr'>Querulautium</span> <span class='ocrx_word' id='word_1_68' title='bbox 1637 1351 1687 1423; x_wconf 93' lang='lat' dir='ltr'>in·</span> 
     </span>
     <span class='ocr_line' id='line_1_8' title="bbox 135 1472 1684 1569; baseline -0.003 -21"><span class='ocrx_word' id='word_1_69' title='bbox 135 1497 255 1569; x_wconf 90' lang='lat' dir='ltr'>super,</span> <span class='ocrx_word' id='word_1_70' title='bbox 284 1481 320 1550; x_wconf 91' lang='lat' dir='ltr'>et</span> <span class='ocrx_word' id='word_1_71' title='bbox 346 1499 382 1549; x_wconf 88' lang='lat' dir='ltr'>se</span> <span class='ocrx_word' id='word_1_72' title='bbox 408 1497 508 1568; x_wconf 89' lang='lat' dir='ltr'>super</span> <span class='ocrx_word' id='word_1_73' title='bbox 535 1475 605 1546; x_wconf 91' lang='lat' dir='ltr'>suis</span> <span class='ocrx_word' id='word_1_74' title='bbox 631 1473 766 1548; x_wconf 84' lang='lat' dir='ltr'>offensis</span> <span class='ocrx_word' id='word_1_75' title='bbox 794 1479 829 1547; x_wconf 90' lang='lat' dir='ltr'>et</span> <span class='ocrx_word' id='word_1_76' title='bbox 856 1473 989 1547; x_wconf 91' lang='lat' dir='ltr'>iniuriis</span> <span class='ocrx_word' id='word_1_77' title='bbox 1007 1473 1215 1562; x_wconf 75' lang='lat' dir='ltr'>adeuntium,</span> <span class='ocrx_word' id='word_1_78' title='bbox 1254 1495 1371 1565; x_wconf 91' lang='lat' dir='ltr'>parum</span> <span class='ocrx_word' id='word_1_79' title='bbox 1400 1472 1519 1560; x_wconf 90' lang='lat' dir='ltr'>iustus,</span> <span class='ocrx_word' id='word_1_80' title='bbox 1550 1493 1684 1565; x_wconf 90' lang='lat' dir='ltr'>parum-</span> 
     </span>
     <span class='ocr_line' id='line_1_9' title="bbox 136 1594 1689 1688; baseline -0.003 -18"><span class='ocrx_word' id='word_1_81' title='bbox 136 1619 210 1687; x_wconf 85' lang='lat' dir='ltr'>que</span> <span class='ocrx_word' id='word_1_82' title='bbox 236 1597 351 1671; x_wconf 87' lang='lat' dir='ltr'>finalis</span> <span class='ocrx_word' id='word_1_83' title='bbox 378 1597 517 1684; x_wconf 89' lang='lat' dir='ltr'>decisor,</span> <span class='ocrx_word' id='word_1_84' title='bbox 547 1617 789 1684; x_wconf 82' lang='lat' dir='ltr'>munerumque</span> <span class='ocrx_word' id='word_1_85' title='bbox 815 1597 850 1668; x_wconf 94' lang='lat' dir='ltr'>et</span> <span class='ocrx_word' id='word_1_86' title='bbox 876 1595 1096 1688; x_wconf 81' lang='lat' dir='ltr'>largitionum</span> <span class='ocrx_word' id='word_1_87' title='bbox 1124 1597 1281 1682; x_wconf 79' lang='lat' dir='ltr'>sectator,</span> <span class='ocrx_word' id='word_1_88' title='bbox 1311 1594 1437 1666; x_wconf 92' lang='lat' dir='ltr'>modico</span> <span class='ocrx_word' id='word_1_89' title='bbox 1463 1595 1598 1686; x_wconf 87' lang='lat' dir='ltr'>accepto</span> <span class='ocrx_word' id='word_1_90' title='bbox 1617 1616 1689 1666; x_wconf 92' lang='lat' dir='ltr'>mu-</span> 
     </span>
     <span class='ocr_line' id='line_1_10' title="bbox 136 1713 1690 1808; baseline -0.003 -18"><span class='ocrx_word' id='word_1_91' title='bbox 136 1737 235 1807; x_wconf 89' lang='lat' dir='ltr'>nere,</span> <span class='ocrx_word' id='word_1_92' title='bbox 263 1718 362 1791; x_wconf 88' lang='lat' dir='ltr'>facilc</span> <span class='ocrx_word' id='word_1_93' title='bbox 390 1719 424 1789; x_wconf 93' lang='lat' dir='ltr'>in</span> <span class='ocrx_word' id='word_1_94' title='bbox 454 1719 583 1808; x_wconf 90' lang='lat' dir='ltr'>partem</span> <span class='ocrx_word' id='word_1_95' title='bbox 613 1717 800 1807; x_wconf 87' lang='lat' dir='ltr'>utramque,</span> <span class='ocrx_word' id='word_1_96' title='bbox 836 1739 910 1788; x_wconf 90' lang='lat' dir='ltr'>cum</span> <span class='ocrx_word' id='word_1_97' title='bbox 949 1714 1048 1787; x_wconf 91' lang='lat' dir='ltr'>unius</span> <span class='ocrx_word' id='word_1_98' title='bbox 1085 1717 1199 1788; x_wconf 88' lang='lat' dir='ltr'>tamen</span> <span class='ocrx_word' id='word_1_99' title='bbox 1236 1713 1381 1788; x_wconf 91' lang='lat' dir='ltr'>laesione</span> <span class='ocrx_word' id='word_1_100' title='bbox 1413 1717 1448 1786; x_wconf 89' lang='lat' dir='ltr'>ct</span> <span class='ocrx_word' id='word_1_101' title='bbox 1475 1713 1690 1806; x_wconf 89' lang='lat' dir='ltr'>praeiudicio,</span> 
     </span>
     <span class='ocr_line' id='line_1_11' title="bbox 138 1833 1690 1931; baseline -0.003 -21"><span class='ocrx_word' id='word_1_102' title='bbox 138 1859 304 1931; x_wconf 87' lang='lat' dir='ltr'>praeceps</span> <span class='ocrx_word' id='word_1_103' title='bbox 330 1837 512 1911; x_wconf 87' lang='lat' dir='ltr'>ferebatur.</span> <span class='ocrx_word' id='word_1_104' title='bbox 549 1835 614 1908; x_wconf 91' lang='lat' dir='ltr'>His</span> <span class='ocrx_word' id='word_1_105' title='bbox 641 1836 829 1923; x_wconf 74' lang='lat' dir='ltr'>accedebat,</span> <span class='ocrx_word' id='word_1_106' title='bbox 858 1835 946 1926; x_wconf 90' lang='lat' dir='ltr'>quod</span> <span class='ocrx_word' id='word_1_107' title='bbox 973 1851 1092 1908; x_wconf 84' lang='lat' dir='ltr'>canum</span> <span class='ocrx_word' id='word_1_108' title='bbox 1120 1833 1245 1906; x_wconf 89' lang='lat' dir='ltr'>niruius</span> <span class='ocrx_word' id='word_1_109' title='bbox 1272 1837 1307 1906; x_wconf 91' lang='lat' dir='ltr'>et</span> <span class='ocrx_word' id='word_1_110' title='bbox 1334 1834 1572 1908; x_wconf 86' lang='lat' dir='ltr'>immoderatus</span> <span class='ocrx_word' id='word_1_111' title='bbox 1599 1855 1690 1906; x_wconf 91' lang='lat' dir='ltr'>arua·</span> 
     </span>
     <span class='ocr_line' id='line_1_12' title="bbox 137 1955 1690 2049; baseline -0.004 -17"><span class='ocrx_word' id='word_1_112' title='bbox 137 1963 199 2032; x_wconf 91' lang='lat' dir='ltr'>tor</span> <span class='ocrx_word' id='word_1_113' title='bbox 225 1963 260 2032; x_wconf 89' lang='lat' dir='ltr'>ct</span> <span class='ocrx_word' id='word_1_114' title='bbox 286 1960 385 2047; x_wconf 90' lang='lat' dir='ltr'>fotor,</span> <span class='ocrx_word' id='word_1_115' title='bbox 415 1958 630 2030; x_wconf 85' lang='lat' dir='ltr'>venationum</span> <span class='ocrx_word' id='word_1_116' title='bbox 666 1978 797 2048; x_wconf 89' lang='lat' dir='ltr'>quoque</span> <span class='ocrx_word' id='word_1_117' title='bbox 832 1957 1024 2030; x_wconf 79' lang='lat' dir='ltr'>excessivos</span> <span class='ocrx_word' id='word_1_118' title='bbox 1053 1959 1089 2028; x_wconf 91' lang='lat' dir='ltr'>et</span> <span class='ocrx_word' id='word_1_119' title='bbox 1115 1956 1373 2049; x_wconf 85' lang='lat' dir='ltr'>intempestivus</span> <span class='ocrx_word' id='word_1_120' title='bbox 1408 1957 1583 2043; x_wconf 86' lang='lat' dir='ltr'>tractator,</span> <span class='ocrx_word' id='word_1_121' title='bbox 1620 1955 1690 2028; x_wconf 83' lang='lat' dir='ltr'>tam</span> 
     </span>
     <span class='ocr_line' id='line_1_13' title="bbox 135 2074 1689 2170; baseline -0.005 -16"><span class='ocrx_word' id='word_1_122' title='bbox 135 2079 382 2154; x_wconf 86' lang='lat' dir='ltr'>ecclesiasticis</span> <span class='ocrx_word' id='word_1_123' title='bbox 409 2100 508 2170; x_wconf 85' lang='lat' dir='ltr'>quam</span> <span class='ocrx_word' id='word_1_124' title='bbox 537 2077 764 2151; x_wconf 90' lang='lat' dir='ltr'>saecularibus</span> <span class='ocrx_word' id='word_1_125' title='bbox 785 2077 808 2170; x_wconf 84' lang='lat'>¹)</span> <span class='ocrx_word' id='word_1_126' title='bbox 835 2080 950 2150; x_wconf 91' lang='lat' dir='ltr'>crebra</span> <span class='ocrx_word' id='word_1_127' title='bbox 987 2077 1139 2169; x_wconf 82' lang='lat' dir='ltr'>irrogans</span> <span class='ocrx_word' id='word_1_128' title='bbox 1171 2081 1205 2150; x_wconf 91' lang='lat' dir='ltr'>et</span> <span class='ocrx_word' id='word_1_129' title='bbox 1233 2076 1446 2168; x_wconf 85' lang='lat' dir='ltr'>ingeminans</span> <span class='ocrx_word' id='word_1_130' title='bbox 1481 2074 1689 2170; x_wconf 80' lang='lat' dir='ltr'>gravamina,</span> 
     </span>
     <span class='ocr_line' id='line_1_14' title="bbox 140 2197 1688 2291; baseline -0.003 -19"><span class='ocrx_word' id='word_1_131' title='bbox 140 2199 312 2273; x_wconf 85' lang='lat' dir='ltr'>universis</span> <span class='ocrx_word' id='word_1_132' title='bbox 339 2199 408 2271; x_wconf 91' lang='lat' dir='ltr'>suis</span> <span class='ocrx_word' id='word_1_133' title='bbox 435 2198 589 2286; x_wconf 91' lang='lat' dir='ltr'>subditis,</span> <span class='ocrx_word' id='word_1_134' title='bbox 628 2198 687 2288; x_wconf 91' lang='lat' dir='ltr'>qui</span> <span class='ocrx_word' id='word_1_135' title='bbox 714 2221 773 2290; x_wconf 92' lang='lat' dir='ltr'>pro</span> <span class='ocrx_word' id='word_1_136' title='bbox 800 2221 840 2270; x_wconf 91' lang='lat' dir='ltr'>ea</span> <span class='ocrx_word' id='word_1_137' title='bbox 867 2199 1068 2291; x_wconf 88' lang='lat' dir='ltr'>tempestate</span> <span class='ocrx_word' id='word_1_138' title='bbox 1103 2199 1144 2271; x_wconf 88' lang='lat' dir='ltr'>ad</span> <span class='ocrx_word' id='word_1_139' title='bbox 1181 2197 1394 2270; x_wconf 88' lang='lat' dir='ltr'>tractandum</span> <span class='ocrx_word' id='word_1_140' title='bbox 1425 2199 1460 2268; x_wconf 91' lang='lat' dir='ltr'>et</span> <span class='ocrx_word' id='word_1_141' title='bbox 1487 2215 1688 2288; x_wconf 88' lang='lat' dir='ltr'>prosequen-</span> 
     </span>
     <span class='ocr_line' id='line_1_15' title="bbox 138 2313 1689 2410; baseline -0.004 -18"><span class='ocrx_word' id='word_1_142' title='bbox 138 2321 224 2392; x_wconf 92' lang='lat' dir='ltr'>dum</span> <span class='ocrx_word' id='word_1_143' title='bbox 252 2320 385 2392; x_wconf 90' lang='lat' dir='ltr'>ducales</span> <span class='ocrx_word' id='word_1_144' title='bbox 411 2317 617 2405; x_wconf 84' lang='lat' dir='ltr'>venationes,</span> <span class='ocrx_word' id='word_1_145' title='bbox 645 2319 686 2390; x_wconf 89' lang='lat' dir='ltr'>ad</span> <span class='ocrx_word' id='word_1_146' title='bbox 715 2318 932 2390; x_wconf 91' lang='lat' dir='ltr'>nutriendum</span> <span class='ocrx_word' id='word_1_147' title='bbox 959 2339 1090 2410; x_wconf 91' lang='lat' dir='ltr'>quoque</span> <span class='ocrx_word' id='word_1_148' title='bbox 1117 2318 1253 2392; x_wconf 89' lang='lat' dir='ltr'>ducales</span> <span class='ocrx_word' id='word_1_149' title='bbox 1279 2338 1378 2391; x_wconf 84' lang='lat' dir='ltr'>canes</span> <span class='ocrx_word' id='word_1_150' title='bbox 1416 2317 1513 2389; x_wconf 90' lang='lat' dir='ltr'>erant</span> <span class='ocrx_word' id='word_1_151' title='bbox 1542 2313 1689 2406; x_wconf 81' lang='lat' dir='ltr'>obnoxii,</span> 
     </span>
     <span class='ocr_line' id='line_1_16' title="bbox 139 2438 854 2534; baseline -0.004 -18"><span class='ocrx_word' id='word_1_152' title='bbox 139 2463 305 2516; x_wconf 90' lang='lat' dir='ltr'>onerosus</span> <span class='ocrx_word' id='word_1_153' title='bbox 331 2442 366 2514; x_wconf 92' lang='lat' dir='ltr'>et</span> <span class='ocrx_word' id='word_1_154' title='bbox 394 2438 619 2534; x_wconf 89' lang='lat' dir='ltr'>importabilis</span> <span class='ocrx_word' id='word_1_155' title='bbox 645 2441 854 2513; x_wconf 85' lang='lat' dir='ltr'>censebatur.</span> 
     </span>
    </p>
   </div>
   <div class='ocr_carea' id='block_1_3' title="bbox 140 2805 1692 3016">
    <p class='ocr_par' dir='ltr' id='par_1_3' title="bbox 140 2805 1692 3016">
     <span class='ocr_line' id='line_1_17' title="bbox 140 2805 1692 2896; baseline -0.003 -16"><span class='ocrx_word' id='word_1_156' title='bbox 140 2808 295 2880; x_wconf 80' lang='lat' dir='ltr'>titlraul</span> <span class='ocrx_word' id='word_1_157' title='bbox 320 2812 440 2879; x_wconf 72' lang='lat' dir='ltr'>burn</span> <span class='ocrx_word' id='word_1_158' title='bbox 467 2807 692 2879; x_wconf 71' lang='lat' dir='ltr'>bellicensem</span> <span class='ocrx_word' id='word_1_159' title='bbox 719 2805 930 2896; x_wconf 80' lang='lat' dir='ltr'>praedantur:</span> <span class='ocrx_word' id='word_1_160' title='bbox 962 2806 1048 2896; x_wconf 77' lang='lat' dir='ltr'>cuod</span> <span class='ocrx_word' id='word_1_161' title='bbox 1075 2806 1175 2878; x_wconf 79' lang='lat' dir='ltr'>ctiam</span> <span class='ocrx_word' id='word_1_162' title='bbox 1203 2808 1327 2878; x_wconf 72' lang='lat' dir='ltr'>aarum</span> <span class='ocrx_word' id='word_1_163' title='bbox 1352 2807 1454 2878; x_wconf 78' lang='lat' dir='ltr'>ream</span> <span class='ocrx_word' id='word_1_164' title='bbox 1481 2805 1692 2896; x_wconf 69' lang='lat' dir='ltr'>rrgganlono</span> 
     </span>
     <span class='ocr_line' id='line_1_18' title="bbox 571 2926 1265 3016; baseline -0.001 -17"><span class='ocrx_word' id='word_1_165' title='bbox 571 2927 661 2999; x_wconf 80' lang='lat' dir='ltr'>lculi</span> <span class='ocrx_word' id='word_1_166' title='bbox 689 2926 831 3016; x_wconf 79' lang='lat' dir='ltr'>episcopi</span> <span class='ocrx_word' id='word_1_167' title='bbox 859 2926 1081 2999; x_wconf 74' lang='lat' dir='ltr'>bracariensis</span> <span class='ocrx_word' id='word_1_168' title='bbox 1108 2927 1265 3000; x_wconf 78' lang='lat' dir='ltr'>cremare.</span> 
     </span>
    </p>
   </div>
   <div class='ocr_carea' id='block_1_4' title="bbox 141 3165 1693 5192">
    <p class='ocr_par' dir='ltr' id='par_1_4' title="bbox 141 3165 1693 5192">
     <span class='ocr_line' id='line_1_19' title="bbox 248 3165 1693 3268; baseline 0 -28"><span class='ocrx_word' id='word_1_169' title='bbox 248 3167 413 3260; x_wconf 87' lang='lat' dir='ltr'>Oppresso</span> <span class='ocrx_word' id='word_1_170' title='bbox 440 3167 531 3240; x_wconf 86' lang='lat' dir='ltr'>civili</span> <span class='ocrx_word' id='word_1_171' title='bbox 544 3261 547 3268; x_wconf 18' lang='lat' dir='ltr'>y</span> <span class='ocrx_word' id='word_1_172' title='bbox 560 3167 659 3256; x_wconf 90' lang='lat' dir='ltr'>bello,</span> <span class='ocrx_word' id='word_1_173' title='bbox 697 3167 790 3240; x_wconf 91' lang='lat' dir='ltr'>aliud</span> <span class='ocrx_word' id='word_1_174' title='bbox 818 3165 1026 3238; x_wconf 89' lang='lat' dir='ltr'>barbaricum</span> <span class='ocrx_word' id='word_1_175' title='bbox 1063 3187 1166 3257; x_wconf 90' lang='lat' dir='ltr'>aeque</span> <span class='ocrx_word' id='word_1_176' title='bbox 1202 3166 1404 3240; x_wconf 91' lang='lat' dir='ltr'>horrendum</span> <span class='ocrx_word' id='word_1_177' title='bbox 1431 3167 1466 3238; x_wconf 91' lang='lat' dir='ltr'>ct</span> <span class='ocrx_word' id='word_1_178' title='bbox 1493 3166 1693 3240; x_wconf 85' lang='lat' dir='ltr'>detestabile</span> 
     </span>
     <span class='ocr_line' id='line_1_20' title="bbox 141 3286 1691 3382; baseline -0.002 -20"><span class='ocrx_word' id='word_1_179' title='bbox 141 3287 292 3363; x_wconf 89' lang='lat' dir='ltr'>emersit.</span> <span class='ocrx_word' id='word_1_180' title='bbox 339 3286 502 3360; x_wconf 84' lang='lat' dir='ltr'>Lithuani</span> <span class='ocrx_word' id='word_1_181' title='bbox 539 3287 704 3379; x_wconf 89' lang='lat' dir='ltr'>siquidem</span> <span class='ocrx_word' id='word_1_182' title='bbox 741 3287 908 3382; x_wconf 84' lang='lat' dir='ltr'>gentiles,</span> <span class='ocrx_word' id='word_1_183' title='bbox 946 3287 1194 3360; x_wconf 89' lang='lat' dir='ltr'>Pruthenorum</span> <span class='ocrx_word' id='word_1_184' title='bbox 1230 3288 1333 3360; x_wconf 90' lang='lat' dir='ltr'>etiam</span> <span class='ocrx_word' id='word_1_185' title='bbox 1369 3291 1404 3361; x_wconf 91' lang='lat' dir='ltr'>et</span> <span class='ocrx_word' id='word_1_186' title='bbox 1439 3286 1691 3380; x_wconf 88' lang='lat' dir='ltr'>Samagitarum</span> 
     </span>
     <span class='ocr_line' id='line_1_21' title="bbox 142 3406 1691 3501; baseline -0.001 -19"><span class='ocrx_word' id='word_1_187' title='bbox 142 3407 274 3482; x_wconf 86' lang='lat' dir='ltr'>coaucti</span> <span class='ocrx_word' id='word_1_188' title='bbox 302 3407 435 3481; x_wconf 91' lang='lat' dir='ltr'>solatiis</span> <span class='ocrx_word' id='word_1_189' title='bbox 449 3406 489 3498; x_wconf 49' lang='grc' dir='ltr'>Ἰ),</span> <span class='ocrx_word' id='word_1_190' title='bbox 518 3407 636 3481; x_wconf 91' lang='lat' dir='ltr'>hostili</span> <span class='ocrx_word' id='word_1_191' title='bbox 663 3411 698 3481; x_wconf 93' lang='lat' dir='ltr'>et</span> <span class='ocrx_word' id='word_1_192' title='bbox 724 3408 821 3501; x_wconf 86' lang='lat' dir='ltr'>gravi</span> <span class='ocrx_word' id='word_1_193' title='bbox 849 3407 999 3482; x_wconf 85' lang='lat' dir='ltr'>exercitu</span> <span class='ocrx_word' id='word_1_194' title='bbox 1027 3407 1213 3482; x_wconf 89' lang='lat' dir='ltr'>interram</span> <span class='ocrx_word' id='word_1_195' title='bbox 1241 3407 1483 3481; x_wconf 80' lang='lat' dir='ltr'>bublinensem</span> <span class='ocrx_word' id='word_1_196' title='bbox 1511 3407 1620 3500; x_wconf 90' lang='lat' dir='ltr'>prima</span> <span class='ocrx_word' id='word_1_197' title='bbox 1637 3407 1691 3480; x_wconf 93' lang='lat' dir='ltr'>die</span> 
     </span>
     <span class='ocr_line' id='line_1_22' title="bbox 145 3519 1692 3622; baseline 0 -22"><span class='ocrx_word' id='word_1_198' title='bbox 145 3527 271 3602; x_wconf 91' lang='lat' dir='ltr'>mensis</span> <span class='ocrx_word' id='word_1_199' title='bbox 298 3527 379 3601; x_wconf 91' lang='lat' dir='ltr'>Iulii</span> <span class='ocrx_word' id='word_1_200' title='bbox 406 3519 622 3617; x_wconf 89' lang='lat' dir='ltr'>descendunt,</span> <span class='ocrx_word' id='word_1_201' title='bbox 659 3531 693 3601; x_wconf 90' lang='lat' dir='ltr'>et</span> <span class='ocrx_word' id='word_1_202' title='bbox 720 3529 876 3602; x_wconf 91' lang='lat' dir='ltr'>Boleslao</span> <span class='ocrx_word' id='word_1_203' title='bbox 913 3529 1037 3602; x_wconf 92' lang='lat' dir='ltr'>Pudico</span> <span class='ocrx_word' id='word_1_204' title='bbox 1073 3530 1163 3601; x_wconf 89' lang='lat' dir='ltr'>Duce</span> <span class='ocrx_word' id='word_1_205' title='bbox 1199 3532 1271 3601; x_wconf 94' lang='lat' dir='ltr'>tum</span> <span class='ocrx_word' id='word_1_206' title='bbox 1309 3530 1445 3622; x_wconf 91' lang='lat' dir='ltr'>propter</span> <span class='ocrx_word' id='word_1_207' title='bbox 1481 3528 1630 3600; x_wconf 89' lang='lat' dir='ltr'>subitum</span> <span class='ocrx_word' id='word_1_208' title='bbox 1656 3529 1692 3600; x_wconf 92' lang='lat' dir='ltr'>et</span> 
     </span>
     <span class='ocr_line' id='line_1_23' title="bbox 143 3648 1691 3742; baseline -0.001 -20"><span class='ocrx_word' id='word_1_209' title='bbox 143 3649 357 3742; x_wconf 90' lang='lat' dir='ltr'>inopinatum</span> <span class='ocrx_word' id='word_1_210' title='bbox 384 3649 521 3722; x_wconf 91' lang='lat' dir='ltr'>illorum</span> <span class='ocrx_word' id='word_1_211' title='bbox 548 3649 741 3740; x_wconf 85' lang='lat' dir='ltr'>adrentum,</span> <span class='ocrx_word' id='word_1_212' title='bbox 775 3653 848 3724; x_wconf 92' lang='lat' dir='ltr'>tum</span> <span class='ocrx_word' id='word_1_213' title='bbox 878 3653 1013 3742; x_wconf 90' lang='lat' dir='ltr'>propter</span> <span class='ocrx_word' id='word_1_214' title='bbox 1040 3649 1240 3724; x_wconf 87' lang='lat' dir='ltr'>diminutam</span> <span class='ocrx_word' id='word_1_215' title='bbox 1268 3672 1312 3722; x_wconf 89' lang='lat' dir='ltr'>ex</span> <span class='ocrx_word' id='word_1_216' title='bbox 1338 3648 1428 3724; x_wconf 83' lang='lat' dir='ltr'>ciuili</span> <span class='ocrx_word' id='word_1_217' title='bbox 1460 3649 1546 3724; x_wconf 88' lang='lat' dir='ltr'>bello</span> <span class='ocrx_word' id='word_1_218' title='bbox 1573 3659 1691 3742; x_wconf 82' lang='lat' dir='ltr'>poten-</span> 
     </span>
     <span class='ocr_line' id='line_1_24' title="bbox 143 3768 1691 3864; baseline 0 -22"><span class='ocrx_word' id='word_1_219' title='bbox 143 3770 240 3859; x_wconf 91' lang='lat' dir='ltr'>tiam,</span> <span class='ocrx_word' id='word_1_220' title='bbox 269 3769 340 3844; x_wconf 91' lang='lat' dir='ltr'>suis</span> <span class='ocrx_word' id='word_1_221' title='bbox 367 3793 432 3844; x_wconf 93' lang='lat' dir='ltr'>non</span> <span class='ocrx_word' id='word_1_222' title='bbox 460 3771 589 3846; x_wconf 82' lang='lat' dir='ltr'>ferente</span> <span class='ocrx_word' id='word_1_223' title='bbox 616 3793 723 3864; x_wconf 91' lang='lat' dir='ltr'>opem,</span> <span class='ocrx_word' id='word_1_224' title='bbox 752 3771 952 3863; x_wconf 83' lang='lat' dir='ltr'>grassantur</span> <span class='ocrx_word' id='word_1_225' title='bbox 967 3768 995 3862; x_wconf 81' lang='lat'>³)</span> <span class='ocrx_word' id='word_1_226' title='bbox 1022 3771 1153 3844; x_wconf 89' lang='lat' dir='ltr'>barbari</span> <span class='ocrx_word' id='word_1_227' title='bbox 1186 3771 1314 3864; x_wconf 90' lang='lat' dir='ltr'>passim</span> <span class='ocrx_word' id='word_1_228' title='bbox 1341 3770 1376 3844; x_wconf 93' lang='lat' dir='ltr'>in</span> <span class='ocrx_word' id='word_1_229' title='bbox 1403 3791 1529 3860; x_wconf 88' lang='lat' dir='ltr'>omnes,</span> <span class='ocrx_word' id='word_1_230' title='bbox 1558 3770 1594 3844; x_wconf 91' lang='lat' dir='ltr'>et</span> <span class='ocrx_word' id='word_1_231' title='bbox 1620 3791 1691 3842; x_wconf 89' lang='lat' dir='ltr'>ma-</span> 
     </span>
     <span class='ocr_line' id='line_1_25' title="bbox 144 3890 1691 3985; baseline 0.001 -23"><span class='ocrx_word' id='word_1_232' title='bbox 144 3891 249 3964; x_wconf 89' lang='lat' dir='ltr'>iorem</span> <span class='ocrx_word' id='word_1_233' title='bbox 277 3893 404 3983; x_wconf 90' lang='lat' dir='ltr'>partem</span> <span class='ocrx_word' id='word_1_234' title='bbox 433 3893 555 3965; x_wconf 88' lang='lat' dir='ltr'>terrae.</span> <span class='ocrx_word' id='word_1_235' title='bbox 573 3893 745 3984; x_wconf 85' lang='lat' dir='ltr'>praefatae</span> <span class='ocrx_word' id='word_1_236' title='bbox 764 3891 980 3965; x_wconf 70' lang='lat' dir='ltr'>Irublinensis</span> <span class='ocrx_word' id='word_1_237' title='bbox 998 3892 1217 3984; x_wconf 85' lang='lat' dir='ltr'>peragrando,</span> <span class='ocrx_word' id='word_1_238' title='bbox 1247 3893 1282 3964; x_wconf 93' lang='lat' dir='ltr'>et</span> <span class='ocrx_word' id='word_1_239' title='bbox 1301 3890 1454 3966; x_wconf 89' lang='lat' dir='ltr'>incendia</span> <span class='ocrx_word' id='word_1_240' title='bbox 1480 3893 1515 3965; x_wconf 90' lang='lat' dir='ltr'>et</span> <span class='ocrx_word' id='word_1_241' title='bbox 1542 3893 1691 3985; x_wconf 86' lang='lat' dir='ltr'>stragem</span> 
     </span>
     <span class='ocr_line' id='line_1_26' title="bbox 145 4011 1692 4105; baseline 0 -21"><span class='ocrx_word' id='word_1_242' title='bbox 145 4011 369 4086; x_wconf 88' lang='lat' dir='ltr'>miserabilem</span> <span class='ocrx_word' id='word_1_243' title='bbox 405 4011 520 4099; x_wconf 90' lang='lat' dir='ltr'>edunt,</span> <span class='ocrx_word' id='word_1_244' title='bbox 553 4015 589 4086; x_wconf 91' lang='lat' dir='ltr'>et</span> <span class='ocrx_word' id='word_1_245' title='bbox 617 4013 741 4086; x_wconf 92' lang='lat' dir='ltr'>multos</span> <span class='ocrx_word' id='word_1_246' title='bbox 778 4013 937 4086; x_wconf 87' lang='lat' dir='ltr'>mortales</span> <span class='ocrx_word' id='word_1_247' title='bbox 973 4033 1048 4086; x_wconf 92' lang='lat' dir='ltr'>cum</span> <span class='ocrx_word' id='word_1_248' title='bbox 1084 4011 1202 4104; x_wconf 90' lang='lat' dir='ltr'>spoliis</span> <span class='ocrx_word' id='word_1_249' title='bbox 1229 4013 1264 4086; x_wconf 93' lang='lat' dir='ltr'>et</span> <span class='ocrx_word' id='word_1_250' title='bbox 1292 4033 1407 4105; x_wconf 91' lang='lat' dir='ltr'>pecore</span> <span class='ocrx_word' id='word_1_251' title='bbox 1434 4011 1468 4084; x_wconf 88' lang='lat' dir='ltr'>in</span> <span class='ocrx_word' id='word_1_252' title='bbox 1495 4011 1692 4087; x_wconf 86' lang='lat' dir='ltr'>seruitutem</span> 
     </span>
     <span class='ocr_line' id='line_1_27' title="bbox 145 4133 1691 4226; baseline 0.001 -21"><span class='ocrx_word' id='word_1_253' title='bbox 145 4133 326 4206; x_wconf 90' lang='lat' dir='ltr'>abducunt.</span> <span class='ocrx_word' id='word_1_254' title='bbox 364 4133 590 4206; x_wconf 89' lang='lat' dir='ltr'>Insimulatus</span> <span class='ocrx_word' id='word_1_255' title='bbox 617 4137 669 4207; x_wconf 91' lang='lat' dir='ltr'>est</span> <span class='ocrx_word' id='word_1_256' title='bbox 695 4134 797 4208; x_wconf 90' lang='lat' dir='ltr'>etiam</span> <span class='ocrx_word' id='word_1_257' title='bbox 824 4136 859 4208; x_wconf 91' lang='lat' dir='ltr'>et</span> <span class='ocrx_word' id='word_1_258' title='bbox 886 4134 972 4208; x_wconf 90' lang='lat' dir='ltr'>banc</span> <span class='ocrx_word' id='word_1_259' title='bbox 999 4134 1127 4208; x_wconf 90' lang='lat' dir='ltr'>cladem</span> <span class='ocrx_word' id='word_1_260' title='bbox 1156 4135 1283 4208; x_wconf 87' lang='lat' dir='ltr'>Paulus</span> <span class='ocrx_word' id='word_1_261' title='bbox 1310 4133 1537 4207; x_wconf 78' lang='lat' dir='ltr'>bracariensis</span> <span class='ocrx_word' id='word_1_262' title='bbox 1563 4133 1691 4226; x_wconf 91' lang='lat' dir='ltr'>episco-</span> 
     </span>
     <span class='ocr_line' id='line_1_28' title="bbox 146 4253 1690 4347; baseline 0 -21"><span class='ocrx_word' id='word_1_263' title='bbox 146 4275 220 4346; x_wconf 89' lang='lat' dir='ltr'>pus,</span> <span class='ocrx_word' id='word_1_264' title='bbox 249 4253 503 4326; x_wconf 88' lang='lat' dir='ltr'>insimulatione</span> <span class='ocrx_word' id='word_1_265' title='bbox 539 4254 682 4347; x_wconf 84' lang='lat' dir='ltr'>vulgata</span> <span class='ocrx_word' id='word_1_266' title='bbox 708 4257 744 4328; x_wconf 90' lang='lat' dir='ltr'>et</span> <span class='ocrx_word' id='word_1_267' title='bbox 770 4254 910 4344; x_wconf 90' lang='lat' dir='ltr'>notoria,</span> <span class='ocrx_word' id='word_1_268' title='bbox 947 4254 1156 4328; x_wconf 75' lang='lat' dir='ltr'>bracariensi</span> <span class='ocrx_word' id='word_1_269' title='bbox 1192 4253 1275 4328; x_wconf 90' lang='lat' dir='ltr'>Duci</span> <span class='ocrx_word' id='word_1_270' title='bbox 1304 4255 1460 4328; x_wconf 90' lang='lat' dir='ltr'>Boleslao</span> <span class='ocrx_word' id='word_1_271' title='bbox 1487 4275 1547 4328; x_wconf 90' lang='lat' dir='ltr'>suo</span> <span class='ocrx_word' id='word_1_272' title='bbox 1574 4254 1690 4328; x_wconf 83' lang='lat' dir='ltr'>aduer-</span> 
     </span>
     <span class='ocr_line' id='line_1_29' title="bbox 144 4374 1690 4469; baseline 0 -23"><span class='ocrx_word' id='word_1_273' title='bbox 144 4376 233 4448; x_wconf 88' lang='lat' dir='ltr'>sario</span> <span class='ocrx_word' id='word_1_274' title='bbox 260 4376 296 4446; x_wconf 92' lang='lat' dir='ltr'>ct</span> <span class='ocrx_word' id='word_1_275' title='bbox 322 4376 431 4447; x_wconf 88' lang='lat' dir='ltr'>terrae</span> <span class='ocrx_word' id='word_1_276' title='bbox 459 4374 669 4464; x_wconf 82' lang='lat' dir='ltr'>bublinenai,</span> <span class='ocrx_word' id='word_1_277' title='bbox 698 4375 792 4450; x_wconf 87' lang='lat' dir='ltr'>uelut</span> <span class='ocrx_word' id='word_1_278' title='bbox 820 4375 855 4447; x_wconf 92' lang='lat' dir='ltr'>in</span> <span class='ocrx_word' id='word_1_279' title='bbox 883 4375 1046 4448; x_wconf 93' lang='lat' dir='ltr'>ultionem</span> <span class='ocrx_word' id='word_1_280' title='bbox 1073 4398 1185 4450; x_wconf 88' lang='lat' dir='ltr'>eorum</span> <span class='ocrx_word' id='word_1_281' title='bbox 1202 4377 1241 4468; x_wconf 76' lang='lat'>⁴),</span> <span class='ocrx_word' id='word_1_282' title='bbox 1269 4374 1327 4468; x_wconf 87' lang='lat' dir='ltr'>qui</span> <span class='ocrx_word' id='word_1_283' title='bbox 1355 4376 1397 4448; x_wconf 88' lang='lat' dir='ltr'>ad</span> <span class='ocrx_word' id='word_1_284' title='bbox 1415 4375 1580 4469; x_wconf 88' lang='lat' dir='ltr'>Bogebim</span> <span class='ocrx_word' id='word_1_285' title='bbox 1607 4374 1690 4449; x_wconf 88' lang='lat' dir='ltr'>ceci·</span> 
     </span>
     <span class='ocr_line' id='line_1_30' title="bbox 144 4495 1691 4589; baseline 0 -20"><span class='ocrx_word' id='word_1_286' title='bbox 144 4496 265 4569; x_wconf 88' lang='lat' dir='ltr'>derant</span> <span class='ocrx_word' id='word_1_287' title='bbox 279 4495 318 4586; x_wconf 81' lang='lat'>⁶),</span> <span class='ocrx_word' id='word_1_288' title='bbox 348 4516 552 4588; x_wconf 87' lang='lat' dir='ltr'>procurasse,</span> <span class='ocrx_word' id='word_1_289' title='bbox 581 4499 616 4572; x_wconf 91' lang='lat' dir='ltr'>et</span> <span class='ocrx_word' id='word_1_290' title='bbox 643 4495 830 4570; x_wconf 82' lang='lat' dir='ltr'>Litbuanos</span> <span class='ocrx_word' id='word_1_291' title='bbox 858 4499 979 4589; x_wconf 89' lang='lat' dir='ltr'>suapte</span> <span class='ocrx_word' id='word_1_292' title='bbox 1015 4497 1092 4570; x_wconf 89' lang='lat' dir='ltr'>fidei</span> <span class='ocrx_word' id='word_1_293' title='bbox 1125 4495 1337 4570; x_wconf 77' lang='lat' dir='ltr'>christianae</span> <span class='ocrx_word' id='word_1_294' title='bbox 1352 4496 1380 4589; x_wconf 80' lang='grc'>6)</span> <span class='ocrx_word' id='word_1_295' title='bbox 1407 4498 1442 4571; x_wconf 91' lang='lat' dir='ltr'>et</span> <span class='ocrx_word' id='word_1_296' title='bbox 1469 4495 1604 4570; x_wconf 89' lang='lat' dir='ltr'>Polonis</span> <span class='ocrx_word' id='word_1_297' title='bbox 1631 4495 1691 4570; x_wconf 93' lang='lat' dir='ltr'>bo·</span> 
     </span>
     <span class='ocr_line' id='line_1_31' title="bbox 144 4614 1692 4718; baseline 0 -29"><span class='ocrx_word' id='word_1_298' title='bbox 144 4617 223 4704; x_wconf 73' lang='lat' dir='ltr'>stes</span> <span class='ocrx_word' id='word_1_299' title='bbox 252 4615 294 4688; x_wconf 91' lang='lat' dir='ltr'>ad</span> <span class='ocrx_word' id='word_1_300' title='bbox 322 4614 533 4688; x_wconf 84' lang='lat' dir='ltr'>inferendum</span> <span class='ocrx_word' id='word_1_301' title='bbox 561 4616 696 4690; x_wconf 91' lang='lat' dir='ltr'>Polonis</span> <span class='ocrx_word' id='word_1_302' title='bbox 723 4619 758 4690; x_wconf 92' lang='lat' dir='ltr'>et</span> <span class='ocrx_word' id='word_1_303' title='bbox 785 4616 970 4691; x_wconf 87' lang='lat' dir='ltr'>Ducatibue</span> <span class='ocrx_word' id='word_1_304' title='bbox 996 4617 1145 4718; x_wconf 84' lang='lat' dir='ltr'>Boleelai</span> <span class='ocrx_word' id='word_1_305' title='bbox 1174 4616 1289 4691; x_wconf 93' lang='lat' dir='ltr'>Pudici</span> <span class='ocrx_word' id='word_1_306' title='bbox 1318 4617 1455 4706; x_wconf 91' lang='lat' dir='ltr'>bellum,</span> <span class='ocrx_word' id='word_1_307' title='bbox 1483 4619 1554 4690; x_wconf 92' lang='lat' dir='ltr'>tam</span> <span class='ocrx_word' id='word_1_308' title='bbox 1582 4617 1692 4690; x_wconf 87' lang='lat' dir='ltr'>literis</span> 
     </span>
     <span class='ocr_line' id='line_1_32' title="bbox 143 4735 1691 4827; baseline 0.001 -19"><span class='ocrx_word' id='word_1_309' title='bbox 143 4757 245 4827; x_wconf 86' lang='lat' dir='ltr'>quam</span> <span class='ocrx_word' id='word_1_310' title='bbox 273 4735 413 4823; x_wconf 89' lang='lat' dir='ltr'>nuntiis,</span> <span class='ocrx_word' id='word_1_311' title='bbox 451 4739 613 4826; x_wconf 91' lang='lat' dir='ltr'>tauquam</span> <span class='ocrx_word' id='word_1_312' title='bbox 652 4737 902 4811; x_wconf 85' lang='lat' dir='ltr'>confoederatos</span> <span class='ocrx_word' id='word_1_313' title='bbox 928 4739 963 4814; x_wconf 91' lang='lat' dir='ltr'>et</span> <span class='ocrx_word' id='word_1_314' title='bbox 989 4737 1111 4810; x_wconf 79' lang='lat' dir='ltr'>affines</span> <span class='ocrx_word' id='word_1_315' title='bbox 1139 4759 1227 4826; x_wconf 85' lang='lat' dir='ltr'>suos,</span> <span class='ocrx_word' id='word_1_316' title='bbox 1257 4737 1455 4812; x_wconf 88' lang='lat' dir='ltr'>incendisse.</span> <span class='ocrx_word' id='word_1_317' title='bbox 1500 4738 1691 4812; x_wconf 88' lang='lat' dir='ltr'>Occisorurn</span> 
     </span>
     <span class='ocr_line' id='line_1_33' title="bbox 143 4855 1691 4950; baseline 0.001 -22"><span class='ocrx_word' id='word_1_318' title='bbox 143 4877 276 4948; x_wconf 90' lang='lat' dir='ltr'>quoque</span> <span class='ocrx_word' id='word_1_319' title='bbox 303 4856 344 4929; x_wconf 92' lang='lat' dir='ltr'>ad</span> <span class='ocrx_word' id='word_1_320' title='bbox 372 4855 537 4949; x_wconf 85' lang='lat' dir='ltr'>Bogebim</span> <span class='ocrx_word' id='word_1_321' title='bbox 565 4857 744 4931; x_wconf 89' lang='lat' dir='ltr'>domestico</span> <span class='ocrx_word' id='word_1_322' title='bbox 771 4858 860 4932; x_wconf 86' lang='lat' dir='ltr'>bello</span> <span class='ocrx_word' id='word_1_323' title='bbox 886 4861 922 4932; x_wconf 90' lang='lat' dir='ltr'>et</span> <span class='ocrx_word' id='word_1_324' title='bbox 948 4858 982 4930; x_wconf 93' lang='lat' dir='ltr'>iu</span> <span class='ocrx_word' id='word_1_325' title='bbox 1010 4857 1210 4931; x_wconf 82' lang='lat' dir='ltr'>Lublincnei</span> <span class='ocrx_word' id='word_1_326' title='bbox 1237 4859 1329 4930; x_wconf 91' lang='lat' dir='ltr'>terra</span> <span class='ocrx_word' id='word_1_327' title='bbox 1363 4859 1515 4946; x_wconf 84' lang='lat' dir='ltr'>externo,</span> <span class='ocrx_word' id='word_1_328' title='bbox 1551 4857 1691 4950; x_wconf 89' lang='lat' dir='ltr'>sanguis</span> 
     </span>
     <span class='ocr_line' id='line_1_34' title="bbox 142 4975 1690 5069; baseline 0 -19"><span class='ocrx_word' id='word_1_329' title='bbox 142 4976 225 5050; x_wconf 91' lang='lat' dir='ltr'>adeo</span> <span class='ocrx_word' id='word_1_330' title='bbox 252 4975 303 5048; x_wconf 96' lang='lat' dir='ltr'>illi</span> <span class='ocrx_word' id='word_1_331' title='bbox 332 4976 522 5069; x_wconf 87' lang='lat' dir='ltr'>imputatus</span> <span class='ocrx_word' id='word_1_332' title='bbox 549 4978 612 5066; x_wconf 88' lang='lat' dir='ltr'>est,</span> <span class='ocrx_word' id='word_1_333' title='bbox 641 4979 680 5049; x_wconf 92' lang='lat' dir='ltr'>ut</span> <span class='ocrx_word' id='word_1_334' title='bbox 707 4977 1003 5052; x_wconf 86' lang='lat' dir='ltr'>circumstantibus</span> <span class='ocrx_word' id='word_1_335' title='bbox 1031 4978 1128 5051; x_wconf 93' lang='lat' dir='ltr'>illum</span> <span class='ocrx_word' id='word_1_336' title='bbox 1156 4977 1191 5050; x_wconf 92' lang='lat' dir='ltr'>in</span> <span class='ocrx_word' id='word_1_337' title='bbox 1219 4978 1419 5053; x_wconf 85' lang='lat' dir='ltr'>monasterio</span> <span class='ocrx_word' id='word_1_338' title='bbox 1445 4979 1589 5052; x_wconf 88' lang='lat' dir='ltr'>Sanctae</span> <span class='ocrx_word' id='word_1_339' title='bbox 1615 4977 1690 5050; x_wconf 79' lang='lat' dir='ltr'>Tri·</span> 
     </span>
     <span class='ocr_line' id='line_1_35' title="bbox 142 5095 1689 5192; baseline 0.001 -25"><span class='ocrx_word' id='word_1_340' title='bbox 142 5095 264 5168; x_wconf 92' lang='lat' dir='ltr'>nitatis</span> <span class='ocrx_word' id='word_1_341' title='bbox 290 5095 417 5168; x_wconf 88' lang='lat' dir='ltr'>ordinis</span> <span class='ocrx_word' id='word_1_342' title='bbox 437 5096 709 5170; x_wconf 89' lang='lat' dir='ltr'>Praedicatorum</span> <span class='ocrx_word' id='word_1_343' title='bbox 738 5098 773 5170; x_wconf 89' lang='lat' dir='ltr'>in</span> <span class='ocrx_word' id='word_1_344' title='bbox 800 5097 957 5172; x_wconf 78' lang='lat' dir='ltr'>Gracoria</span> <span class='ocrx_word' id='word_1_345' title='bbox 984 5101 1066 5172; x_wconf 91' lang='lat' dir='ltr'>tunc</span> <span class='ocrx_word' id='word_1_346' title='bbox 1083 5101 1341 5173; x_wconf 88' lang='lat' dir='ltr'>commorantem</span> <span class='ocrx_word' id='word_1_347' title='bbox 1360 5098 1580 5192; x_wconf 88' lang='lat' dir='ltr'>septuaginta</span> <span class='ocrx_word' id='word_1_348' title='bbox 1598 5097 1689 5189; x_wconf 85' lang='lat' dir='ltr'>uiris,</span> 
     </span>
    </p>
   </div>
   <div class='ocr_carea' id='block_1_5' title="bbox 141 5368 1691 5556">
    <p class='ocr_par' dir='ltr' id='par_1_5' title="bbox 141 5368 1691 5556">
     <span class='ocr_line' id='line_1_36' title="bbox 252 5368 1689 5450; baseline 0.001 -20"><span class='ocrx_word' id='word_1_349' title='bbox 252 5368 275 5448; x_wconf 89' lang='lat'>¹)</span> <span class='ocrx_word' id='word_1_350' title='bbox 298 5372 498 5432; x_wconf 84' lang='lat' dir='ltr'>saecularibus</span> <span class='ocrx_word' id='word_1_351' title='bbox 520 5373 590 5432; x_wconf 87' lang='lat' dir='ltr'>viris</span> <span class='ocrx_word' id='word_1_352' title='bbox 624 5371 695 5436; x_wconf 81' lang='lat' dir='ltr'>coo.</span> <span class='ocrx_word' id='word_1_353' title='bbox 718 5375 809 5436; x_wconf 76' lang='lat' dir='ltr'>Roar.</span> <span class='ocrx_word' id='word_1_354' title='bbox 850 5371 877 5450; x_wconf 63' lang='grc'>2)</span> <span class='ocrx_word' id='word_1_355' title='bbox 900 5375 1016 5434; x_wconf 84' lang='lat' dir='ltr'>auxiliis</span> <span class='ocrx_word' id='word_1_356' title='bbox 1051 5374 1121 5436; x_wconf 86' lang='lat' dir='ltr'>Ood.</span> <span class='ocrx_word' id='word_1_357' title='bbox 1145 5375 1238 5436; x_wconf 79' lang='lat' dir='ltr'>Rosr.</span> <span class='ocrx_word' id='word_1_358' title='bbox 1277 5371 1304 5450; x_wconf 81' lang='lat'>³)</span> <span class='ocrx_word' id='word_1_359' title='bbox 1327 5374 1592 5447; x_wconf 81' lang='lat' dir='ltr'>congrassabantur</span> <span class='ocrx_word' id='word_1_360' title='bbox 1617 5371 1689 5434; x_wconf 72' lang='lat' dir='ltr'>(lod.</span> 
     </span>
     <span class='ocr_line' id='line_1_37' title="bbox 141 5471 1691 5556; baseline 0.001 -20"><span class='ocrx_word' id='word_1_361' title='bbox 141 5477 239 5536; x_wconf 75' lang='lat' dir='ltr'>Rorr.</span> <span class='ocrx_word' id='word_1_362' title='bbox 272 5471 298 5552; x_wconf 87' lang='lat'>⁴)</span> <span class='ocrx_word' id='word_1_363' title='bbox 318 5476 437 5540; x_wconf 79' lang='lat' dir='ltr'>brorum</span> <span class='ocrx_word' id='word_1_364' title='bbox 464 5474 534 5540; x_wconf 81' lang='lat' dir='ltr'>coa.</span> <span class='ocrx_word' id='word_1_365' title='bbox 555 5476 648 5538; x_wconf 75' lang='lat' dir='ltr'>Roar.</span> <span class='ocrx_word' id='word_1_366' title='bbox 682 5473 709 5553; x_wconf 61' lang='grc' dir='ltr'>ὗ)</span> <span class='ocrx_word' id='word_1_367' title='bbox 731 5479 810 5538; x_wconf 83' lang='lat' dir='ltr'>caesi</span> <span class='ocrx_word' id='word_1_368' title='bbox 826 5483 894 5538; x_wconf 84' lang='lat' dir='ltr'>suut</span> <span class='ocrx_word' id='word_1_369' title='bbox 918 5476 988 5542; x_wconf 76' lang='lat' dir='ltr'>cod.</span> <span class='ocrx_word' id='word_1_370' title='bbox 1011 5479 1104 5540; x_wconf 69' lang='lat' dir='ltr'>Roas.</span> <span class='ocrx_word' id='word_1_371' title='bbox 1136 5475 1163 5556; x_wconf 71' lang='grc' dir='ltr'>θ)</span> <span class='ocrx_word' id='word_1_372' title='bbox 1186 5478 1370 5540; x_wconf 81' lang='lat' dir='ltr'>Christianae</span> <span class='ocrx_word' id='word_1_373' title='bbox 1385 5477 1462 5542; x_wconf 63' lang='lat' dir='ltr'>deca</span> <span class='ocrx_word' id='word_1_374' title='bbox 1476 5479 1511 5540; x_wconf 78' lang='lat' dir='ltr'>ia</span> <span class='ocrx_word' id='word_1_375' title='bbox 1529 5475 1600 5542; x_wconf 80' lang='lat' dir='ltr'>coo.</span> <span class='ocrx_word' id='word_1_376' title='bbox 1617 5475 1691 5540; x_wconf 75' lang='lat' dir='ltr'>Aut.</span> 
     </span>
    </p>
   </div>
   <div class='ocr_carea' id='block_1_6' title="bbox 0 0 2089 6288">
    <p class='ocr_par' dir='ltr' id='par_1_6' title="bbox 0 0 2089 6288">
     <span class='ocr_line' id='line_1_38' title="bbox 0 0 2089 6288; baseline 0 0"><span class='ocrx_word' id='word_1_377' title='bbox 0 0 2089 6288; x_wconf 95' lang='lat' dir='ltr'> </span> 
     </span>
    </p>
   </div>
  </div>
 </body>
</html>
