4172 6278
142 567 198 676 (Α
214 563 269 656 'De
285 579 392 675 1213.)
764 599 877 654 omna
903 601 1058 656 sumnus.
1615 587 1689 661 195

141 789 269 886 recepit
294 787 530 886 Kyoniensem.
576 790 695 882 anue
719 787 830 885 prima
855 789 968 866 clades
993 788 1123 884 extltit,
1159 811 1262 885 qnam
1287 791 1439 869 Rutheni
1475 793 1645 890 pertulere
1670 817 1691 870 a

139 910 326 990 l'uurturis.
567 919 570 928 ‘
613 921 616 926 ’

239 1035 322 1112 Otto
347 1033 537 1130 Imperator
571 1035 726 1111 omnibus
760 1032 951 1130 insignibus
972 1033 996 1129 ¹)
1030 1033 1263 1130 imperialibus
1297 1037 1453 1130 functus,
1491 1039 1527 1113 et
1553 1039 1688 1114 nullum

138 1156 202 1233 sibi
228 1155 339 1233 sciens
365 1155 402 1231 in
427 1157 577 1253 Imperio
604 1156 858 1254 competitorem
883 1177 1069 1252 superesse,
1097 1157 1281 1233 insolenter
1308 1177 1344 1234 se
1371 1145 1498 1254 gerere,
1523 1163 1559 1235 st
1585 1161 1689 1236 Inno-

137 1277 248 1356 centio
273 1281 387 1374 Papae
413 1278 526 1372 terti0,
551 1278 658 1355 'ouius
684 1281 798 1356 fenore
824 1279 997 1375 protentus
1023 1283 1059 1355 ot
1085 1278 1223 1354 adintus
1250 1281 1293 1355 ad
1319 1280 1504 1376 Imperium
1530 1305 1687 1359 conscen-

137 1401 242 1492 derat,
271 1399 410 1477 rebellis
435 1402 472 1477 et
498 1401 710 1477 adversarius
737 1423 809 1476 esse
834 1399 964 1496 ooepit;
994 1401 1082 1476 uude
1107 1402 1144 1476 et
1168 1402 1327 1497 Regnum
1354 1391 1503 1495 Siclliae,
1531 1407 1688 1498 praeten-

136 1523 217 1598 dens
242 1521 330 1598 illud
357 1520 527 1618 portinere
555 1523 598 1598 ad
624 1521 829 1619 Imperium,
867 1521 1064 1598 Innocentio
1099 1523 1194 1617 Papu
1228 1520 1453 1617 nequicquam
1489 1525 1690 1620 prohibente

135 1647 170 1722 el
195 1644 364 1737 obstante,
401 1643 533 1720 invadit
558 1647 595 1721 ct
620 1665 780 1741 magnam
808 1643 902 1720 illius
928 1647 1071 1738 partem,
1108 1643 1308 1720 dedentibus
1335 1665 1371 1721 se
1397 1647 1458 1720 aut
1483 1647 1690 1742 expugnatis

134 1766 286 1860 urbibus,
314 1765 485 1842 lliderco
512 1766 668 1842 abstulit.
713 1768 857 1862 Propter
882 1787 984 1860 quam
1012 1787 1148 1841 causam
1174 1765 1394 1843 Innocentius
1419 1767 1544 1844 tertius
1572 1769 1689 1845 ridens

135 1911 207 1966 sese
227 1889 408 1985 deceptum
425 1890 469 1965 ab
488 1889 622 1982 Ottone,
650 1889 762 1985 ipsum
778 1886 1046 1964 excommunicat
1062 1890 1099 1964 et
1115 1891 1159 1963 ab
1176 1888 1324 1984 Imperio
1341 1889 1489 1984 deponit,
1518 1893 1555 1966 et
1572 1913 1687 1967 omnes

135 2010 313 2106 Principes
338 2011 375 2087 at
400 2012 543 2087 barones
570 2009 786 2086 addelitatis
814 2010 1003 2086 iuramento
1022 2011 1179 2102 absolvit,
1208 2009 1414 2103 mandatque
1432 2011 1646 2108 Prinpribus
1661 2012 1688 2107 ²)

135 2132 348 2225 electoribus,
376 2135 417 2208 nt
442 2134 486 2209 ad
513 2132 711 2209 electionem
737 2131 881 2208 alterius
907 2133 1099 2228 procedant.
1129 2131 1194 2228 Qui
1213 2132 1397 2229 apostolico
1415 2135 1573 2229 parentes
1591 2157 1687 2208 man·
1755 2197 1758 2203 .

134 2253 221 2346 mn,
251 2252 463 2330 Ibidericum
489 2254 671 2330 secuudum
698 2251 836 2330 Siciliae
862 2254 1004 2349 Regem,
1037 2275 1081 2329 ex
1107 2253 1254 2331 Henrico
1281 2254 1400 2346 quinto
1427 2257 1463 2330 et
1488 2253 1688 2331 Constantis

134 2377 298 2452 monacha
323 2377 439 2453 vetule
473 2375 639 2472 genitum,
669 2376 704 2450 ln
731 2377 972 2472 Imperatorem
1004 2375 1151 2472 eligunt.
1196 2375 1388 2452 I'ridcricus
1414 2379 1529 2452 autem
1555 2376 1592 2451 in
1619 2378 1687 2453 Re·

133 2519 208 2596 gem
234 2497 467 2574 Romanorum
498 2498 701 2590 declaratus,
735 2497 771 2572 in
798 2495 994 2573 Almaniam
1029 2499 1232 2575 descendens
1266 2500 1303 2574 et
1337 2500 1521 2576 conuentus
1556 2497 1688 2594 aliquot

132 2621 319 2712 celebrans,
356 2620 623 2696 benevolentum
649 2619 714 2696 sibi
741 2619 936 2697 conciliavit
970 2619 1177 2716 Principum,
1206 2622 1242 2697 et
1268 2643 1290 2696 a
1315 2620 1441 2696 Sifrido
1456 2619 1486 2716 ³)
1512 2621 1686 2717 lIagunti-

131 2742 225 2822 neuei
248 2741 501 2838 archIepisoopo
518 2745 554 2820 et
571 2741 787 2839 Apostolicoe
805 2741 902 2819 Sedis
923 2745 1005 2818 tunc
1022 2743 1163 2839 legato,
1191 2739 1399 2839 Aquisgrnni
1425 2744 1604 2819 coronatus
1622 2745 1685 2834 est,

128 2869 165 2946 et
189 2863 355 2944 dimonia
379 2864 482 2942 beIIIs
507 2867 544 2941 et
570 2865 808 2942 schismatibus
826 2864 1000 2941 intestinis
1018 2866 1147 2941 ferrare
1173 2864 1296 2961 coepit.
1324 2865 1391 2941 Hic
1408 2887 1577 2942 armorum
1596 2866 1683 2941 stre-

129 3009 227 3082 nuus,
255 2987 456 3085 linguarum
474 2987 616 3084 ponitus,
644 2975 826 3084 rigorosus,
854 2986 1060 3080 luxmiosus
1089 2986 1267 3084 Epicurus,
1294 2987 1384 3063 nihil
1402 3009 1525 3064 curans
1543 2988 1597 3065 vel
1613 3009 1686 3064 ore·

132 3110 222 3204 dens,
252 3107 324 3188 niel
338 3108 367 3206 ⁴)
392 3111 581 3207 temporale
606 3110 723 3187 fuerit.

192 3261 195 3270 ·
230 3230 402 3309 deserunt
438 3233 580 3309 annales
615 3233 857 3330 Hungarorum
892 3231 1040 3325 littoreo,
1077 3254 1116 3309 eo
1142 3255 1230 3308 anno
1256 3217 1452 3309 Gertrudim
1486 3230 1687 3328 Hungariee

132 3341 312 3458 Reginam,
348 3351 506 3432 Andreae
531 3353 596 3430 filii
622 3355 727 3432 Bolas
753 3353 951 3452 Hungariao
982 3353 1099 3451 Regis,
1137 3355 1324 3432 consortem
1359 3355 1395 3429 et
1421 3354 1540 3429 beatae
1572 3343 1685 3430 Elisa·

131 3477 208 3558 botb
235 3475 451 3574 genitricem,
479 3498 619 3553 uxorem
645 3477 838 3569 Bunkbani,
866 3477 903 3552 in
930 3476 1023 3554 curia
1036 3499 1099 3552 sua
1112 3478 1346 3554 obversantem
1360 3475 1400 3571 6),
1428 3475 1528 3551 tratri
1556 3496 1616 3551 suo
1643 3477 1687 3551 od

131 3598 344 3682 illudendum
370 3597 562 3691 tradidisse,
591 3601 626 3676 et
651 3599 877 3676 Bunlbanum
894 3600 936 3676 de
953 3621 1076 3695 genere
1102 3601 1171 3675 Bor
1197 3599 1375 3674 oriundum
1390 3597 1431 3693 θ),
1460 3597 1496 3672 in
1523 3598 1686 3673 ultionem

132 3721 241 3825 stupri
267 3719 386 3798 uxoris
412 3741 493 3796 suae
518 3720 688 3818 Reginam
714 3721 909 3800 GertruIIm
941 3721 1113 3816 occidisse,
1150 3721 1187 3797 in
1213 3741 1321 3819 genus
1347 3741 1480 3816 quoque
1505 3719 1685 3796 Banlbaui

127 3843 222 3925 uaria
247 3843 353 3922 caede
378 3841 545 3922 orantum
572 3863 656 3920 esee.

581 4203 790 4322 ANNUS
825 4202 1052 4319 DOMINI
1087 4202 1147 4318 12
1175 4202 1220 4317 3.

178 4455 353 4540 dtrtnllr
378 4455 502 4550 loglm
528 4455 708 4550 llurgmlm
735 4458 840 4530 mator
865 4457 1005 4530 tmotm
1031 4452 1200 4528 Iliulotl
1226 4450 1438 4526 nummo
1465 4449 1632 4526 coddtm.

228 4699 424 4778 IIIserando
451 4699 487 4776 et
514 4697 700 4777 mIserabili
726 4718 805 4774 casu
831 4695 1081 4774 Pannoniorum
1111 4695 1269 4794 Regnum
1295 4717 1336 4772 aa
1362 4695 1567 4790 tempestate
1593 4693 1684 4770 affli-

127 4825 229 4920 ctum,
258 4825 296 4899 at
322 4821 414 4918 apud
440 4821 584 4898 Polonos
610 4821 676 4898 sibi
702 4819 945 4914 conterminos,
984 4818 1154 4914 seriisque
1190 4817 1449 4896 necessitatibus
1475 4815 1683 4906 coniunctos,

126 4945 162 5024 et
186 4945 278 5045 apud
306 4942 436 5020 uicinas
462 4943 662 5039 exterasque
676 4943 842 5036 nationes,
871 4964 1027 5020 sonorum
1053 4963 1134 5018 suae
1161 4939 1415 5018 lamentatIonis
1442 4937 1548 5016 edidit
1574 4937 1683 5014 ciula-

119 5067 211 5146 -tum
239 5065 346 5144 smus
372 5065 449 5142 Rex
475 5064 628 5143 Andreas
653 5065 748 5142 filius
774 5065 889 5142 Balce.
903 5063 1011 5158 tertii,
1039 5063 1105 5141 etei
1131 5060 1490 5160 splendidoconiugio
1516 5061 1552 5136 ct
1578 5058 1685 5155 prolis

127 5187 389 5288 multiplicitate
414 5186 501 5265 felix
527 5190 563 5265 et
588 5187 736 5287 Insignis
761 5189 860 5283 esset,
897 5188 933 5265 et
959 5188 1000 5264 de
1027 5187 1180 5265 consorte
1203 5207 1267 5261 sua
1292 5182 1464 5276 (leutrudi,
1499 5181 1572 5258 dlia
1598 5182 1682 5257 Rer-

232 5467 260 5550 1)
283 5469 421 5546 insigniis
447 5465 518 5533 Ood.
534 5467 608 5533 Aul.
639 5467 667 5549 ⁹)
689 5468 831 5532 mandans
846 5467 1033 5546 PrIueipibus
1049 5471 1080 5529 et
1097 5462 1169 5530 σοι).
1184 5465 1277 5528 Rorr.
1308 5460 1339 5543 ³)
1363 5459 1498 5539 Saylrido
1513 5460 1573 5524 Ed.
1588 5459 1684 5522 Dobr.

131 5567 159 5676 ⁴)
181 5575 240 5642 uisi
262 5573 344 5668 quod
370 5573 442 5640 coo.
465 5575 558 5648 Roor,
598 5570 626 5666 ὅ)
649 5575 854 5642 observantem
878 5571 951 5640 dod.
972 5574 1066 5638 Reor.
1104 5568 1131 5656 ο)
1153 5577 1250 5640 ortum
1272 5571 1427 5641 ducentem
1452 5565 1523 5642 God.
1546 5567 1641 5639 Reor,
