4140 6298
384 549 460 626 294
986 571 1100 624 arsura
1126 569 1320 626 susumus.
1646 545 1715 650 (Α.
1735 547 1782 625 D.
1801 543 1933 652 1243)
2064 500 2066 594 i

383 761 419 838 et
445 758 553 836 omnis
579 757 765 852 hostilitas,
793 782 880 852 quae
906 758 1117 835 ttraaouiensi
1144 758 1218 834 urbi
1245 757 1563 854 superimpendebat
1583 759 1627 854 ¹,)
1654 761 1777 835 amota.
1826 759 1934 836 Vosa-

327 901 331 908 ·
382 882 563 975 toitaquo
590 882 683 957 Duos
709 879 926 978 blpeonslao²
927 887 943 976 )
969 879 1153 977 opoliensi,
1182 904 1241 974 qur
1232 880 1445 956 Honrieum
1472 879 1788 958 Wratislauiensem
1806 883 1935 958 Dnoem

383 1004 420 1079 in
446 1003 574 1100 praelio
601 1002 797 1079 Thartarioo
824 1005 1031 1095 deseruerat,
1060 1004 1177 1079 rosato
1204 1002 1408 1079 Praemislao
1430 1002 1651 1078 Posnanieosi
1677 1005 1779 1097 Duos,
1808 1003 1936 1080 voeatis

383 1125 565 1202 Lithuanis
591 1124 887 1222 etIaonuingis
878 1149 913 1200 rn
940 1125 993 1200 sui
1021 1123 1236 1221 solatium³)‚
1265 1125 1440 1207 tlonraolus
1466 1125 1584 1221 prasfa
1563 1126 1640 1201 atus
1665 1125 1835 1202 htasoviae
1856 1127 1936 1200 Dux

382 1248 418 1324 t
443 1247 536 1324 hlrus
562 1269 643 1322 suus
669 1246 865 1324 Kanimirus
892 1251 1017 1324 terram
1044 1247 1348 1324 Sandomiriensem
1370 1247 1541 1340 hostiliter
1576 1246 1824 1342 ingrediuntur.
1851 1247 1935 1343 Qui·
2065 1235 2067 1292 1

384 1373 448 1446 bus
473 1371 553 1445 Dux
580 1371 758 1446 Boleslaus
785 1369 932 1446 Pndions
960 1369 1186 1446 Oraooviensis
1213 1391 1289 1444 oum
1317 1368 1485 1445 militibus
1511 1368 1583 1444 suis
1609 1369 1884 1446 Graeouiensibns
1901 1371 1939 1444 et

385 1491 723 1584 sandomiriensibus,
761 1495 797 1568 et
831 1492 1008 1588 signanter
1042 1492 1213 1567 Glemente
1248 1491 1401 1590 palatino
1427 1489 1639 1567 Oraaouiensi
1668 1491 1736 1566 iam
1761 1514 1807 1568 ex
1832 1492 1934 1568 Hun-

385 1613 483 1712 garia
508 1635 652 1705 reuerso,
679 1615 716 1690 ot
741 1614 900 1688 lloriano
932 1613 1083 1709 palatino
1120 1612 1397 1704 Sandomiriensi,
1425 1615 1461 1688 et
1486 1612 1661 1688 nonnullis
1696 1614 1938 1710 Hungarorum

385 1737 565 1829 militibus,
593 1735 630 1810 in
656 1735 804 1811 Suohdol
820 1735 846 1831 ⁴)
887 1735 1083 1811 ooourrite
1086 1735 1251 1811 tOotauo
1278 1735 1443 1811 Ostendes
1469 1733 1562 1809 Iunii
1589 1735 1756 1830 praelium
1781 1735 1936 1810 sommit-

289 1911 291 1918 ·
384 1858 442 1934 tit.
480 1859 522 1932 In
549 1879 614 1951 quo
641 1857 706 1932 etsi
734 1856 909 1932 (tumrultus
936 1857 1105 1933 hlasouiae
1132 1858 1212 1932 Dux
1237 1859 1310 1932 tam
1336 1879 1474 1933 nurnero
1509 1879 1611 1949 quam
1645 1859 1760 1933 robore
1786 1856 1938 1932 militum

385 1982 494 2056 multo
520 1978 673 2075 superior
698 1981 799 2070 esset,
827 1979 1005 2055 Boleslaus
1031 1981 1145 2054 tamen
1172 1979 1329 2070 Pudious,
1358 1979 1417 2073 qui
1444 1977 1569 2053 iustius
1595 2001 1691 2054 arma
1706 1978 1874 2070 induerat,
1903 1980 1939 2054 et

386 2125 446 2198 pro
473 2123 539 2196 quo
566 2101 640 2176 sine
667 2099 914 2176 intermissione
940 2100 1107 2176 sarritioia
1135 2103 1170 2174 et
1188 2101 1454 2196 supplicationes
1476 2100 1604 2176 iebant
1629 2101 1673 2176 ab
1699 2101 1818 2191 Deum,
1846 2099 1937 2176 (tun-

385 2225 504 2300 radum
530 2225 658 2298 Duoem
685 2225 720 2298 et
746 2244 846 2298 suum
872 2222 1060 2299 exereitum
1086 2221 1276 2298 Divinitate
1311 2221 1460 2318 propitia
1486 2221 1654 2318 eonsrogit
1680 2224 1716 2298 et
1741 2222 1938 2313 debellauit,

385 2349 421 2423 et
448 2345 603 2442 pluribus
629 2344 767 2435 ooaisis,
805 2344 1027 2440 pluribusque
1063 2344 1272 2436 vulneratis,
1310 2343 1422 2440 ipsum
1457 2343 1560 2420 etiam
1591 2346 1718 2422 Duoem
1744 2343 1938 2420 Gunmrlum

385 2467 545 2546 aeolesiae
571 2466 782 2544 Graoouiensi
810 2468 845 2542 et
870 2489 930 2542 suo
957 2466 1109 2548 antistiti
1136 2465 1361 2559 Prandothae,
1390 2467 1478 2560 quod
1504 2465 1578 2542 eius
1609 2465 1749 2543 oonsilio
1776 2467 1811 2543 et
1838 2465 1938 2540 indu-

385 2590 472 2668 stria
497 2591 667 2666 Duoatnm
702 2589 954 2666 tlraooriensem
991 2589 1056 2664 sibi
1084 2591 1289 2681 querebatur
1314 2589 1530 2684 ademptum,
1567 2609 1684 2666 severa
1717 2591 1754 2665 ot
1787 2587 1940 2664 erudelis

386 2711 604 2790 minitantem
619 2710 658 2806 ⁶),
686 2712 722 2789 et
748 2710 859 2786 tilium
890 2733 994 2786 suum
1020 2710 1244 2804 Karimirum,
1281 2710 1362 2787 item
1399 2711 1669 2808 Myeoaslaumb
1695 2711 1822 2787 Meam
1849 2711 1939 2806 0po·

386 2835 539 2927 liensom,
568 2833 812 2910 Praemislanm
839 2833 1101 2910 Posnaniensem
1118 2832 1256 2926 Dabam,
1285 2832 1321 2906 in
1339 2835 1474 2928 turpem
1499 2832 1618 2929 togam
1644 2832 1728 2929 egit.
1760 2832 1940 2909 Boleslans

386 2955 576 3050 Pudiausb
603 2955 741 3030 obtenta
766 2953 907 3031 viatoria
933 2954 1082 3030 modeste
1109 2976 1202 3047 usus,
1230 2955 1345 3050 plures
1371 2953 1522 3050 captiuos
1548 2953 1662 3048 soluit,
1689 2954 1833 3030 aaohris
1864 2977 1939 3030 mn-

387 3077 528 3160 nihoum
553 3099 590 3154 se
615 3075 723 3173 gessit
739 3076 779 3174 ⁸).
823 3075 1005 3154 Eneroitus
1031 3097 1114 3153 suus
1141 3099 1266 3174 magna
1300 3077 1426 3172 praeta
1451 3075 1622 3153 ramorum
1647 3075 1822 3154 nationum
1849 3075 1940 3154 dita

387 3203 456 3294 tus,
484 3199 591 3277 uiator
617 3221 780 3291 reuersus,
817 3198 970 3276 residuos
1005 3197 1221 3292 munitiones,
1259 3221 1346 3292 quoe
1382 3221 1443 3295 pro
1468 3198 1621 3276 Conrado
1652 3199 1745 3276 Duae
1770 3197 1940 3275 hlasouiae

388 3323 425 3399 in
451 3320 663 3399 tirasonensi
689 3325 725 3397 et
751 3320 1016 3398 Sandomiriensi
1043 3321 1231 3398 Duoatibus
1257 3321 1471 3414 tenebantur,
1508 3323 1570 3397 aut
1603 3320 1772 3398 deditione
1797 3320 1940 3418 aooepit,

388 3447 449 3532 aut
474 3444 508 3521 ui
534 3441 760 3539 expugnauit.
805 3443 962 3537 Videsne,
996 3443 1109 3536 qualis
1135 3442 1241 3519 tuerit
1267 3442 1350 3520 tides
1375 3443 1413 3518 in
1439 3445 1573 3539 peetore
1599 3443 1745 3520 Ounradi
1770 3442 1942 3520 Maeonias

388 3565 568 3662 Prinoipis,
606 3565 664 3659 qui
692 3563 796 3662 priori
823 3565 1035 3659 erudelitate,
1068 3566 1315 3662 tyrannidoquo
1341 3565 1423 3641 olim
1449 3565 1485 3640 in
1512 3564 1657 3642 tlristino
1684 3565 1835 3662 palatino
1861 3565 1942 3641 Plo-

388 3689 500 3767 arensi
526 3689 658 3765 ooeoato
685 3688 720 3763 et
747 3687 915 3784 iugulato,
952 3687 1036 3763 item
1063 3687 1100 3762 in
1125 3686 1276 3765 Arnoldo
1312 3687 1423 3765 milite
1458 3687 1575 3782 ooaiso,
1612 3687 1695 3764 item
1726 3687 1763 3763 in
1789 3688 1943 3765 Iohanne

388 3809 590 3891 oanaellario
615 3833 675 3886 suo
702 3811 739 3885 et
764 3808 964 3886 soholastioo
992 3809 1167 3886 Ploenensi
1193 3811 1229 3886 ot
1257 3809 1535 3887 Wladislauionsi
1560 3809 1742 3886 erudeliter
1766 3829 1942 3906 suspenso,

389 3955 509 4031 parum
537 3933 726 4024 oontentus,
754 3931 870 4006 nullas
896 3931 1100 4008 exhorrebat
1126 3930 1407 4024 earnifioatiooes,
1435 3931 1613 4008 dummodo
1640 3931 1810 4028 pupillum
1828 3934 1865 4008 et
1882 3955 1942 4008 ne-

390 4057 501 4152 potem
516 4052 546 4150 ⁹)
572 4075 770 4150 germanum
796 4075 840 4130 ex
867 4075 929 4129 sua
954 4055 1044 4130 sorte
1070 4055 1107 4130 et
1131 4053 1340 4130 haereditate
1366 4051 1535 4131 deiiceret.
1563 4053 1686 4150 Turpis
1711 4055 1796 4132 haee
1821 4053 1858 4130 et
1884 4077 1944 4150 pe·

390 4177 511 4254 stitera
537 4177 612 4252 lues
638 4177 675 4251 et
700 4174 864 4271 pernities
890 4175 1060 4272 exempli:
1097 4177 1137 4252 ut
1167 4177 1256 4253 unde
1293 4177 1514 4254 mansuetudo
1549 4175 1747 4272 disaiplinao
1782 4177 1945 4254 debuerat

391 4298 535 4396 prodire,
562 4300 598 4374 ot
623 4296 703 4374 fidoi
729 4296 863 4392 puritas
889 4297 1086 4391 eluoesoere,
1114 4295 1162 4374 ibi
1189 4297 1272 4374 fides
1290 4300 1325 4374 ot
1342 4298 1496 4394 aequitas
1522 4297 1739 4396 naufragium
1765 4297 1943 4395 patieban-

390 4424 460 4497 tur.
505 4419 649 4496 Disoant
674 4417 791 4511 itaque
816 4418 944 4514 posteri
970 4419 1141 4497 abstinere
1167 4443 1189 4496 a
1214 4419 1391 4516 Prinoipe,
1430 4419 1525 4497 ouius
1552 4419 1635 4498 tides
1660 4419 1792 4497 sorduit
1817 4422 1872 4499 tot
1898 4421 1943 4498 si-

391 4542 489 4640 gnis,
518 4541 637 4635 totque
662 4539 798 4616 indietis
824 4540 1035 4618 euidentibus
1071 4541 1205 4638 prodito
1239 4541 1501 4638 supplioiorum,
1538 4541 1603 4619 sibi
1638 4544 1674 4619 et
1701 4543 1847 4638 posteris
1873 4543 1945 4620 suis

391 4664 530 4738 inntens
573 4661 795 4758 ignominiam
834 4664 870 4739 ot
910 4663 1022 4740 labem
1066 4663 1319 4760 sempiternam.
1372 4664 1494 4741 Seouto
1534 4663 1726 4741 huiusmodi
1766 4663 1944 4742 victorioso

391 4784 575 4881 triumpho,
613 4782 741 4860 militas
776 4783 1012 4862 tiraoouiensas
1043 4785 1147 4882 priori
1174 4785 1406 4882 assumptione
1432 4785 1582 4863 Boleslai
1608 4785 1674 4862 filii
1700 4787 1884 4864 Lestkonis
1902 4785 1946 4884 Ι3)

391 4930 460 4984 non
485 4904 648 5000 mntenti,
686 4905 811 4982 iterum
837 4905 938 4983 illum
964 4907 1001 4983 in
1027 4909 1154 4986 Duoom
1180 4929 1279 4984 suum
1306 4908 1495 5002 assumunt,
1532 4909 1569 4986 ot
1594 4907 1790 4986 Prandotha
1825 4909 1943 4988 Graan·

501 5218 527 5303 ¹)
549 5222 721 5285 imminebat
745 5219 815 5287 Ood.
837 5221 930 5285 Reor.
962 5219 1208 5301 ²)Myeozszlavo
1234 5219 1305 5285 sor.
1328 5220 1403 5284 Aut.
1429 5219 1612 5302 ⁸)anxilinm
1630 5219 1702 5288 sou.
1725 5223 1820 5287 Roar.
1847 5219 1946 5304 ⁴)Sn·

393 5327 500 5390 ohodol
523 5320 594 5390 Coa.
616 5327 710 5391 Reor.
749 5323 776 5406 3)
798 5327 946 5388 minitanti
972 5324 1044 5391 soa.
1066 5325 1140 5391 Aut.
1177 5323 1442 5406 ⁸)Myeozszlaum
1467 5325 1539 5392 Gaul.
1561 5327 1637 5391 Aat.
1670 5325 1874 5408 &Boleslaus
1888 5329 1946 5391 Pu·

393 5432 478 5494 diens
498 5430 567 5494 Dux
590 5427 662 5494 Coa.
686 5433 779 5494 Roas.
818 5429 1026 5510 ⁸)praestitit
1054 5430 1125 5494 God.
1148 5432 1242 5494 sorr.
1273 5428 1303 5512 3)
1325 5437 1463 5508 nepotem
1485 5451 1569 5496 snum
1594 5433 1666 5499 soa.
1687 5433 1781 5497 Rosa.
1825 5431 1867 5526 ¹⁶)
1887 5434 1946 5504 Bo·

394 5535 480 5601 leslai
502 5535 606 5599 Pndloi
628 5536 833 5606 traconensis
856 5541 887 5606 et
909 5535 1154 5608 sandomiriensis
1175 5537 1267 5602 Ducis
1293 5536 1364 5612 Geel.
1386 5537 1480 5613 Reor,
