4140 6298
362 541 437 624 302
969 573 1080 626 arena
1107 573 1301 627 sarrrrrus.
1635 551 1697 646 (Α.
1718 552 1765 628 D.
1785 553 1911 649 1244.)

361 758 397 832 et
423 757 546 834 oollide
573 757 641 852 agi,
670 759 706 832 et
729 757 866 833 'nonnisi
895 759 1076 835 medietate
1102 759 1249 835 hostium
1287 761 1444 856 paludem
1479 761 1705 856 transgressa,
1743 760 1912 853 reliquam

361 879 574 955 medietatem
602 901 623 954 a
648 881 756 974 tergo,
794 903 836 954 ue
872 880 973 974 primi
1009 881 1171 956 extremis
1207 882 1381 974 adiutorio
1409 905 1481 959 esse
1516 883 1671 978 possiutq
1703 883 1838 958 inuadit
1875 883 1911 957 in

360 1023 461 1096 quam
487 1001 691 1088 sententiam
718 1024 832 1077 omnes
859 1002 1092 1096 prudentiores
1124 1004 1230 1078 ibant.
1276 1005 1401 1080 Verum
1427 1027 1533 1079 nouus
1560 1006 1743 1080 marsalous
1769 1003 1911 1079 Berlrri·

360 1145 425 1198 nus
451 1146 516 1198 non
545 1125 709 1218 probabat
727 1123 772 1215 id,
801 1145 955 1200 asserens
982 1127 1151 1217 barbaros,
1180 1125 1209 1200 si
1228 1127 1337 1202 adorti
1357 1127 1393 1201 in
1412 1127 1523 1201 fronte
1550 1150 1616 1201 non
1638 1126 1776 1218 tuerint,
1796 1147 1914 1202 omues

360 1243 523 1340 eaptiuoa,
552 1267 750 1338 omnemque
777 1246 934 1341 praedam
961 1246 1062 1321 faoile
1090 1247 1303 1323 abducturos.
1331 1247 1425 1342 Quod
1442 1247 1621 1322 eonsilium
1647 1247 1804 1323 umaiori
1833 1269 1913 1343 par·

360 1369 395 1443 te
422 1367 655 1462 approbatum,
684 1367 827 1443 caeteris
853 1369 968 1443 tamen
994 1369 1230 1460 renitentibus,
1260 1371 1339 1443 dum
1357 1369 1479 1462 exequi
1498 1372 1657 1465 pergunt,
1687 1372 1917 1462 barbarosque

361 1488 429 1562 iam
456 1488 582 1564 fiumen
610 1490 695 1563 Ossa
721 1491 950 1584 transgressos
977 1493 1238 1584 consequuntur,
1277 1491 1486 1586 adquorum
1514 1493 1729 1586 conspertum
1757 1491 1917 1585 plerique

361 1609 496 1686 barbari
523 1609 559 1684 in
586 1633 680 1686 aroes
706 1613 742 1686 et
769 1611 973 1687 munitiones
992 1633 1076 1690 ¹eum
1103 1613 1248 1707 captiuis
1274 1614 1310 1688 et
1336 1613 1470 1708 praedis
1496 1635 1534 1687 se
1551 1613 1730 1709 recipiunt,
1759 1614 1915 1688 suanto-

361 1733 484 1827 pelkus
509 1754 586 1807 uero
606 1732 630 1826 ¹)
657 1754 733 1808 oum
764 1733 917 1824 caeteris,
956 1734 1200 1809 Oruoiferorum
1237 1734 1411 1829 pauoitate
1446 1737 1636 1830 conspeetu,
1674 1757 1790 1830 pugna
1824 1733 1919 1809 inita

362 1853 552 1932 Oruoiieros
579 1854 622 1928 ad
649 1854 818 1948 paludem,
848 1877 932 1946 quae
954 1855 1103 1930 Rersnin
1118 1855 1146 1950 ²)
1174 1837 1308 1948 dieitur,
1336 1855 1524 1951 confligunt
1538 1854 1577 1949 ³),
1604 1857 1832 1949 marsalooque
1860 1855 1918 1928 in-

280 2013 282 2020 *
361 1977 538 2070 terempto,
566 1975 626 2050 uix
652 1975 777 2070 viginti
806 1975 1060 2072 effugientibus,
1089 1979 1238 2052 eaeteros
1265 2000 1380 2052 omnes
1406 1977 1590 2052 trucidant.
1628 1978 1693 2052 Sed
1720 1979 1756 2052 et
1781 1975 1917 2052 exerei-

361 2099 446 2187 tum,
475 2096 533 2190 qui
561 2096 740 2174 Orneiferis
768 2097 804 2171 in
830 2097 998 2172 auxilium
1025 2121 1068 2173 ex
1095 2099 1233 2174 Thorun
1260 2101 1512 2194 postponeret,
1551 2098 1660 2193 prima
1685 2097 1826 2174 ristona
1852 2120 1919 2194 po-

362 2217 440 2309 titi,
479 2218 654 2314 aggressi,
692 2218 851 2300 vineunt¹
869 2221 904 2294 et
939 2221 1158 2315 prosternunt
1175 2220 1222 2315 ⁴),
1262 2243 1451 2316 magnaque
1485 2211 1661 2296 hilaritate
1694 2221 1729 2295 et
1763 2218 1920 2314 tripudio

362 2342 501 2414 orantes
517 2339 563 2433 ⁵),
593 2339 726 2434 praedis
751 2342 786 2416 et
814 2340 934 2437 spoliis
971 2341 1225 2418 interfeotorum
1252 2342 1366 2417 onusti
1380 2341 1428 2439 θ),
1466 2342 1502 2416 in
1528 2340 1666 2440 propria
1690 2340 1833 2418 uiatores
1860 2361 1918 2416 re·

362 2460 468 2536 deunt
482 2459 522 2558 ⁷).

364 2829 615 2921 spartopolian
642 2829 813 2920 partirer
840 2829 1029 2904 balneator
1056 2835 1241 2923 eomuptoa,
1269 2782 1402 2906 obsides
1430 2831 1528 2905 datos
1555 2835 1589 2904 at
1615 2830 1785 2924 praeripere
1811 2831 1920 2903 illium

363 2950 500 3022 liberare
536 2956 689 3024 sonatur:
725 2952 811 3044 quod
839 2970 912 3026 oum
939 2971 1003 3026 non
1030 2954 1195 3043 rueoedit,
1226 2955 1259 3027 ri
1286 2953 1320 3026 id
1347 2957 1538 3062 emorquere
1572 2957 1697 3042 tantm,
1733 2953 1919 3025 dmaileror

362 3071 452 3145 rarle
489 3072 621 3166 affligit,
656 3077 756 3168 utque
792 3075 900 3148 onnia
927 3075 1098 3149 eonnoda
1126 3076 1255 3149 illoram
1282 3075 1455 3168 impediat,
1483 3079 1594 3149 eastre
1621 3075 1684 3148 duo
1712 3073 1757 3150 ad
1782 3073 1921 3147 turin

776 3197 912 3270 witlam
938 3197 1029 3271 lueet
1055 3202 1089 3271 ot
1115 3197 1290 3289 tugurium
1318 3197 1500 3290 populatur.

367 3481 371 3486 -
468 3435 543 3509 Non
571 3455 667 3510 seous
695 3436 913 3513 barbarorum
939 3436 1081 3513 riotoria
1100 3459 1144 3513 ox
1162 3435 1342 3514 druoiferis
1368 3437 1489 3529 relata,
1518 3457 1617 3530 quam
1645 3435 1781 3531 propria
1798 3436 1920 3511 Suau-

364 3557 523 3652 topellrus
551 3558 769 3634 Pomoraniae
795 3561 874 3634 Dux
902 3559 1134 3651 exhilaratus,
1163 3561 1205 3634 ad
1233 3560 1396 3634 Remlrm
1424 3559 1633 3649 advotatum,
1667 3558 1922 3650 nonnullosque

328 3777 336 3785 ι
364 3679 559 3754 Gulrnenses
585 3679 674 3754 eires
700 3681 838 3756 nuntios
866 3681 986 3772 mittit,
1023 3681 1209 3774 literasque
1235 3681 1364 3774 seribit,
1392 3701 1528 3776 rogans,
1557 3679 1810 3774 praemiumque
1838 3703 1924 3775 pro·

364 3799 515 3892 mittens,
546 3803 584 3874 ut
610 3802 720 3882 castro
747 3801 939 3878 (thelmensi
967 3803 1108 3898 irrupto,
1147 3805 1189 3878 ad
1217 3803 1304 3896 quod
1332 3802 1404 3877 illis
1440 3825 1500 3897 pro
1535 3801 1744 3896 beneplaoito
1778 3803 1925 3896 patabat

364 3921 536 4012 introitus,
565 3921 675 3995 filium
702 3945 799 3997 suum
827 3923 1047 4019 Msaaugium,
1075 3927 1288 4018 caeterosque
1314 3923 1445 3999 obsides
1471 3923 1652 4014 solverent,
1681 3921 1813 4014 sibique
1838 3924 1921 3998 red-

364 4043 495 4118 derent.
533 4042 626 4136 Quod
652 4066 728 4119 eum
757 4066 792 4120 se
818 4045 969 4120 fauturos
995 4045 1128 4120 Remka
1162 4047 1343 4120 advooutus
1369 4043 1559 4138 metarique
1585 4043 1675 4120 oires
1702 4043 1922 4120 dbelmenses

365 4163 635 4259 spopondissent,
664 4187 752 4239 unus
778 4187 822 4240 ex
849 4165 1067 4241 servitoribus
1092 4167 1336 4242 (truoiferorum
1363 4165 1530 4240 Iohannes
1549 4164 1745 4240 uulneribus
1763 4164 1799 4238 in
1817 4188 1921 4260 prue-

364 4285 411 4359 lio
438 4285 621 4376 molestus,
659 4286 882 4381 proditionem
909 4287 1120 4382 intelligens,
1158 4287 1325 4362 druoifero
1352 4289 1501 4362 oestrum
1527 4286 1644 4361 Obelm
1670 4287 1802 4361 tenenti
1827 4287 1922 4361 indi-

365 4409 432 4480 oat.
459 4406 531 4501 Quo
549 4407 757 4482 avisamento
775 4408 973 4502 capitaneus
1000 4410 1146 4502 sumpto,
1175 4409 1340 4484 Remlrm
1367 4409 1566 4483 advotatum
1594 4409 1629 4482 et
1655 4407 1745 4482 eires
1771 4411 1924 4482 oestrum

366 4526 498 4622 ingredi
525 4529 677 4603 uolentes
704 4531 868 4622 exoludit,
911 4534 946 4605 et
973 4530 1008 4604 in
1036 4533 1185 4605 nastrum
1215 4529 1422 4618 Zurtauioza
1448 4531 1546 4606 noete
1572 4529 1782 4625 Msorugium
1809 4529 1922 4604 filium

366 4649 657 4742 Saantopellronis
685 4651 720 4724 et
746 4651 831 4726 alios
858 4651 988 4726 obsides
1015 4650 1156 4743 rinetoS,
1185 4651 1340 4738 omnibus
1367 4651 1397 4726 si
1424 4651 1546 4726 mutire
1573 4653 1737 4726 auderent
1762 4651 1922 4726 intermi-

365 4771 468 4844 natus
494 4771 646 4860 mortem,
677 4773 899 4867 transportat.
941 4773 1145 4868 Intelligens
1173 4776 1285 4848 autem
1313 4773 1572 4867 Suantopellrus
1598 4773 1692 4847 dolos
1718 4794 1808 4864 suos,
1837 4795 1924 4865 quos

365 4891 401 4965 iu
428 4889 663 4966 liberationem
690 4892 755 4966 filii
774 4874 817 4968 'et
843 4893 995 4969 obsidum
1023 4893 1237 4968 muobinatus
1264 4895 1387 4984 fuerat,
1416 4894 1566 4968 detentos
1591 4915 1678 4986 esse,
1705 4894 1923 4969 culmensem

365 5012 540 5089 eivitatem
566 5015 602 5088 et
627 5013 867 5090 Zartauioaam
883 5015 922 5111 ⁶),
962 5014 1075 5090 missis
1110 5015 1320 5091 clandestino
1355 5013 1555 5107 quibusdam
1590 5014 1663 5090 suis
1697 5015 1920 5108 satellitibus,

474 5307 498 5387 ¹)
520 5325 621 5370 uerum
644 5307 702 5372 Ed.
725 5309 812 5388 Lips.
851 5309 1204 5389 paeninsulam.
1244 5308 1271 5388 3)
1293 5309 1426 5386 confligit
1451 5307 1522 5372 Ood.
1544 5311 1638 5371 Rorr.
1670 5305 1699 5390 ⁴)
1722 5311 1846 5386 potitus,
1868 5327 1923 5386 ag-

367 5429 485 5488 gressus
514 5414 607 5474 vineit
636 5419 667 5475 et
695 5416 859 5488 prosternit
892 5414 963 5477 Ood.
987 5417 1080 5476 Roar.
1120 5410 1147 5492 ⁵)
1170 5431 1260 5475 ovans
1294 5411 1365 5476 (lod.
1386 5415 1480 5476 Roar.
1520 5411 1549 5494 ⁸)
1573 5419 1696 5476 onustus
1729 5413 1802 5476 0001.
1826 5415 1924 5479 Bon·-

371 5513 515 5601 ⁷)riotor
536 5517 623 5580 redit
650 5515 721 5589 Ood.
743 5519 835 5581 Rosa.
875 5515 1096 5598 ⁸)Zartauiam
1123 5517 1194 5580 Ood.
1217 5517 1291 5583 Aut.
