4140 6298
296 514 300 522 ’
385 543 460 618 314
992 564 1103 618 mann
1129 565 1322 618 aurursus.
1661 541 1724 638 (Α.
1745 541 1937 644 ῦ.1248.)

383 751 538 848 grangiis
558 752 582 846 ¹)
609 752 806 828 rnouasterii
833 752 873 828 de
900 751 1006 827 Olina
1042 751 1274 843 concrematis,
1312 753 1348 826 et
1383 753 1454 826 tam
1489 750 1586 843 equis
1621 773 1722 845 quam
1760 752 1936 847 pecoribus

382 874 548 966 abductis,
577 874 816 950 monasterium
843 873 1052 970 praedictum
1079 875 1233 950 extrema
1259 874 1412 970 egestate
1438 874 1635 948 damnatum
1661 877 1725 950 est.

835 1235 1045 1350 ANNUS
1079 1235 1306 1350 DOMINI
1342 1235 1481 1420 1248.

458 1490 583 1561 lorino
611 1486 759 1564 cunrado
786 1487 948 1561 laconico
974 1487 1059 1560 buce
1086 1503 1125 1560 aa
1151 1485 1220 1560 blio
1248 1486 1352 1579 ipsius
1379 1486 1538 1576 Balatro,
1564 1486 1637 1559 buz
1662 1485 1855 1558 Prionoton

680 1609 853 1683 boleslaus
879 1607 1018 1682 indicus
1044 1609 1221 1701 tranquilia
1248 1611 1364 1700 regunt
1389 1608 1423 1680 in
1448 1605 1642 1682 donaretis.

484 1850 610 1944 Magna
635 1849 882 1942 tranquillitas
907 1849 1066 1941 certaque
1097 1871 1177 1944 pax,
1214 1849 1368 1924 Ounrado
1393 1848 1562 1926 Masoriae
1588 1849 1680 1925 Duce
1706 1847 1888 1924 excedente
1915 1869 1933 1924 a

381 1969 463 2063 nita,
491 1970 592 2046 torris
619 1970 839 2064 bracariensi,
878 1970 1140 2046 Sandomiriensi
1169 1973 1205 2046 et
1230 1971 1451 2062 dublinensi,
1488 1971 1546 2066 qui
1583 1971 1663 2046 illas
1688 1971 1724 2046 ot
1750 1992 1809 2066 per
1835 1992 1872 2044 so
1898 1971 1933 2044 et

380 2116 441 2189 per
467 2091 658 2168 barbaricas
685 2096 816 2189 gentes,
845 2093 1033 2169 Lithuanos
1055 2094 1158 2185 atque
1185 2094 1386 2186 Prutbenos,
1415 2092 1576 2168 infestare
1594 2093 1716 2168 solitus
1743 2094 1827 2184 erat,
1856 2092 1931 2166 red-

381 2215 454 2290 dita
480 2218 544 2307 est,
573 2214 676 2290 Ducis
703 2237 833 2309 quoquo
860 2215 1009 2291 Boleslai
1037 2215 1166 2307 Pudici,
1205 2215 1383 2310 praecipuo
1415 2216 1512 2292 hoste
1539 2217 1573 2290 et
1600 2215 1790 2291 adversario
1816 2215 1931 2289 subla·

380 2345 427 2431 to,
455 2339 598 2413 thronus
626 2337 793 2413 firmatus.
840 2337 1023 2433 Ooepitquo
1049 2340 1176 2414 extunc
1202 2338 1380 2414 Boleslaus
1417 2338 1563 2412 Pudicus
1598 2337 1825 2414 cracoviensis
1852 2338 1931 2410 Dux

380 2460 531 2556 collapsa
558 2463 593 2536 et
619 2461 807 2537 deformata
833 2459 974 2554 erigere,
1004 2463 1039 2534 et
1066 2459 1257 2536 instaurare
1284 2459 1407 2552 diruta,
1444 2463 1480 2534 et
1505 2461 1577 2534 tam
1612 2461 1703 2554 apud
1730 2460 1931 2534 Polonorum

379 2582 499 2675 Duces,
537 2605 639 2676 quam
673 2581 802 2658 vicinas
837 2581 991 2656 nationes
1017 2583 1052 2657 ot
1078 2583 1208 2677 Regna,
1247 2582 1384 2676 proptor
1419 2581 1619 2677 probitatem
1657 2603 1763 2674 suam,
1801 2602 1930 2656 mamm

380 2703 586 2799 elegantiam
622 2707 658 2779 ot
693 2703 858 2779 uirtutum
894 2702 1150 2798 praestantiam,
1188 2724 1333 2798 magnus
1367 2705 1404 2778 et
1438 2703 1579 2779 celebris
1613 2703 1751 2804 haberi,
1786 2703 1931 2777 Secutus
2068 2779 2069 2784 Ν

379 2827 495 2900 autom
523 2829 576 2902 est
602 2827 776 2922 parentem
803 2848 902 2900 suum
929 2825 1121 2902 cunradum
1156 2825 1323 2902 Masouiae
1350 2826 1477 2903 Ducem
1513 2825 1605 2902 filius
1640 2825 1713 2901 eius
1740 2824 1928 2914 Bolesluus,

379 2949 415 3023 st
441 2949 540 3024 robus
566 2947 757 3024 absumitur
783 2947 953 3023 humanis.

469 3315 642 3392 bolarium
668 3313 787 3390 baim
813 3315 885 3390 box
911 3315 1138 3409 barrimontis
1163 3331 1318 3409 geruum
1346 3335 1407 3390 suo
1435 3316 1555 3390 baliau
1583 3316 1705 3392 iniusta
1731 3317 1838 3392 iniant

482 3557 757 3638 maceriensibus
783 3560 819 3635 et
846 3559 1174 3636 Sandomirieusibus
1200 3560 1267 3638 oris
1293 3559 1466 3654 quietatis,
1495 3562 1595 3636 atrox
1621 3563 1657 3637 et
1684 3560 1782 3638 ciuile
1800 3560 1927 3637 bollum

378 3681 416 3758 in
442 3682 597 3758 Slosiana
623 3704 681 3758 ora
707 3681 832 3776 empit.
868 3682 1046 3758 Boleslaus
1073 3683 1163 3758 onim
1190 3683 1313 3758 balius
1339 3682 1579 3780 Lsguiczensis
1604 3683 1695 3776 Dux,
1724 3706 1847 3780 magno
1875 3683 1927 3757 t·

377 3825 452 3881 rore
477 3808 586 3898 aetus,
624 3805 713 3898 quod
738 3806 774 3881 et
800 3806 841 3880 de
868 3805 1021 3900 portione
1056 3805 1187 3882 meliori
1222 3807 1373 3882 Ducatus
1408 3805 1712 3898 Wratislaniensis,
1751 3805 1929 3899 quaesibi

379 3949 423 4003 ex
449 3929 539 4003 sorte
565 3928 759 4018 debebatur,
787 3926 1050 4023 Legnicmnsem
1076 3930 1171 4002 ratus
1198 3928 1380 4019 moliorem,
1413 3927 1559 4004 Hemico
1586 3927 1684 4004 fratri
1711 3929 1831 4022 sponte
1858 3949 1927 4002 ces·

378 4051 481 4141 serat,
509 4051 545 4124 et
570 4048 659 4142 quod
686 4048 860 4124 cunradus
887 4049 976 4123 altor
1002 4049 1109 4126 frater
1135 4071 1215 4124 suaa
1243 4048 1407 4144 portionis
1429 4070 1576 4141 consors,
1604 4047 1858 4142 subdiaconatu,
1887 4049 1927 4123 ad

378 4192 478 4264 quom
506 4170 690 4265 promotus,
717 4171 753 4245 et
779 4170 1022 4264 Bambergensi
1049 4170 1258 4265 episcopatu,
1291 4170 1334 4244 ad
1361 4193 1459 4264 quem
1487 4170 1730 4264 promovendus
1757 4172 1843 4262 erat,
1872 4170 1927 4245 de·

377 4291 489 4384 sertis,
517 4289 661 4367 militari
688 4292 783 4366 statu
809 4290 939 4384 induto,
969 4290 1134 4386 portionis
1160 4291 1399 4387 Legniczeusis
1426 4291 1603 4366 dimidium
1621 4293 1805 4388 repetebat,
1833 4292 1926 4367 Heu·

377 4411 446 4488 rico
472 4412 531 4506 qui
557 4411 787 4490 Wladislaum
821 4413 1109 4512 archiepiscopum
1145 4413 1442 4508 Salccborgensom
1478 4413 1624 4488 babebat
1659 4414 1859 4505 consortem,
1886 4435 1928 4488 ox

377 4533 512 4629 integro
539 4536 664 4608 sortem
680 4533 708 4628 ²)
735 4533 915 4628 retinente,
950 4537 1078 4612 bellum
1113 4535 1259 4612 Haurico
1286 4534 1562 4613 Wratislariensi
1588 4537 1624 4610 et
1650 4533 1801 4611 buuradc
1828 4534 1925 4610 fratri

377 4656 468 4750 apud
502 4655 688 4730 Henricum
724 4656 907 4752 hospitato,
944 4654 1138 4751 Ducibusb
1170 4657 1286 4732 morit.
1331 4657 1377 4732 Et
1412 4657 1602 4732 Saxonibus
1638 4655 1808 4752 stipendio
1849 4679 1925 4733 cou-

376 4777 499 4871 ductis,
527 4777 564 4852 iu
590 4776 751 4854 solatium
766 4774 795 4872 ⁴)
821 4779 1004 4872 accersitis,
1033 4777 1348 4855 Wratislaviensenr
1366 4779 1534 4854 Ducatum
1561 4778 1722 4870 (Hernico
1741 4779 1926 4855 Wratisla·

375 4899 483 4976 riensi
510 4900 614 4992 Duco,
642 4899 731 4994 quod
757 4899 846 4977 vires
873 4901 928 4976 illi
954 4901 997 4976 ad
1024 4901 1267 4976 decernendum
1293 4903 1411 4976 tenues
1429 4903 1538 4992 crant,
1565 4899 1697 4976 vitante
1719 4901 1926 4996 condictum)

375 5022 496 5118 spoliis
522 5024 557 5097 ot
584 5021 748 5098 incendiis
774 5029 810 5096 et
837 5023 989 5116 qualibet
1025 5022 1216 5098 hostilitate
1251 5025 1365 5098 vastat
1391 5024 1426 5098 ot
1453 5021 1585 5098 invadit
1600 5022 1640 5117 ⁶),
1678 5023 1767 5117 apud
1793 5023 1925 5098 Novum

375 5167 506 5239 quoque
532 5144 642 5218 forum
670 5143 767 5238 plebe
794 5143 985 5239 promiscua
1011 5144 1055 5219 ad
1082 5144 1256 5220 ecclesiam
1284 5144 1510 5241 confugiente,
1541 5144 1746 5240 quingentos
1772 5143 1925 5222 homiues
2009 5203 2013 5208 -

483 5422 507 5503 ¹)
529 5425 614 5488 bonis
641 5421 713 5485 (iod.
737 5422 830 5484 Roas.
869 5420 1028 5500 ¹¹)sortem
1043 5423 1122 5486 deest
1135 5425 1171 5484 ia
1189 5422 1260 5485 Ood.
1284 5421 1358 5486 Aut.
1397 5417 1427 5502 ³)
1449 5423 1581 5485 Ducibus
1604 5423 1681 5486 deest
1698 5425 1733 5486 in
1752 5419 1825 5484 cod.
1848 5421 1919 5485 Aac.

376 5523 405 5616 ⁴)
428 5529 626 5606 auxiliumque
651 5528 722 5594 Ood.
746 5529 838 5592 Rocr.
879 5523 906 5608 ⁶)
928 5529 1060 5590 incendit
1081 5526 1141 5592 Ed.
1163 5529 1251 5606 Lips.
