4140 6298
399 555 475 628 320
1002 573 1114 624 uranu
1141 501 1335 626 suenrmus.
1679 549 1740 644 (Α.
1762 551 1809 626 D.
1828 547 1949 645 1249.)

503 758 721 836 Innocentius
747 761 842 855 Papa
868 761 1011 852 quartus
1036 759 1215 835 Albertum
1242 759 1435 854 episcopum
1461 758 1542 834 olim
1560 757 1784 834 Armoeonum
1805 759 1840 852 ¹),
1869 759 1949 834 tuno

399 904 475 959 uero
502 881 538 956 in
564 880 852 977 arehiepiscopum
889 882 1032 957 Rossiae
1068 842 1270 976 piemotnm,
1308 881 1351 956 ad
1387 880 1562 957 Danielem
1594 879 1737 957 Russiee
1764 881 1895 976 Regem
1909 879 1947 974 ²),

398 1003 622 1080 obedientiam
659 1003 724 1078 sibi
755 1005 791 1078 et
817 1003 987 1078 ldoelesiae
1013 1005 1186 1078 Romanae
1213 1005 1255 1077 eb
1282 1026 1319 1078 eo
1348 1003 1549 1098 praestitum
1577 1003 1619 1076 iri
1646 1003 1831 1094 requirens,
1870 1001 1948 1075 mit·

398 1125 446 1200 tit
460 1123 500 1220 ³).
540 1123 605 1200 Sed
632 1126 709 1199 Rex
735 1124 880 1200 oellidos
906 1128 941 1200 et
968 1125 1103 1200 rebellis
1129 1148 1237 1218 neque
1263 1123 1477 1218 requisitioni
1504 1125 1708 1221 apostolieae
1735 1123 1862 1220 paruit,
1892 1145 1948 1196 ne-

399 1270 464 1341 que
491 1269 527 1322 se
555 1247 669 1340 fidum,
699 1248 756 1323 sed
783 1249 914 1324 hostem
941 1247 1112 1324 Eoolesiao
1139 1247 1310 1322 Romanae
1329 1247 1412 1342 egit,
1440 1248 1675 1343 legatumque
1693 1244 1949 1341 apostolieum)

398 1368 472 1444 sine
500 1369 624 1446 honore
652 1369 793 1444 dimisit.

592 1823 747 1898 honsione
774 1824 951 1918 lnporum
978 1825 1103 1898 eleetos
1130 1824 1276 1915 noritur,
1304 1825 1355 1896 oni
1382 1823 1583 1898 drithelmus
1611 1824 1766 1898 orooodit.

503 2101 672 2178 Henrieus
698 2101 926 2198 lantgravius
952 2104 987 2178 et
1013 2103 1093 2176 Dux
1119 2099 1338 2196 Thuringiee,
1375 2101 1634 2197 cognominatus
1660 2101 1773 2196 Respo
1789 2099 1829 2195 ⁶),
1859 2099 1950 2174 lilius

400 2219 518 2300 beatae
544 2224 735 2317 Elisabeth,
764 2225 922 2299 mandato
950 2224 1141 2298 iunocentii
1167 2226 1280 2318 Papae
1308 2225 1350 2298 ab
1373 2224 1584 2299 Eleotoribus
1610 2223 1750 2318 Imperii
1778 2225 1857 2318 post
1874 2223 1948 2295 Fri·

399 2345 501 2421 deriei
528 2345 771 2441 depositionem
797 2345 834 2419 in
861 2347 990 2440 Regem
1025 2347 1253 2420 Romanorum
1284 2346 1423 2436 eleetos,
1461 2344 1613 2435 moritur,
1656 2346 1691 2419 et
1717 2367 1760 2418 err
1788 2344 1947 2418 mandato

400 2467 549 2543 eiusdem
589 2467 719 2542 Summi
756 2467 931 2542 Pontifiois
966 2467 1156 2542 Innocentii
1184 2467 1356 2542 Eleotores
1384 2467 1426 2541 ad
1453 2465 1650 2542 electionem
1676 2465 1820 2540 alterius
1846 2464 1951 2558 Regis

401 2589 627 2684 procedentes,
656 2588 888 2666 Guilhelmum
916 2589 1000 2663 alies
1028 2589 1223 2665 Wilkinum
1250 2589 1405 2664 eenriteru
1433 2588 1636 2664 Hellandiae
1664 2587 1699 2662 in
1725 2587 1856 2682 Regem
1883 2587 1949 2660 Ro·

401 2733 573 2786 manorum
600 2713 636 2786 et
661 2711 903 2806 Imperatorem
930 2712 1084 2785 futurum
1111 2710 1256 2806 eligunt.

910 3163 1089 3237 drueiioros
1116 3163 1267 3236 imtheni
1296 3162 1444 3236 eredunt.

504 3442 663 3520 Adunato
698 3443 871 3535 Ornoiieri,
908 3441 967 3536 qui
994 3442 1138 3538 Balgem
1168 3442 1203 3516 et
1229 3440 1357 3536 Rlbing
1393 3441 1504 3516 eastra
1539 3441 1574 3514 et
1600 3439 1723 3535 oppida
1749 3439 1786 3514 in
1815 3439 1950 3514 Proseis

400 3568 632 3658 observabant,
661 3589 728 3641 non
758 3565 914 3642 mediocri
942 3587 985 3640 ex
1012 3563 1158 3660 propriis
1193 3563 1361 3638 militibus
1388 3564 1423 3638 et
1450 3562 1638 3638 forensibus
1673 3562 1838 3653 exercitu,
1866 3564 1949 3636 Pru-

399 3691 579 3766 thenorum
606 3687 776 3785 regionem
803 3689 959 3782 Naetoga
973 3687 1003 3781 6)
1030 3687 1203 3762 hostiliter
1229 3685 1387 3781 ingressi,
1424 3687 1496 3760 tem
1530 3684 1675 3760 fiernmis
1711 3707 1813 3778 quam
1841 3683 1949 3759 oaedi-

399 3815 463 3886 bns
489 3811 688 3907 grauissime
703 3810 732 3904 7)
758 3811 980 3910 vexaverunt.
1008 3808 1208 3884 Vastatione
1226 3811 1340 3883 autem
1359 3809 1507 3902 peraeta,
1536 3807 1614 3882 dum
1638 3807 1797 3898 redirent,
1827 3808 1950 3880 aPru-

400 3933 514 4009 thenis
540 3933 733 4025 iniquorum
768 3933 917 4008 looorum
952 3930 1207 4026 opportunitate
1243 3930 1470 4024 circumsepti,
1508 3929 1588 4004 dum
1615 3951 1723 4023 neque
1750 3928 1946 4024 effugiendi,

400 4077 508 4146 neque
533 4055 605 4131 aoie
631 4054 723 4129 inste
749 4053 929 4128 dimioandi
956 4052 1105 4148 spatium
1131 4053 1229 4143 foret,
1269 4051 1421 4127 barbaris
1448 4051 1507 4143 qui
1534 4053 1570 4127 et
1596 4050 1662 4146 ipsi
1690 4052 1806 4146 plures
1833 4072 1949 4124 nume·

401 4200 437 4251 ro
464 4179 578 4268 erant,
607 4175 834 4269 instantibus,
862 4197 897 4250 se
924 4175 1078 4251 hostibus
1113 4174 1293 4266 (merseloo
1320 4173 1404 4248 duee
1429 4173 1601 4248 exereitus
1631 4174 1668 4247 et
1693 4170 1842 4247 Henrioo
1868 4171 1948 4244 (iru-

399 4298 503 4374 oiiero
529 4297 771 4390 necquicquam
807 4297 1089 4392 improbantibus)
1126 4295 1272 4371 dedunt:
1305 4295 1475 4386 aquibus
1503 4316 1617 4370 omnes
1644 4295 1687 4369 ad
1714 4316 1818 4368 unum
1846 4291 1949 4367 truci·

400 4420 471 4496 dati
498 4421 601 4514 atque
628 4419 732 4495 deleti
758 4421 840 4494 snut
866 4418 953 4494 eirea
979 4418 1100 4492 uillam
1129 4419 1278 4492 rosatum
1305 4416 1444 4508 Withe,
1474 4415 1531 4492 ubi
1557 4415 1661 4492 etiem
1690 4439 1756 4490 non
1776 4413 1949 4490 mediocris

399 4543 469 4618 alia
494 4563 592 4619 oaesa
619 4542 717 4617 esta
744 4540 896 4617 barbaris
922 4539 1190 4616 Christianorum
1219 4539 1414 4614 multitudo.

507 4836 531 4917 ¹)
554 4841 747 4900 Armanacum
771 4839 831 4899 Ed.
855 4836 943 4913 Ifipe.
976 4833 1130 4916 ⁹)Dnoem
1156 4833 1226 4897 Ood.
1249 4834 1323 4895 Aut.
1354 4831 1383 4914 ³)
1398 4835 1489 4894 mittit
1504 4833 1581 4896 deest
1595 4834 1631 4894 iu
1652 4831 1723 4893 Ood.
1746 4830 1822 4896 Aul.
1848 4827 1879 4911 ⁴)
1893 4831 1947 4892 Le

398 4949 555 5018 gulamque
577 4945 771 5019 apostolieum
792 4943 946 5002 Albertnm
971 4939 1043 5002 (iod.
1066 4941 1160 5002 Roer.
1193 4935 1218 5018 ⁵)
1242 4942 1322 5013 hsps
1348 4938 1419 5000 Ood.
1442 4940 1535 4999 Reor.
1567 4934 1948 5016 ⁶)Naotegasireh1agna

402 5047 474 5110 Ood.
497 5047 591 5108 Roar.
624 5043 653 5126 ⁷)
676 5047 836 5108 crudeliter
859 5045 917 5106 Ed.
941 5040 1026 5122 Lipo.
