4162 6288
405 550 480 622 408
768 497 769 500 ¹
1010 571 1120 621 urana
1147 570 1340 622 ennarrans.
1670 547 1739 644 (Α.
1760 547 1806 622 D.
1826 547 1953 644 tntu.)
2013 618 2016 623 .

406 778 466 851 pro
492 755 618 832 foetore
646 755 704 848 qui
731 755 945 831 cadaueribus
972 756 1082 832 inesse
1109 757 1294 849 consuevit,
1338 755 1450 831 suauis
1477 756 1555 831 odor
1582 756 1856 831 sanctimoniales
1881 778 1952 831 aor-

405 897 593 972 passuum
621 877 876 968 frequentantes
912 877 1062 952 afflabat.
1109 878 1235 972 Quarto
1275 879 1409 954 demum
1441 878 1523 951 idus
1549 879 1745 952 Nouembris
1774 877 1809 950 in
1837 878 1951 952 eodem

392 998 606 1092 ,monaterio
633 998 673 1072 de
699 997 826 1092 Lapida
854 1000 1045 1092 sepultum:
1074 1022 1160 1074 anno
1181 999 1348 1090 sequenti,
1377 999 1504 1090 Quarto
1523 1000 1743 1074 Calendarum
1771 999 1853 1074 iulii
1873 999 1950 1073 Ora-

404 1120 532 1195 coriam
559 1121 798 1211 transvectum,
832 1119 867 1193 in
894 1119 1035 1195 ecclesia
1062 1120 1178 1194 Sancti
1204 1120 1376 1194 lbanoisoi
1411 1122 1572 1195 Fratrum
1600 1121 1764 1194 Minorum
1794 1120 1831 1194 in
1858 1120 1950 1195 chori

405 1241 525 1334 medio,
553 1241 678 1315 honore
704 1262 850 1336 congruo
877 1241 1065 1314 humatam.
1098 1241 1163 1316 Sed
1190 1263 1250 1316 nec
1276 1244 1350 1316 tum
1377 1241 1523 1332 quidem,
1552 1241 1704 1335 quamuis
1730 1245 1951 1316 exaestuante

404 1363 493 1453 sole,
524 1385 567 1437 ex
594 1363 752 1438 cadauere
788 1364 920 1456 poterat
947 1385 967 1436 u
994 1385 1161 1454 quoquam
1189 1363 1276 1436 illud
1310 1363 1545 1438 comitantium
1580 1364 1687 1439 foetor
1717 1363 1856 1438 sentiri:
1894 1365 1950 1438 sed

405 1485 440 1558 et
466 1485 630 1576 quaedam
657 1507 700 1558 ex
727 1483 1039 1558 sanctimonialibus
1074 1484 1223 1558 coenobii
1251 1485 1406 1578 praefati,
1438 1486 1575 1559 Martha
1601 1485 1746 1577 nornine,
1775 1485 1872 1579 virgo
1899 1508 1950 1558 re·

404 1605 529 1700 ligiosa
555 1607 589 1679 et
616 1606 816 1699 grandaeua,
854 1627 914 1698 pro
946 1604 1115 1678 constanti
1150 1607 1323 1680 astruebat
1342 1605 1377 1699 ¹),
1414 1606 1516 1680 etiam
1552 1609 1633 1680 tuno
1660 1629 1703 1680 ox
1729 1628 1865 1699 corpore
1891 1627 1952 1680 suo

405 1726 679 1818 obscaenitatem,
707 1723 998 1820 fragrantiamque
1025 1724 1135 1800 odoris
1162 1726 1196 1799 et
1224 1725 1437 1800 stillicidium
1460 1725 1525 1800 olei
1553 1747 1718 1817 manasse,
1757 1749 1822 1817 quo
1851 1725 1950 1799 mult'

405 1869 580 1944 aegrorum
608 1847 773 1942 peruncti,
811 1846 979 1940 integram
1014 1869 1050 1921 se
1085 1846 1249 1940 recepisse
1285 1848 1465 1921 sanitatem
1501 1848 1619 1922 testati
1656 1850 1745 1921 sunt.
1791 1847 1951 1921 Animam

404 1969 477 2044 eius
503 1967 723 2059 benedictam,
762 1969 870 2043 coelos
897 1967 933 2041 in
961 1990 1082 2062 magno
1110 1969 1242 2062 fulgore
1269 1970 1456 2063 petentem,
1491 1967 1526 2042 in
1560 1969 1688 2044 risione
1723 1969 1810 2044 uidit
1845 1969 1951 2042 irater

404 2091 595 2185 Boguslaus
622 2088 748 2164 ordinis
774 2088 960 2179 itinerum,
999 2089 1049 2162 vir
1076 2089 1215 2164 deuotus
1242 2090 1278 2164 et
1304 2089 1501 2184 religiosus,
1530 2091 1565 2164 at
1591 2089 1781 2184 angelicum
1819 2092 1949 2164 coetum

406 2209 623 2304 canentem‘2)
658 2209 826 2285 suauitate
862 2209 1081 2285 inenarrabili
1118 2231 1271 2284 carmen:
1316 2210 1560 2300 Fronduit,
1598 2211 1768 2286 floruit
1802 2209 1951 2284 Aaron

404 2331 604 2427 virgula.
650 2331 740 2424 Quae
766 2331 803 2405 in
830 2352 931 2405 carne
959 2332 1080 2426 posita,
1117 2332 1348 2424 frequentibus
1385 2332 1551 2426 suspiriis,
1589 2331 1762 2406 lachrimis
1793 2335 1829 2406 et
1855 2333 1948 2406 obse-

405 2453 609 2528 crationibus
636 2453 813 2528 coelestem
841 2453 1051 2547 splendorem
1079 2453 1326 2547 cognatumque
1353 2454 1574 2544 desiderabat,
1604 2451 1676 2527 illic
1702 2452 1846 2546 degendi
1873 2474 1948 2526 uor-

405 2597 505 2667 mam,
534 2573 732 2668 piorumque
759 2575 957 2649 conventum
984 2573 1115 2648 sitiens.

508 2697 636 2770 Octava
662 2695 744 2769 Maii
770 2695 948 2770 Bolaslaus
975 2696 1054 2768 Dux
1080 2693 1217 2770 Maioris
1244 2693 1401 2769 Poloniao
1431 2695 1518 2770 diem
1546 2694 1673 2770 claudit
1700 2696 1886 2772 extremum
1913 2697 1949 2768 et

405 2817 440 2890 in
468 2815 658 2892 Gnesnsnsi
686 2815 828 2892 ecclesia
854 2815 1018 2910 sepelitur
1033 2813 1072 2910 ³).

406 3183 589 3256 Karinima
616 3183 777 3274 trauains
805 3187 839 3256 ut
864 3181 1032 3256 lanciator
1059 3181 1130 3252 ltux
1155 3179 1301 3271 moritus
1328 3182 1363 3252 cl
1390 3181 1491 3253 aratri
1517 3180 1697 3270 brugarum
1718 3181 1863 3271 proditor
1889 3197 1949 3253 ruo

1037 3301 1130 3373 inam
1163 3300 1330 3374 occiditur.

509 3541 701 3618 Kanimirus
727 3541 873 3618 (lauradi
901 3539 1129 3636 duraciensis
1166 3539 1393 3616 lanciciensis
1420 3540 1455 3615 st
1482 3539 1684 3615 Siradionsis
1710 3541 1800 3629 Dux,
1839 3542 1950 3614 morbo

406 3665 515 3761 magis
541 3687 642 3758 quam
670 3664 762 3740 senio
789 3665 941 3754 rexatus,
978 3661 1136 3736 humanis
1176 3661 1337 3738 eximitur
1373 3663 1407 3738 st
1437 3659 1473 3734 in
1500 3659 1772 3738 Wladislarisusi
1810 3661 1951 3734 ecclesia

406 3787 581 3882 sepelitur,
611 3787 692 3862 duos
718 3785 819 3878 filios,
848 3784 1004 3860 uidelicet
1030 3785 1233 3859 lestkonem
1249 3779 1277 3877 4)
1303 3782 1448 3878 Nigrum
1475 3785 1510 3858 et
1526 3781 1794 3864 ,Zemomislanm
1809 3782 1839 3876 ⁵)
1865 3781 1952 3856 alias

406 3907 623 3999 Semouitum,
651 3929 695 3983 ax
721 3895 919 3982 Constantia
945 3904 1047 3980 Ducis
1074 3903 1366 3981 Wratislarionsis
1392 3903 1532 3978 Henrici
1558 3903 1696 3979 secundi
1727 3925 1747 3976 a
1774 3901 1952 3976 Thartaris

405 4029 504 4105 occisi
531 4028 614 4119 filia,
644 4029 826 4123 susceptos,
856 4027 1062 4118 relinquens.
1095 4027 1140 4098 Et
1166 4027 1291 4101 Lostko
1319 4025 1452 4118 quidem
1479 4025 1584 4118 Niger
1611 4047 1631 4096 a
1657 4026 1763 4118 patro,
1794 4025 1873 4097 durn
1900 4025 1951 4098 ri-

404 4151 508 4241 varet,
546 4149 731 4246 Siradisusi
766 4149 900 4224 Ducatu
932 4147 1174 4242 emancipatus,
1211 4146 1471 4222 Zemomislanm
1507 4147 1647 4220 fratrem
1682 4144 1833 4219 residuos
1869 4146 1952 4218 duos

405 4273 567 4361 buculus,
595 4270 753 4347 uidelicet
779 4268 1030 4346 Lanoicionsem
1057 4271 1091 4344 ot
1117 4268 1369 4364 duraciensem,
1385 4289 1504 4363 passus
1530 4269 1583 4342 est
1608 4266 1778 4359 (quamuis
1801 4287 1873 4342 sors
1890 4287 1952 4340 sua

405 4392 544 4468 inferior
570 4395 673 4487 esset)
702 4391 884 4486 possidere.
920 4393 1189 4485 Desponsarerat
1215 4393 1339 4482 autern,
1367 4391 1474 4464 uitam
1500 4409 1606 4483 agens
1632 4387 1826 4462 Karimirus
1854 4409 1950 4482 prae-

406 4513 498 4586 fatus
523 4513 602 4586 Dux
629 4511 846 4606 (luganiensis
874 4512 1095 4586 Zemomislao
1110 4511 1139 4605 6)
1165 4511 1237 4584 filio
1269 4533 1328 4586 suo
1347 4513 1430 4585 natu
1457 4509 1579 4584 minori
1605 4531 1755 4600 uxorem,
1784 4508 1951 4602 uirginem

406 4634 606 4724 Salomaaru,
634 4633 743 4706 filiam
769 4633 992 4727 Suantopelci
1018 4632 1234 4708 Pomeraniae
1260 4631 1374 4724 Ducis,
1402 4654 1446 4707 ex
1473 4652 1540 4723 qua
1557 4629 1764 4706 successione
1790 4629 1952 4723 temporis

406 4761 475 4830 tres
502 4753 602 4846 filios,
630 4753 789 4828 uidelicet
815 4755 1028 4844 Lostkonem,
1067 4752 1309 4830 Praemislaum
1334 4755 1369 4826 et
1394 4751 1605 4826 Karimirnm
1640 4753 1749 4826 Duces
1786 4749 1952 4845 (lupariae

406 4877 441 4950 et
467 4873 654 4966 Lanciciao,
692 4876 727 4948 et
758 4875 841 4948 duas
876 4873 978 4965 filias,
1014 4875 1208 4949 Fannsnam
1224 4873 1263 4968 ἢ,
1301 4895 1385 4966 quae
1421 4871 1509 4966 Regi
1545 4871 1742 4966 Hunguriao
1778 4871 1952 4966 Stephano

514 5081 537 5161 ¹)
562 5083 714 5143 astruebat
736 5083 861 5142 veritate
888 5080 958 5142 Occi.
981 5082 1073 5142 Roar.
1113 5078 1138 5158 Ω)
1162 5082 1327 5141 canentium
1350 5081 1409 5141 Ed.
1433 5080 1520 5156 Io'ps.
1560 5076 1586 5156 ³)
1609 5080 1708 5154 Haec,
1739 5095 1794 5152 qao
1817 5079 1949 5153 Dluqos-

406 5189 471 5249 aias
495 5187 535 5246 ad
558 5185 955 5246 aonmn1268dcmortc
984 5185 1118 5246 Bolaslcc’
1136 5185 1235 5245 Dacis
1257 5185 1391 5245 Maioris
1413 5185 1566 5254 Potociac,
1590 5185 1625 5242 in
1652 5181 1743 5242 Oodd.
1766 5181 1840 5242 Aut.
1866 5181 1949 5243 Uolo.

408 5296 435 5352 ct
457 5287 521 5352 Lis.
542 5289 670 5366 profert,
693 5305 767 5351 acne
788 5293 860 5350 anat
882 5306 1024 5350 erronea:
1046 5291 1110 5365 ipsc
1131 5292 1211 5350 caim
1233 5293 1322 5349 autor
1344 5291 1443 5363 capost
1465 5289 1506 5349 ad
1529 5303 1647 5348 uanum
1670 5289 1756 5346 1279
1777 5285 1874 5346 &aaa
1888 5287 1950 5344 oba·-

406 5399 471 5455 tum
493 5394 628 5456 Bolcslca‘
650 5395 704 5454 Pa'c'
726 5392 829 5464 fusius
851 5399 969 5454 narrat.
1010 5389 1036 5470 ⁴)
1059 5393 1238 5454 Lcszlrousm
1270 5393 1328 5454 Ed.
1352 5393 1438 5468 laps.
1479 5387 1505 5466 δ)
1528 5392 1750 5465 Ziemomyslum
1780 5391 1839 5450 Ed.
1862 5389 1950 5464 cepa.

409 5495 436 5577 ⁶)
460 5499 606 5559 Semorilo
634 5496 705 5558 Ocd.
728 5499 820 5558 Rorr.
861 5495 887 5574 ⁷)
911 5485 1174 5558 Femineam'Cod.
1197 5499 1291 5559 Roar.
