4162 6288
154 555 217 656 (Α.
238 561 286 638 D.
306 563 411 654 1271.)
766 581 878 632 risse
904 579 1097 632 snrrrmus.
1630 556 1704 630 421

153 773 288 848 serente
308 770 398 845 inter
416 769 495 844 illos
512 767 721 857 discordiam,
751 767 791 842 de
818 765 973 862 eligendo
999 765 1136 840 Summo
1163 761 1326 838 Pontifico
1353 763 1533 856 plusquam
1560 761 1706 853 biennio,

153 891 340 968 identidem
368 893 525 966 conclave
561 889 790 984 ingredientes
825 886 993 980 (quamvis
1028 908 1049 960 a
1084 885 1243 979 Philippo
1280 885 1485 959 Francorum
1520 885 1555 959 et
1591 883 1707 958 carolo

153 1013 294 1088 Siciliae
329 1012 481 1107 Regibus
518 1010 741 1104 personaliter
775 1009 880 1098 aditi,
918 1009 958 1082 de
993 1005 1201 1101 expedienda
1237 1004 1399 1080 electione
1430 1003 1707 1097 sollicitarentur)

153 1134 333 1210 conuenire
360 1156 427 1208 non
455 1134 623 1226 poterant.
669 1133 717 1206 De
745 1130 916 1204 Simbaldo
942 1127 1174 1202 archidiacono
1201 1125 1377 1201 leodiensi
1405 1127 1542 1200 absente
1568 1127 1709 1221 agentes

153 1255 325 1344 conclaue,
363 1252 577 1340 conueniunt,
607 1251 664 1343 qui
693 1251 829 1326 natione
859 1249 1068 1324 Lombardus
1094 1249 1135 1323 (16
1162 1247 1300 1322 civitate
1327 1246 1526 1322 Placentina
1551 1247 1587 1320 ot
1613 1247 1709 1320 domo

153 1374 400 1450 vicecomitum
422 1374 454 1467 ¹),
493 1373 596 1448 etiam
623 1374 663 1448 de
690 1372 963 1447 archidiaconatu
990 1392 1050 1443 suo
1077 1367 1252 1443 leodiensi
1280 1367 1502 1461 abepiscopo
1533 1366 1708 1441 Leodionsi

154 1498 272 1588 (quem
308 1497 424 1588 postea
461 1494 585 1568 iustius
612 1495 690 1567 sodo
717 1515 777 1566 sua
804 1491 967 1586 privarit)
1003 1491 1177 1584 expulsus,
1214 1511 1258 1563 ex
1288 1488 1462 1562 deuotione
1489 1487 1524 1560 in
1552 1488 1708 1562 Sanctam

154 1617 295 1690 Terram
323 1609 570 1690 transfretavit.
599 1615 645 1688 Et
672 1613 835 1688 electione
863 1613 926 1687 sibi
955 1612 1183 1706 praesentata,
1212 1608 1412 1698 Vitcrbium,
1441 1608 1500 1682 ubi
1526 1609 1636 1682 adhuc
1652 1607 1708 1680 de-

153 1740 282 1832 gebat,
310 1736 492 1830 collegium
519 1735 749 1811 cardinalium
775 1733 879 1824 uenit,
917 1734 1116 1826 Papatuque
1147 1733 1320 1824 acceptato
1335 1730 1364 1823 ¹²)
1391 1729 1486 1804 radit
1501 1727 1530 1822 ³)
1556 1729 1708 1806 Romam

154 1859 272 1949 ibique
299 1859 478 1932 coronatur
505 1858 540 1929 et
567 1857 791 1932 consecratur.
819 1854 924 1930 Mirae
942 1855 994 1928 rir
1013 1853 1049 1926 in
1067 1852 1296 1928 saecularibus
1323 1849 1563 1945 experientiae,
1592 1871 1709 1942 quarn·

153 1979 209 2053 ris
236 1979 384 2054 modicae
411 1978 628 2052 literaturae:
666 2000 732 2050 non
773 1976 989 2072 pecuniarum
1016 1973 1131 2065 lucris,
1168 1975 1225 2046 sed
1252 1973 1538 2067 eleemosynarnm
1565 1969 1601 2043 in
1628 1992 1709 2064 puu-

155 2121 255 2195 pores
290 2100 466 2195 largitioni
504 2118 639 2192 operam
672 2099 777 2188 dans,
818 2099 853 2172 in
881 2095 1129 2172 consecratione
1156 2095 1271 2169 autom
1298 2091 1481 2189 Gregorius
1517 2092 1709 2166 nominatos

154 2220 318 2296 decimus.

156 2587 327 2660 cunradus
346 2587 573 2678 dlogcuiaualr
601 2580 672 2659 ltux
698 2584 895 2675 superducta
923 2583 990 2655 alia
1017 2584 1162 2672 coniuge,
1190 2582 1294 2654 aldam
1319 2583 1383 2654 tria
1411 2585 1522 2654 castra
1540 2585 1575 2654 at
1593 2581 1711 2672 oppida
1811 2606 1815 2614 ·
1842 2643 1847 2650 .

156 2709 248 2782 dotia
275 2709 402 2782 nonina
430 2709 575 2800 obligas
604 2707 658 2800 qui
685 2727 706 2779 a
731 2705 882 2778 Bolaalm
909 2707 1009 2777 llatae
1036 2704 1243 2796 lagulcaauri
1269 2705 1364 2792 buca,
1390 2704 1467 2797 pain
1485 2703 1712 2795 captivaretur,

806 2843 920 2917 pamm
947 2825 1070 2898 aberat.

262 3071 408 3144 Orbatus
435 3089 538 3142 uxore
566 3067 676 3161 prima
702 3067 866 3158 Salomea,
905 3065 979 3139 filia
1005 3064 1188 3142 Wladislai
1221 3064 1355 3139 Ottonis
1389 3063 1526 3138 llaioris
1553 3061 1711 3138 Poloniae

156 3192 273 3282 Ducis,
310 3190 484 3265 Gnnradns
521 3188 755 3282 Glogoriensis
782 3189 861 3262 Dux
901 3187 1004 3261 aliam
1032 3187 1237 3280 superducit,
1265 3183 1451 3279 Brigittam
1487 3183 1711 3259 1111661116-

156 3313 264 3387 odrici
292 3311 496 3386 dlarchionis
523 3309 733 3400 dlissnensis,
771 3309 924 3384 relictam
953 3308 1120 3400 quondam
1145 3307 1292 3382 dunradi
1318 3307 1451 3401 nepotis
1477 3306 1542 3395 sui,
1571 3329 1614 3380 ox
1641 3305 1712 3379 lilio

157 3434 312 3509 Conrado
338 3434 568 3506 Romanorum
595 3430 813 3525 Imperatoris
840 3429 1005 3504 lbiderici
1031 3451 1052 3502 a
1078 3429 1196 3508 carolo
1223 3427 1360 3502 Siciliae
1385 3428 1480 3521 Rege
1506 3426 1588 3502 uicti
1610 3429 1646 3500 et
1677 3426 1712 3498 in

157 3555 300 3648 Neapoli
328 3553 439 3646 capite
467 3552 566 3642 caesi,
604 3575 764 3646 magnam
791 3554 826 3625 et
852 3551 889 3623 in
916 3550 1059 3644 pecunia
1085 3551 1121 3623 et
1149 3549 1183 3622 in
1211 3548 1417 3642 supellectili
1452 3569 1565 3623 secum
1600 3547 1712 3621 dotem

157 3677 334 3751 forontem.
363 3675 424 3749 Oui
452 3674 582 3747 ratione
610 3672 808 3766 nuptiarum
836 3695 894 3764 pro
922 3670 1078 3744 dotalitio
1103 3673 1139 3744 et
1166 3671 1242 3744 doto
1269 3671 1407 3764 accepta
1433 3669 1605 3744 Gunradus
1632 3668 1713 3743 (116-

158 3795 328 3890 goviensis
355 3797 434 3868 Dux
462 3795 662 3882 Krosrnam,
699 3793 922 3887 Grepfenstcn
938 3792 966 3885 4)
993 3793 1028 3866 ct
1054 3791 1155 3864 Pruin
1182 3791 1294 3865 castra
1328 3793 1363 3864 et
1390 3790 1514 3884 oppida
1548 3789 1714 3883 obligavit

158 3920 193 3991 et
219 3916 405 4009 inscripsit.
451 3915 709 3989 Rernermratus
737 3915 849 3988 autem
876 3912 1087 4007 captivitatis
1124 3934 1203 3984 suae
1231 3912 1408 3985 Bolesluus
1435 3911 1713 4003 86666616ςηί-

158 4036 288 4111 ccensis
315 4038 404 4126 Dux,
434 4058 536 4126 qnam
563 4034 627 4128 a⁵)
654 4034 807 4108 cunrado
834 4031 1051 4128 Glogoriensi
1078 4033 1169 4106 Duce
1196 4033 1394 4126 pertulerat,
1428 4030 1586 4124 oppidum
1613 4030 1711 4103 Bole·
1815 4097 1820 4108 ,

158 4157 351 4250 slawicuess)
378 4157 563 4249 intercipit,
592 4155 651 4228 ubi
677 4177 713 4229 66
741 4154 869 4248 paritor
895 4156 930 4228 ot
956 4154 1146 4227 Gunrodum
1174 4154 1298 4227 Ducem
1327 4152 1591 4245 interceptumm
1618 4153 1713 4224 reba-

157 4281 226 4366 166
255 4299 375 4371 pamm
404 4300 535 4369 quoque
555 4275 677 4365 abluit,
707 4279 746 4348 ut
768 4275 942 4348 dnnradus
969 4276 1155 4367 caperetur.
1184 4273 1383 4366 quiescebat
1409 4273 1499 4347 enim
1526 4272 1562 4344 in
1589 4293 1627 4346 eo
1654 4293 1714 4344 suo

158 4399 281 4493 oppido
306 4420 460 4488 securus,
499 4399 556 4472 sed
585 4398 626 4470 de
653 4397 801 4470 adventu
838 4395 956 4468 hostili
992 4395 1139 4469 Boleslai
1174 4393 1291 4468 fratris
1327 4394 1380 4468 sui
1415 4393 1607 4488 paullulum
1634 4397 1714 4466 ante

158 4519 342 4614 praescios,
372 4541 448 4594 oum
475 4517 592 4612 paucis
620 4516 777 4606 exiliens,
806 4515 925 4590 erasit.

321 4881 507 4954 1161111666
536 4882 711 4971 episcopua
737 4879 1020 4954 wratislaviensis
1047 4880 1190 4967 nentur,
1217 4879 1366 4951 albertus
1395 4882 1551 4954 66666111.

263 5119 465 5196 Wolimirus
492 5121 790 5196 Wlodislaviensis
821 5121 1009 5215 episcopus,
1033 5143 1107 5194 curn
1136 5119 1234 5194 annis
1260 5120 1370 5195 tribus
1395 5123 1431 5194 et
1457 5120 1582 5214 uiginti
1609 5121 1714 5195 sodis-

267 5396 291 5474 1)
308 5399 518 5458 vicecomitum
541 5403 606 5458 erat
631 5395 703 5459 (1661.
727 5399 817 5458 Roar.
842 5394 872 5474 ²)
885 5403 1007 5470 accepto
1030 5397 1090 5456 Ed.
1114 5396 1201 5472 Lips.
1224 5393 1253 5470 ³)
1269 5397 1356 5470 petiit
1374 5393 1445 5456 (lod.
1469 5395 1561 5456 Roar.
1587 5391 1614 5472 ⁴)
1630 5396 1715 5456 Grai·

159 5501 292 5570 fensteiu
315 5501 374 5569 Ed.
398 5501 486 5585 Lipa.
519 5497 546 5580 Ι’)
568 5519 586 5562 6
609 5518 747 5577 germano
771 5519 823 5571 suo
856 5495 927 5564 Cod.
950 5501 1042 5564 soar.
1079 5496 1496 5588 6)6661(16666166616666(
1529 5493 1600 5562 coo.
1622 5499 1717 5617 Roar¹
