4192 6272
993 541 1105 594 urens
1132 541 1317 595 ocravos.
1669 522 1731 617 (Α.
1752 521 1799 600 D.
1818 525 1936 620 mss.)

571 938 769 1013 modiatam
795 941 920 1014 tollet
945 942 1017 1014 box
1043 942 1203 1032 tourriac
1230 942 1362 1034 eligitur
1388 943 1421 1016 in
1447 941 1566 1036 Regem
1597 944 1758 1020 Poloniae.

490 1182 541 1254 Ne
568 1182 680 1255 autem
707 1181 865 1276 Regnum
892 1182 1049 1258 Poloniae
1077 1205 1136 1278 per
1162 1181 1359 1258 occisionem
1378 1183 1574 1258 Praemislai
1592 1185 1700 1280 Regis
1718 1186 1929 1277 divisionum,

386 1323 650 1394 guerrarumque
677 1303 808 1394 laqueis
835 1304 1045 1398 contingeret
1072 1305 1208 1396 involvi,
1240 1307 1275 1379 et
1303 1328 1362 1398 per
1388 1305 1562 1400 Principes
1598 1309 1827 1402 tyrannosque
1853 1308 1934 1383 rici-

387 1445 447 1495 nos
473 1423 509 1495 in
537 1423 706 1516 praedam,
736 1424 1024 1518 direptionemque
1050 1426 1185 1520 exponi,
1214 1425 1358 1520 praelati
1397 1429 1602 1518 baronesque
1638 1428 1797 1503 Poloniae
1824 1429 1935 1522 Regni

385 1545 419 1616 et
446 1543 596 1617 Ducatus
622 1545 850 1636 Pomerauiae,
879 1545 1096 1621 monentione
1122 1547 1274 1642 generali
1302 1546 1336 1620 iu
1356 1546 1524 1622 Posnania
1543 1569 1602 1640 pro
1620 1548 1673 1622 die
1693 1548 1809 1623 Sancti
1827 1547 1932 1623 ddal-

387 1663 474 1738 berti
502 1665 681 1755 celebrata,
719 1665 753 1739 id
789 1666 935 1759 primum
974 1667 1039 1742 sibi
1067 1669 1235 1761 agendmm
1263 1668 1479 1762 praecipuum
1518 1667 1777 1759 existimarunt,
1808 1671 1846 1744 ut
1872 1669 1935 1743 ali-

387 1808 486 1879 quem
514 1785 706 1880 Principem
739 1789 957 1880 prudentem,
986 1788 1172 1863 animosum
1201 1791 1235 1862 et
1263 1791 1432 1862 matorum
1467 1788 1503 1862 in
1540 1789 1668 1884 Regem
1704 1791 1936 1865 substituant:

387 1907 530 1997 attento,
559 1907 647 2000 quod
673 1908 749 1982 Rex
775 1909 1001 1984 Praemislaus
1027 1909 1161 1983 nullum
1201 1909 1310 1984 virilis
1336 1931 1448 2000 sexus,
1479 1911 1614 2004 praeter
1653 1909 1787 1985 unicam
1828 1911 1935 1984 filiam

386 2027 567 2103 Richszam
594 2027 740 2118 nomine,
769 2028 946 2120 reliquerit
972 2031 1160 2106 haeredem.
1189 2032 1235 2104 Et
1261 2030 1416 2121 quamvis
1442 2030 1633 2121 aliquorum
1661 2031 1800 2106 haberet
1825 2053 1936 2106 asser-

387 2149 447 2238 tio,
477 2147 630 2242 iniquum
657 2149 887 2243 iniustnmque
914 2152 997 2243 fors,
1027 2151 1133 2226 liliam
1161 2151 1357 2226 Praemislai
1385 2152 1493 2246 Regis
1519 2173 1540 2224 a
1565 2153 1655 2226 sorte
1673 2151 1784 2247 Regni
1803 2151 1935 2228 excludi

306 2319 307 2324 =
386 2273 422 2346 et
448 2271 691 2346 haereditatem
718 2273 895 2366 paternam
922 2273 987 2347 sibi
1014 2273 1158 2364 auferri,
1187 2272 1413 2366 beneficiaque
1436 2295 1538 2366 quam
1566 2273 1714 2368 plurimu
1739 2273 1935 2348 Praemislai

387 2391 493 2488 Regis
521 2415 579 2487 per
606 2393 875 2488 surrogationem
902 2395 1035 2469 externi
1062 2394 1231 2489 Principis
1271 2395 1373 2468 simul
1401 2417 1476 2469 cunr
1504 2394 1610 2490 stirpe
1642 2416 1703 2470 sua
1729 2395 1825 2490 regia
1851 2395 1936 2470 obli-

386 2516 545 2606 teratum,
574 2514 830 2608 extinctumque
858 2514 919 2588 iri:
957 2516 1183 2610 periculorum
1217 2517 1332 2590 tamen
1359 2515 1550 2610 ingentium
1577 2517 1701 2606 moles,
1730 2539 1794 2610 quo
1807 2517 1841 2611 ¹),
1870 2517 1937 2590 nisi

387 2637 545 2730 probatae
572 2635 709 2710 virtutis
736 2635 788 2711 vir
815 2636 1089 2728 substitueretur,
1126 2639 1284 2732 Regnum
1311 2635 1471 2711 Poloniae
1498 2617 1700 2711 ¹vomebantur
1726 2637 1934 2730 pessundari,

386 2759 421 2832 et
447 2756 539 2832 filiae
566 2757 673 2852 Regis
699 2757 908 2849 Praemislai,
939 2780 1026 2850 quae
1052 2759 1207 2834 octauum
1233 2761 1315 2832 tunc
1341 2760 1464 2853 agebat
1490 2780 1627 2848 annum,
1656 2757 1815 2832 iuuenilis
1841 2760 1936 2834 actas

385 2878 463 2954 illos
490 2901 510 2952 a
536 2879 655 2974 coepta
681 2878 852 2954 sententia
878 2879 1040 2954 desistere
1067 2879 1192 2973 coegit.
1233 2879 1331 2954 Votis
1367 2878 1475 2974 igitur
1514 2878 1725 2974 singulorum
1762 2879 1934 2970 scrutatis,

387 2998 536 3074 omnium
577 2998 829 3092 deliberatione,
872 2999 1012 3076 coneilio
1047 3002 1083 3075 et
1117 3021 1255 3074 assensu
1295 2999 1505 3075 Wladislaus
1545 3002 1764 3096 cognomento
1803 3001 1937 3074 Loktek

386 3121 552 3216 Oupaviae
578 3122 667 3212 Dux,
696 3120 863 3196 Kanimiri
889 3120 993 3196 Ducis
1020 3121 1248 3216 Guyauiensis,
1278 3121 1342 3194 tilii
1370 3120 1516 3196 Guuradi
1534 3121 1701 3216 bogariae
1718 3123 1753 3196 ct
1771 3122 1937 3198 Maeoniae

338 3313 352 3328 ,,
386 3241 566 3336 Principis,
586 3243 721 3316 sextum
748 3265 769 3317 a
794 3243 952 3318 Boleelao
979 3243 1137 3318 Poloniae
1163 3244 1257 3337 Rege
1285 3242 1401 3317 Sancti
1429 3242 1593 3317 Stanielai
1624 3242 1840 3319 interfectore
1858 3266 1936 3318 con·

386 3363 629 3458 sanguinitatis
664 3364 788 3439 ducens
824 3365 977 3459 gradum
1006 3365 1198 3440 comesset
1233 3363 1323 3438 iuter
1356 3364 1480 3438 iratres
1516 3385 1615 3454 soce,
1643 3365 1847 3440 lestkonem
1874 3365 1937 3438 Ni·

385 3507 484 3579 grum
511 3485 772 3578 Oracovicnsom,
801 3485 1106 3560 Sandomiriensem
1133 3487 1168 3560 et
1195 3485 1432 3576 Siradienscm,
1460 3484 1651 3576 Zemomisl,
1672 3484 1882 3558 Karimirum
1903 3489 1938 3559 ct

385 3606 590 3682 Semomtum
618 3605 806 3696 lnamciciae,
834 3606 1000 3700 (lupariae
1027 3610 1061 3680 et
1088 3607 1361 3696 Dobrainensem,
1390 3607 1499 3682 Duces
1539 3607 1662 3680 tertius
1689 3607 1784 3697 natu,
1813 3606 1849 3680 in
1868 3607 1937 3681 Re-

236 3728 241 3736 '
386 3751 462 3822 gem
489 3731 524 3802 et
550 3708 723 3802 dominum
750 3727 910 3802 Poloniae
937 3727 1098 3822 eligitur,
1127 3728 1314 3802 assumitur
1340 3729 1375 3801 et
1393 3727 1607 3802 nominatur:
1635 3729 1710 3802 tum
1728 3728 1816 3819 quod
1837 3729 1938 3801 Prin·

385 3870 463 3942 ceps
490 3849 580 3924 esset
607 3871 702 3924 rarae
729 3851 764 3923 et
791 3847 977 3943 singularis
1004 3848 1231 3923 animositatis
1257 3850 1293 3924 et
1320 3849 1529 3942 prudentiae,
1557 3851 1630 3922 tum
1659 3849 1747 3940 quod
1774 3849 1828 3921 illi
1861 3851 1940 3943 post

388 3972 527 4044 mortem
555 3970 708 4064 germani
735 3969 787 4045 sui
815 3970 996 4046 Lestlronis
1035 3969 1135 4063 Nigri
1175 3969 1414 4060 cracoviensis,
1457 3969 1739 4044 Sardemiriensis
1774 3971 1810 4043 et
1845 3970 1939 4044 Sira·

386 4091 511 4166 diensis
551 4091 653 4165 Ducis
669 4091 708 4185 Υ),
751 4091 833 4166 item
873 4090 1003 4166 ratione
1030 4113 1109 4166 suae
1135 4091 1299 4166 consortis
1326 4089 1512 4183 Hedoigis,
1541 4090 1633 4164 filiae
1668 4090 1750 4164 olim
1787 4091 1939 4166 Boleelai

385 4213 439 4286 Pii
466 4211 680 4288 dalissionsis
708 4215 743 4286 et
769 4212 1006 4286 Posnaniensis
1032 4211 1147 4302 Ducis,
1176 4212 1341 4286 dictorum
1369 4211 1608 4314 Posnaniensis
1626 4208 1704 4305 et³t
1725 4211 1942 4286 Galissiensis

386 4335 577 4409 Ducatuum
605 4333 677 4407 iure
704 4333 794 4408 insto
821 4337 856 4409 et
882 4334 1036 4428 legitimo
1064 4334 1247 4408 debebatur
1282 4333 1457 4408 successio.
1499 4333 1565 4406 Hic
1593 4355 1724 4425 quoque
1751 4355 1839 4408 unus
1866 4357 1941 4409 crs·

387 4457 540 4546 debatur,
569 4455 627 4547 qui
655 4455 855 4529 distractum
881 4455 917 4528 in
945 4456 1060 4549 plures
1087 4455 1238 4529 Ducatus
1264 4455 1423 4529 Poloniae
1449 4455 1606 4549 Regnum
1633 4454 1678 4528 ad
1704 4454 1804 4528 unius
1822 4476 1942 4550 corpo·

388 4576 435 4651 ris
461 4576 634 4652 reduceret
661 4576 903 4670 compaginem,
932 4578 968 4651 et
995 4576 1159 4650 adunaret
1199 4576 1285 4648 illud
1321 4575 1356 4648 in
1384 4597 1482 4650 uerae
1517 4575 1718 4649 stabilitatis
1758 4576 1941 4650 unitatem.

387 4698 647 4772 Constituuntur
674 4701 709 4772 et
736 4697 772 4770 iu
799 4700 891 4772 terra
917 4697 1134 4771 Pomeraniae
1170 4700 1240 4772 tres
1276 4696 1466 4790 capitanei,
1508 4698 1629 4771 Petrus
1665 4697 1824 4771 Suancna
1858 4720 1942 4771 can-

388 4819 546 4893 cellarius
572 4819 801 4908 Pomeraniae,
830 4817 1037 4892 laurentius
1063 4821 1099 4893 et
1125 4819 1245 4892 Iasnlro
1273 4817 1313 4891 de
1341 4819 1440 4906 Slau,
1469 4817 1583 4910 eisque
1609 4819 1645 4892 et
1671 4817 1875 4912 gubernatio
1905 4822 1942 4892 et

389 4939 537 5015 defensio
564 4943 674 5015 terrae
701 4939 805 5030 illins,
834 4939 970 5012 interim
998 4962 1063 5030 quo
1090 4940 1168 5012 Dux
1195 4939 1407 5014 Wladislaus
1433 4937 1567 5012 Loktek
1593 4937 1695 5012 aliter
1722 4938 1941 5034 disposuerit,

389 5062 579 5136 mandatur.
607 5058 821 5135 Auctoritate
848 5059 956 5154 igitur
982 5059 1157 5136 electionis
1184 5058 1376 5134 huiusmodi
1412 5059 1453 5132 de
1490 5081 1526 5134 se
1553 5059 1683 5151 factae,
1712 5061 1782 5132 tam
1817 5060 1941 5157 (traco-

387 5181 524 5274 oiensis,
553 5181 844 5274 Sandomiriensis,
872 5180 1104 5258 Lanciciensis
1130 5181 1165 5256 et
1192 5179 1407 5273 Siradiensis,
1436 5202 1537 5272 quam
1564 5179 1700 5255 Maioris
1726 5180 1887 5256 Poloniae
1906 5184 1944 5256 et

503 5475 529 5563 ¹)
553 5495 610 5561 qua
635 5476 705 5541 Cod.
726 5479 820 5544 Rosr.
845 5475 871 5560 ⁹)
893 5477 985 5542 Ducis
1007 5477 1084 5540 decet
1105 5477 1142 5538 ia
1167 5475 1236 5538 Ood.
1258 5473 1331 5538 Aut.
1354 5470 1382 5554 ⁸)
1405 5481 1436 5537 ct
1455 5475 1533 5538 deest
1546 5477 1583 5537 im
1608 5472 1679 5539 coo.
1702 5472 1778 5537 Aret.
