4208 6282
152 529 206 626 (Α.
225 529 273 606 D.
292 531 406 630 1170.)
759 551 870 604 amna
896 552 1067 618 curuans,

593 945 798 1060 nonos
832 945 1057 1060 oournn
1092 946 1222 1064 uro.
1339 921 1344 934 '

191 1235 309 1310 mutu
336 1235 565 1310 draconiorum
588 1233 782 1308 daainirom
800 1235 916 1308 bucon
935 1233 968 1306 in
985 1233 1187 1308 lonarcbun
1204 1233 1374 1326 praelecto
1391 1236 1513 1327 nolunt,
1540 1236 1625 1330 qnod

809 1357 916 1430 renuit
933 1357 1012 1449 ipso.

241 1599 406 1674 Fraterno
432 1600 467 1673 et
493 1597 587 1673 civili
623 1598 711 1673 bello
738 1598 774 1672 in
801 1597 874 1694 ipso
900 1597 953 1672 sui
981 1597 1172 1694 primordio,
1208 1599 1388 1694 antequam
1426 1599 1462 1674 in
1497 1601 1677 1696 perniciem

142 1723 290 1815 aliquam
306 1723 465 1816 serperet,
494 1720 643 1796 Boleslai
660 1721 858 1797 Polonomm
872 1720 975 1796 Ducis
1002 1723 1038 1796 et
1063 1719 1262 1796 Monarcbae
1281 1721 1471 1816 prudentie,
1491 1722 1674 1800 industria-

141 1867 201 1940 quo
227 1865 399 1940 oppresso,
436 1843 529 1920 aliud
564 1843 781 1938 perniciosius
806 1867 827 1919 a
853 1843 1124 1938 Oramuiensibus
1151 1842 1317 1918 militibus
1342 1843 1444 1919 ordiri
1464 1846 1488 1940 ¹)
1514 1845 1551 1920 in
1576 1846 1675 1922 Bole·
1743 1937 1746 1948 Ι

140 1968 249 2042 oleum
275 1967 429 2060 coaptum
463 1967 527 2058 ast,
563 1967 621 2042 sed
656 1965 754 2042 iuxta
780 1965 1015 2062 desuperius,
1052 1966 1089 2040 in
1114 1989 1174 2041 sno
1209 1967 1284 2040 ortu
1321 1965 1484 2042 modestia
1509 1967 1676 2044 Kaaimiri

139 2087 417 2164 Sandomiriensis
444 2087 612 2184 Principis
637 2088 800 2164 succisum
815 2085 855 2183 ²).
896 2089 983 2164 Iaxa
1009 2087 1174 2182 siquidem
1201 2088 1241 2164 de
1267 2088 1434 2184 llyocbow
1462 2091 1497 2166 ot
1523 2091 1673 2166 Suanto-
1781 2085 1784 2090 ’

136 2212 226 2286 slaus
256 2209 392 2302 milites,
427 2213 463 2288 et
488 2233 572 2306 pena
608 2209 755 2288 universi
790 2209 1056 2286 bracoviensium
1092 2232 1243 2306 proceros
1277 2209 1427 2286 Boloslai
1462 2210 1571 2310 brispi
1609 2211 1673 2287 im·

135 2332 267 2428 perium
300 2331 449 2428 segnius,
486 2355 587 2427 quam
623 2333 672 2408 roi
707 2332 861 2428 publicae
895 2332 999 2410 uariis
1034 2331 1286 2410 calamitatibus
1321 2355 1381 2429 pro
1406 2355 1444 2408 eo
1475 2335 1675 2430 tempestate

135 2455 283 2531 addictae
319 2454 518 2551 expediebat
533 2452 572 2552 ³),
609 2455 880 2532 administrantis
919 2455 1049 2552 perosi,
1084 2455 1121 2530 in
1147 2455 1220 2530 sius
1254 2454 1506 2531 destitutionem
1542 2457 1674 2552 conspi-

134 2580 221 2670 rant,
250 2577 531 2671 Monarchiaeqoe
565 2577 797 2675 Principatum
831 2581 866 2655 et
901 2565 1050 2675 regimen
1085 2576 1257 2654 Kaaimiro
1294 2577 1553 2654 sandomiriensi
1588 2579 1682 2656 Duci.

137 2699 361 2776 mandandum
395 2701 596 2776 decernunt:
638 2701 681 2776 ad
707 2701 795 2794 quod
831 2701 908 2776 illos
934 2724 1001 2778 non
1027 2701 1136 2777 solum
1162 2699 1311 2776 Boleslai
1346 2699 1507 2796 segnities
1534 2703 1569 2777 et
1595 2724 1672 2777 con-

135 2823 254 2914 fracta,
279 2822 511 2915 exhaustaque
526 2822 554 2918 ⁴)
580 2825 683 2915 oetas,
719 2822 776 2898 sod
811 2823 996 2920 singularis
1022 2825 1058 2898 at
1083 2821 1279 2898 admiranda
1313 2819 1477 2896 Kaaimiri
1512 2823 1672 2919 probitas,

135 2944 287 3020 mirificis
323 2944 454 3056 aptibus
489 2943 639 3038 qnotidie
665 2967 701 3022 se
727 2945 928 3039 diffundens,
964 2949 999 3022 ot
1014 2945 1042 3041 ⁶)
1073 2969 1115 3022 ne
1141 2945 1296 3022 Boleslao
1331 2946 1508 3042 absumpto
1542 2947 1672 3042 dipaca-

133 3068 242 3142 slaum
271 3069 392 3143 Senem
417 3066 553 3144 blaioris
588 3067 746 3144 Poloniae
781 3070 816 3146 et
842 3068 1057 3144 Pomeraniae
1092 3069 1217 3145 Ducam
1252 3066 1430 3164 suscipere,
1466 3067 1561 3144 velut
1588 3071 1672 3144 natu

133 3189 306 3282 maiorem,
334 3191 542 3286 cogerentur,
570 3189 781 3287 instigabant
806 3194 990 3288 respectus.
1025 3192 1150 3267 Verum
1176 3189 1369 3268 Kazimirus
1396 3189 1673 3268 Sandomiriensis

131 3314 210 3388 Dux
236 3336 259 3388 a
286 3313 384 3405 Iena,
413 3313 629 3406 Suantoslao,
658 3313 864 3408 caeterisque
890 3314 1161 3392 dramnionsibus
1183 3313 1350 3390 militibus
1367 3316 1517 3410 rogatum,
1545 3316 1584 3388 ut
1601 3316 1675 3390 llo·

131 3435 289 3512 narchiae
316 3434 467 3531 regimen
502 3435 685 3513 uniuersali
722 3459 883 3512 consensu
919 3437 984 3513 sibi
1019 3437 1179 3531 delatum,
1216 3460 1258 3513 ne
1291 3459 1351 3533 por
1376 3435 1524 3512 Boleslai
1558 3438 1670 3532 torpo-

129 3557 242 3653 rom⁶)
270 3557 501 3653 periclitatum
537 3559 623 3634 illud
650 3559 692 3634 iri
718 3560 865 3656 amplius
901 3560 1122 3656 contingeret,
1158 3561 1332 3654 acceptare
1367 3558 1574 3654 dignaretur,
1602 3582 1671 3634 res·

130 3681 277 3776 pendet:
317 3679 475 3775 Iniquum
502 3683 539 3758 ot
563 3685 717 3758 acerbum
745 3682 809 3758 sibi
836 3682 952 3774 uideri,
976 3681 1206 3758 strenuissimo
1232 3680 1386 3776 Principe
1411 3681 1577 3774 Beleslac,
1605 3705 1672 3758 non

129 3825 293 3898 germano
320 3803 438 3896 solum,
467 3804 525 3880 sod
551 3827 630 3880 suae
657 3805 842 3882 iuuentutis
869 3805 1011 3903 benigno
1038 3804 1223 3900 alumno⁷),
1251 3807 1286 3880 et
1312 3803 1400 3896 quod
1425 3803 1479 3878 his
1496 3806 1679 3900 praestan.

128 3925 197 4000 tius
223 3927 290 4016 ast,
328 3925 454 4021 optimo
488 3926 529 4002 do
561 3927 760 4022 republica
795 3928 924 4020 morito,
962 3929 1168 4024 propulsato,
1205 3929 1240 4001 ot
1274 3927 1410 4022 propter
1443 3926 1670 4022 grandaevum

129 4047 261 4124 sanium
288 4048 438 4140 excluso,
474 4049 688 4126 Monarchiao
724 4072 882 4146 occupare
909 4050 1152 4145 Principatum.
1197 4050 1240 4125 So
1267 4049 1401 4142 quidem
1428 4070 1540 4124 eornm
1567 4047 1669 4144 aesti-

128 4169 317 4264 notioniq
344 4169 472 4265 gratias
505 4193 616 4268 agera
645 4175 680 4247 et
706 4172 865 4268 gratiam,
899 4173 986 4266 quod
1012 4195 1048 4248 se
1074 4171 1270 4267 Principatu
1302 4170 1440 4267 dignum
1467 4169 1679 4262 iudicarunt„

127 4295 252 4369 referre
280 4293 391 4381 vello3
419 4292 477 4368 sed
503 4295 598 4370 nullo
625 4297 723 4390 pacto
750 4295 786 4370 in
813 4298 883 4371 tam
905 4296 1019 4392 ‘scelus
1045 4295 1291 4385 detestandum,
1319 4315 1383 4387 quo
1409 4295 1444 4368 et
1469 4291 1581 4388 patria
1609 4316 1669 4368 ox-

126 4415 298 4490 turbanda
324 4417 414 4491 esset
438 4418 475 4492 ot
499 4417 676 4492 Boleslaus
702 4419 819 4511 irater,
847 4441 946 4510 quem
973 4417 1104 4513 privato
1131 4416 1233 4492 otiam
1260 4415 1296 4490 in
1322 4415 1522 4490 bonodium
1548 4415 1672 4490 coleret

123 4537 246 4630 olficio,
276 4536 466 4630 violandus,
495 4539 625 4634 puritas
652 4563 785 4636 quoque
811 4563 874 4616 sua
901 4540 1161 4617 contaminanda
1186 4540 1284 4630 esset,
1313 4560 1535 4614 assensurum.
1582 4538 1668 4612 Nos·

125 4663 200 4736 sent
227 4663 406 4756 praeterea
432 4683 468 4736 se
494 4660 542 4738 sic
568 4661 781 4754 institutum,
810 4663 1107 4758 qualificatumquo
1133 4683 1224 4754 esso,
1261 4663 1301 4735 ut
1326 4661 1450 4736 nedum
1475 4659 1671 4735 Beleslaum

124 4783 251 4859 Ducem
279 4783 318 4858 et
343 4783 557 4860 llonarcham
583 4784 716 4862 afficere
751 4785 836 4862 uelit
863 4786 1086 4880 qualicunque
1112 4783 1247 4876 iniuria,
1284 4782 1342 4860 sod
1368 4781 1473 4858 ritum
1500 4783 1535 4856 et
1560 4783 1667 4857 lortu-

124 4927 186 4980 nas
212 4927 277 5001 pro
304 4904 379 4980 eius
406 4905 597 4984 defensione
623 4908 866 5004 oppositurum.
906 4909 949 4984 In
974 4909 1064 4984 hunc
1090 4930 1214 4984 morem
1228 4906 1257 5002 9)
1283 4903 1549 4982 Crotoniensium
1576 4903 1666 4978 mili·

124 5029 197 5102 tum
223 5027 377 5124 gliscens
402 5027 439 5102 in
464 5029 658 5106 Beleslaum
685 5032 811 5107 Ducem
838 5031 957 5108 seditio
984 5031 1135 5107 extincta
1163 5031 1226 5104 est.

231 5221 258 5300 ¹)
283 5224 409 5285 excitari
443 5223 513 5286 God.
536 5226 629 5288 Rosr.
670 5222 864 5303 ²)snccisnm
893 5229 947 5285 est.
981 5221 1051 5286 Ood.
1074 5224 1167 5284 Rosa.
1205 5219 1235 5298 ³)
1258 5219 1449 5282 conveniebat
1480 5218 1551 5278 Ood.
1574 5219 1666 5279 Rocr.

125 5321 152 5409 ⁴)
176 5335 345 5404 exnsmquo
366 5329 426 5390 Ed.
449 5331 542 5392 Dobr.
581 5326 607 5408 ⁶)
630 5337 691 5390 tum
717 5329 787 5392 coo.
811 5331 903 5392 Rosa.
943 5326 969 5410 ⁰)
993 5347 1029 5390 ne
1050 5329 1179 5388 Boleslai
1201 5333 1331 5402 temporo
1354 5325 1413 5388 Ed.
1436 5325 1529 5386 Dobr.
1569 5320 1667 5402 7)ιιιι-

123 5437 221 5493 ratora
248 5431 324 5499 Ood.
347 5433 439 5494 Roer.
475 5431 563 5516 ⁸)so
586 5435 702 5512 quidem
723 5436 782 5504 illis
811 5451 865 5522 pro
888 5451 925 5496 ea
952 5433 1146 5519 propensione
1180 5430 1250 5494 God.
1273 5432 1364 5494 Reor.
1403 5426 1675 5517 ο)ιιιο(1ιιιιιοιιιὶ..

126 5537 216 5604 Beer.
