4192 6272
396 501 471 574 512
1001 520 1113 574 crena
1139 520 1331 574 auruncus.
1677 498 1739 594 (Α.
1760 497 1806 574 D.
1827 499 1944 594 1292.)

392 713 464 784 tum
492 707 713 804 amplioribus
740 707 913 802 prodigite,
943 707 1051 784 uarios
1077 708 1223 784 curando
1250 710 1431 804 languores
1458 709 1667 784 coruscabat.
1703 708 1757 782 Ab
1784 732 1872 783 anno
1897 710 1942 782 si·

392 831 526 926 quidem
554 831 672 905 mortis
699 852 778 907 suae
806 851 912 920 usque
939 831 982 906 ad
1008 853 1134 905 annum
1162 830 1296 905 Domini
1323 831 1542 906 lllillesimum
1570 829 1836 906 tricentesimum
1857 830 1942 906 vice-

392 955 515 1028 simum
542 975 679 1042 nonum,
708 951 838 1026 meritis
865 951 936 1026 suis
963 951 1161 1046 octuaginta
1180 951 1203 1048 ¹)
1240 953 1364 1025 mortui
1391 951 1482 1028 ritae
1510 951 1674 1047 pristinae
1700 951 1824 1028 redditi
1851 954 1941 1042 sunt,

391 1074 572 1171 sexaginta
598 1073 685 1148 caeci
713 1072 921 1163 illuminati,
950 1073 1140 1164 quindecim
1181 1073 1308 1168 captivi
1345 1069 1539 1148 avinculis
1579 1073 1702 1164 soluti,
1732 1073 1942 1168 septingenti

295 1227 299 1232 ·
393 1199 529 1291 insuper
556 1195 708 1270 hominos
735 1194 912 1288 utriusque
939 1216 1042 1270 sexus
1069 1219 1090 1269 a
1116 1194 1220 1269 uariis
1247 1193 1517 1289 aegritudinibus
1545 1195 1673 1286 curati,
1702 1198 1741 1269 nt
1768 1195 1853 1270 satis
1880 1194 1940 1268 mi·

392 1319 534 1394 randum
561 1316 619 1408 sit,
648 1315 773 1390 aetatis
800 1315 896 1390 illius
923 1317 1092 1410 praelatos
1119 1319 1154 1388 et
1181 1315 1354 1410 Principes
1381 1315 1540 1390 Poloniao
1566 1315 1852 1392 canonisationem
1871 1317 1941 1390 tam

392 1441 540 1530 sacoma,
556 1438 692 1530 tamquo
720 1435 922 1512 uenerabilis
948 1437 1109 1512 lindissae
1137 1437 1274 1531 propter
1301 1436 1477 1512 madorem
1504 1436 1708 1532 uirgineum,
1728 1459 1828 1529 quem
1845 1435 1943 1510 curris

391 1560 509 1637 multis
536 1559 572 1634 in
599 1559 697 1633 thoro
723 1557 871 1634 seruauit
897 1557 1079 1654 coniugali,
1109 1557 1199 1633 inter
1234 1561 1401 1654 martyres
1436 1559 1700 1653 computandae,
1729 1583 1797 1633 non
1823 1580 1941 1653 procu·

391 1703 495 1758 rasse.
523 1682 668 1757 Tantam
695 1679 862 1772 siquidem
898 1679 986 1755 circa
1014 1679 1110 1754 illam
1137 1679 1244 1775 Regis
1280 1680 1409 1756 aeterni
1444 1679 1640 1776 benignitas
1675 1679 1942 1776 magnitudinem

393 1826 472 1879 suae
498 1789 632 1898 gratiae
648 1801 695 1897 ²),
724 1802 961 1877 consolidando
997 1803 1205 1892 contractos,
1235 1803 1453 1877 restaurando
1489 1801 1713 1899 paralyticos,
1750 1801 1942 1878 cruscitando

391 1927 552 2016 mortuos,
581 1923 772 1998 mundando
799 1924 960 2018 leprosos,
989 1924 1161 1999 liberando
1179 1924 1416 2018 energuminos
1431 1921 1470 2018 ³),
1491 1923 1715 1999 illuminando
1733 1945 1857 2016 caecos,
1877 1923 1941 1998 eri-

392 2047 502 2141 gendo
530 2045 665 2119 claudos
691 2047 726 2120 et
753 2047 939 2141 collapsos,
968 2047 1003 2120 ut
1030 2044 1240 2140 multiplices
1267 2045 1498 2139 aegritudines
1524 2045 1596 2119 sule
1623 2045 1772 2122 sanando
1799 2045 1941 2134 meritis,

390 2168 628 2263 multipliciter
654 2166 804 2242 noscitur
830 2166 997 2258 effudisse,
1026 2167 1066 2241 ut
1092 2189 1135 2240 ex
1163 2167 1234 2240 illis
1261 2169 1453 2262 praestetur
1479 2168 1572 2243 certa
1589 2169 1625 2243 et
1642 2167 1779 2243 evidens
1805 2167 1939 2256 fidncia,

389 2291 476 2384 quod
503 2313 589 2381 quac
616 2291 649 2364 in
677 2288 750 2365 uita
776 2289 946 2385 praesenti
973 2287 1142 2384 dignitate
1171 2289 1409 2385 praefulgebat
1435 2289 1540 2385 regia,
1571 2289 1803 2385 pergratiam
1835 2289 1941 2384 Regis

390 2411 543 2490 molestis
570 2411 849 2507 glorificationem
876 2411 922 2484 sit
949 2411 1194 2506 amplissimam
1222 2410 1310 2486 inter
1337 2432 1476 2506 superos
1503 2413 1690 2487 consecuta.
1719 2412 1788 2486 Nec
1806 2411 1939 2486 mirum:

390 2534 496 2610 coluit
522 2533 612 2608 enirn
639 2533 771 2608 assidue
798 2534 833 2607 et
860 2531 1042 2608 custodiuit
1068 2532 1301 2628 integritatem
1339 2533 1480 2625 mentis,
1509 2535 1545 2607 et
1571 2512 1781 2608 nobilissimo
1817 2535 1942 2628 pudore

389 2655 627 2750 integerrimae
654 2654 865 2751 uirginitatis
893 2653 1128 2730 castimoniam
1168 2656 1230 2728 sub
1265 2653 1368 2729 nimio
1405 2657 1440 2729 ot
1467 2655 1570 2730 arduo
1611 2655 1725 2730 labore
1763 2655 1941 2750 transegit.

391 2780 522 2873 Expers
550 2778 682 2873 palmae
709 2801 775 2852 non
803 2777 968 2852 credenda
994 2775 1160 2871 martyrii,
1190 2799 1276 2868 quae
1303 2776 1452 2872 puritate
1470 2775 1596 2852 mentis
1613 2776 1740 2872 duplici
1758 2799 1834 2852 cnm
1854 2800 1939 2851 mor·

389 2879 585 2992 tilicatione,
614 2897 726 2974 camis
753 2921 833 2975 suae
859 2897 1017 2974 uidelicet
1043 2900 1079 2973 ot
1106 2897 1231 2990 mariti,
1261 2897 1394 2974 assiduo
1421 2920 1496 2974 cum
1524 2897 1651 2990 oculis,
1681 2920 1758 2973 cnm
1786 2899 1938 2988 naribus,

392 3044 466 3097 cum
495 3021 637 3098 caeteris
664 3020 839 3113 sensibus,
869 3043 944 3096 cum
972 3020 1085 3114 quiete
1111 3021 1146 3095 et
1173 3017 1264 3113 otio,
1290 3043 1365 3096 cum
1402 3020 1540 3096 silentio
1575 3022 1610 3096 et
1637 3020 1838 3112 solitudine,
1867 3043 1943 3095 cnm

391 3143 465 3238 ipso
492 3142 634 3236 deniqne
660 3143 752 3218 fastu
780 3142 815 3218 et
842 3143 1008 3238 apparatu
1036 3142 1148 3238 regio,
1177 3164 1252 3216 cum
1289 3141 1371 3216 cibis
1397 3144 1433 3218 et
1460 3141 1594 3237 potibus
1621 3141 1759 3238 opipare
1786 3141 1942 3232 conditis,

391 3287 466 3340 cum
493 3287 604 3340 rerum
632 3265 870 3360 temporalium
898 3264 1075 3340 affluentia
1101 3267 1136 3340 ot
1162 3285 1374 3340 successuum
1402 3263 1577 3356 felicitate,
1606 3262 1762 3356 restium,
1790 3285 1941 3359 gemma-

389 3409 464 3461 rum
491 3388 526 3462 et
553 3385 713 3462 unionum
743 3409 865 3482 pompa
881 3389 909 3481 ⁴)
936 3385 1120 3480 confligens
1147 3387 1244 3462 nocte
1271 3388 1374 3480 atque
1402 3385 1570 3478 interdiu,
1599 3385 1845 3479 momentisque
1870 3385 1942 3459 sin·

389 3508 481 3604 gulis
507 3507 612 3582 animi
638 3510 674 3583 et
701 3507 848 3604 corporis
875 3507 1065 3604 perferebat
1091 3507 1277 3599 cruciatae,
1306 3507 1526 3602 sanguineam
1561 3527 1671 3582 rosam
1699 3507 1941 3602 praeseferens,

388 3632 529 3707 centeno
556 3631 670 3705 fructu
697 3633 733 3704 et
759 3629 933 3726 geminata
959 3631 1086 3722 laurea,
1115 3627 1326 3724 uirginitatis
1352 3627 1509 3704 uidelicet
1535 3630 1571 3703 et
1597 3628 1787 3724 sanguinis,
1816 3628 1944 3703 meruit

388 3751 550 3827 coronari.
578 3751 821 3847 Virginitatem
849 3751 939 3826 onim
967 3773 1171 3849 magnopore
1198 3750 1409 3843 custodiens,
1438 3751 1550 3825 mento
1585 3751 1620 3826 et
1657 3749 1782 3846 spiritu
1810 3751 1942 3826 bostem

389 3896 540 3966 saeuum,
570 3895 780 3965 quocumque
807 3895 843 3948 se
870 3877 1028 3967 uerteret,
1055 3855 1168 3948 wsocrum
1196 3873 1340 3964 ferebat,
1361 3871 1494 3947 assiduo
1514 3873 1726 3966 premebatur
1746 3869 1942 3962 certamine,

389 3996 463 4070 sino
490 3995 635 4070 induciis
660 3996 789 4070 bellum
816 4017 948 4092 gerens,
977 4007 1043 4071 non
1070 4017 1219 4090 uespere,
1247 4017 1314 4069 non
1344 3996 1460 4087 nocte,
1489 4017 1556 4070 non
1583 3994 1744 4086 diluculo,
1774 4018 1840 4069 non
1868 4017 1940 4068 me·

387 4117 482 4209 ridie,
512 4141 578 4192 non
606 4139 705 4194 mane
732 4119 915 4214 respirasse
943 4117 1127 4212 permissa:
1156 4118 1215 4191 sod
1242 4115 1389 4212 singulis
1417 4116 1534 4191 diebus
1562 4119 1665 4208 atque
1693 4115 1797 4207 boris,
1826 4117 1942 4190 lorna-

387 4237 435 4313 cis
463 4237 571 4314 medio
597 4259 768 4330 succensa,
796 4239 869 4313 auri
897 4239 1005 4313 instar
1032 4240 1184 4332 probata,
1214 4237 1334 4332 purior·
1356 4238 1521 4332 prodibat.
1558 4236 1689 4332 (logita,
1717 4237 1836 4330 quanti
1864 4237 1943 4310 offi-

388 4361 430 4435 cii
458 4361 552 4434 labor
578 4359 624 4434 sit
651 4363 686 4435 et
704 4360 834 4454 fatiga!
862 4361 956 4435 Haec
974 4361 1151 4435 constante
1179 4359 1392 4434 matrimonio
1419 4359 1508 4434 uixit
1539 4359 1697 4448 modeste,
1718 4357 1942 4450 abstinenter,

387 4482 574 4576 castigate;
604 4505 670 4556 non
696 4482 810 4556 cultus
838 4481 873 4554 in
901 4505 940 4558 ea
967 4481 1193 4571 luxuriosior,
1222 4505 1288 4555 non
1315 4481 1523 4556 concorsatio
1558 4501 1635 4554 cnm
1661 4479 1764 4570 alric,
1794 4480 1852 4555 sed
1880 4501 1944 4554 noc

386 4623 462 4677 cnm
489 4602 560 4677 airo
587 4601 804 4694 licentiosior,
833 4627 899 4676 non
925 4602 1096 4677 conuictus
1114 4601 1332 4697 splendidior.
1352 4601 1401 4675 De
1428 4623 1496 4692 qua
1522 4622 1603 4675 eane
1629 4603 1665 4674 et
1690 4599 1762 4674 suis
1777 4599 1804 4694 ⁶)
1830 4601 1941 4675 uirtu-

386 4723 479 4804 tibus
506 4725 609 4816 atque
635 4722 762 4798 sanctis
801 4724 957 4818 oporibus
996 4725 1096 4800 tanta
1131 4723 1196 4798 dici
1225 4724 1378 4817 possunt,
1408 4724 1447 4795 nt
1473 4723 1515 4797 ad
1541 4723 1681 4816 longum
1710 4743 1817 4812 usque
1844 4722 1942 4796 uoln-

387 4869 465 4922 men
492 4847 735 4922 excrescerent.

495 5143 519 5217 1)
542 5146 702 5218 octingenti
727 5138 798 5204 Coot.
821 5143 913 5202 Beer.
939 5139 966 5218 ρ)
982 5141 1093 5215 gloriae
1120 5141 1190 5203 dod,
1214 5141 1306 5202 Roar.
1331 5136 1357 5217 3)
1374 5142 1594 5214 energumincos
1616 5139 1687 5202 Ood.
1710 5140 1802 5200 Rozr.
1826 5135 1854 5216 ⁴)
1869 5158 1940 5214 pur-

384 5265 461 5330 pura
488 5248 559 5310 Ood.
583 5250 674 5310 Roar.
700 5243 726 5325 ὀ)
750 5249 812 5308 eius
836 5247 895 5307 Ed.
919 5247 1006 5322 Ιλρε.
