4140 6298
396 543 471 618 298
1001 565 1113 618 ursan
1140 565 1334 620 sanamus.
1671 543 1734 640 (Α.
1754 544 1801 620 D.
1821 527 1948 640 1244.)

395 751 623 844 Lublineusis,
651 752 723 826 tam
750 751 919 828 nobilibus
946 753 982 828 et
1009 751 1196 844 militibus,
1234 775 1334 846 quam
1370 751 1560 848 agrestibus
1595 754 1631 829 et
1666 753 1793 830 colonis
1820 755 1948 850 optimo
2068 845 2069 858 ,

395 875 506 951 locata
531 877 567 950 et
593 895 757 969 possessa,
795 873 905 969 coepit
931 874 1040 970 redigi
1067 875 1103 949 iu
1130 874 1352 950 solitudinem·
1375 877 1411 950 ot
1437 875 1708 950 desertationem.
1753 877 1821 951 Sed
1848 879 1885 951 et
1911 877 1949 951 in
2068 871 2069 874 ‘

394 998 543 1072 caeteras
573 995 701 1072 uicinas
734 995 901 1090 regiones,
938 1019 981 1072 ne
1015 996 1161 1071 similem
1196 996 1420 1072 uastationem
1456 996 1662 1074 barbaricam
1699 997 1945 1093 experirentur,
2068 1085 2069 1088 Ν

394 1119 512 1192 tantus
540 1139 643 1212 pauor
677 1117 822 1192 iniectus
849 1119 912 1208 ost,
949 1120 1113 1210 tantaque
1148 1118 1331 1214 trepidatio
1366 1119 1652 1194 Sardemirienses
1687 1119 1816 1196 milites
1842 1119 1945 1214 sepit,

394 1240 433 1312 ut
463 1238 618 1314 Boleslao
645 1238 770 1314 Pudico
797 1238 1007 1314 Oraeouiensi
1034 1239 1136 1331 Duce,
1165 1261 1226 1316 suo
1253 1240 1386 1334 proprio
1422 1240 1556 1316 domino
1588 1243 1624 1316 et
1649 1241 1799 1316 naturali
1826 1241 1945 1316 hoere-

394 1360 434 1436 de
461 1359 603 1451 deserto,
631 1359 835 1436 deditionem
852 1359 1002 1436 universi
1021 1361 1043 1455 ¹)
1070 1360 1156 1435 Duoi
1182 1361 1349 1436 Masouiae
1376 1361 1540 1454 Gunrado,
1569 1384 1668 1455 quem
1686 1363 1851 1438 nouerant
1867 1363 1946 1436 bar·

393 1483 491 1556 beros
517 1481 554 1556 in
580 1481 823 1556 bublineusem
849 1483 976 1556 terram
1003 1482 1216 1572 subduxisse,
1245 1484 1336 1558 ultro
1363 1483 1525 1558 facerent.
1552 1485 1595 1557 In
1613 1484 1840 1560 Prandotham
1867 1491 1946 1560 uero

394 1601 646 1678 craaouonsem
672 1603 876 1697 episcopum,
915 1604 1003 1694 quod
1034 1625 1111 1678 cum
1138 1603 1281 1680 caeteris
1317 1603 1647 1680 Sandomirionsibus
1674 1604 1842 1679 militibus
1868 1615 1946 1679 sen·

393 1723 459 1798 tire
485 1723 637 1816 soluite
673 1726 709 1798 et
734 1723 820 1798 Duci
856 1723 1066 1800 dracouiensi
1091 1725 1247 1799 Boleslao
1283 1724 1409 1800 Pudico
1445 1748 1548 1819 puro,
1586 1725 1679 1801 fideli
1714 1727 1749 1800 et
1783 1725 1947 1800 uniformi
2053 1735 2056 1738 ’

392 1846 509 1920 tenore
536 1843 703 1937 adhaesit,
731 1844 944 1935 dunradique
971 1845 1074 1920 Ducis
1109 1841 1286 1921 conatibus
1321 1846 1548 1941 perseueranti
1584 1845 1776 1922 constantia
1802 1845 1944 1938 restitit,

392 1966 567 2040 douradus
594 1965 667 2060 ipse
694 1967 841 2040 furorem
867 1967 1099 2042 uehementem
1127 1989 1294 2059 evomens,
1324 1967 1436 2042 missis
1461 1967 1648 2062 armigeris,
1677 1967 1788 2044 curias
1815 1967 1945 2062 episco-
2068 2059 2069 2062 p

391 2088 488 2182 pales
515 2087 550 2160 iu
577 2089 668 2161 terra
695 2086 957 2162 Saudomiriensi
985 2087 1219 2180 consistentes,
1256 2088 1416 2165 uidelicet
1442 2089 1704 2180 Tharsaeusem,
1740 2111 1826 2182 quae
1853 2101 1945 2164 uuu'c

391 2205 739 2303 mmoncainonsisb
766 2208 973 2304 appellatur,
1010 2209 1224 2286 Kelciensem
1240 2209 1268 2305 ⁴)
1294 2212 1330 2286 et
1356 2210 1615 2287 Kuuouiensem
1642 2209 1789 2306 primum
1816 2211 1944 2304 spolia-

392 2332 447 2405 tas
474 2329 636 2422 incendit,
666 2332 702 2404 et
727 2329 828 2405 uillas
856 2331 1084 2425 praefatorum
1111 2331 1215 2406 trium
1243 2331 1459 2406 districtuum
1494 2331 1679 2427 multiplici
1715 2331 1824 2426 spolio
1851 2331 1944 2406 aiiii·

391 2451 456 2544 xit,
485 2453 520 2526 et
547 2474 678 2529 omnem
705 2453 863 2546 praedam
896 2474 939 2528 ex
965 2453 1068 2528 curiis
1095 2456 1130 2529 et
1156 2453 1249 2528 uillis
1277 2453 1523 2549 episcopalibus
1548 2455 1743 2549 congestam
1769 2453 1807 2526 in
1832 2454 1944 2528 hlaso-

391 2575 481 2652 uiam
508 2574 634 2669 abegit.
667 2575 863 2651 Prandotha
898 2578 1012 2652 summ
1048 2574 1276 2651 dracouiensis
1312 2575 1499 2671 episcopus,
1539 2575 1588 2650 uir
1622 2575 1767 2672 pectoris
1803 2575 1942 2666 heroici,

391 2695 479 2771 nihil
506 2695 698 2772 huiusmodi
726 2695 888 2772 incendiis
915 2699 949 2774 ot
977 2697 1096 2793 spoliis
1123 2699 1379 2790 consternatus,
1403 2719 1428 2772 a
1454 2697 1520 2774 fide
1546 2698 1582 2774 et
1609 2696 1815 2774 subiectione
1841 2697 1944 2772 Bole-

390 2818 457 2894 slai
483 2816 602 2893 Pudici
628 2818 733 2893 auelli
760 2841 827 2894 non
854 2818 985 2915 potuit,
1023 2819 1106 2916 quin
1137 2819 1241 2908 etiam
1276 2820 1403 2895 Ducem
1429 2819 1598 2896 Maeoniae
1625 2819 1814 2894 Gunrcdnm
1843 2839 1941 2913 prae·

390 2939 518 3016 dictum
544 2939 695 3015 censuris
723 2939 961 3015 ecelesiasticis
988 2943 1023 3016 et
1049 2941 1276 3032 anathemate,
1304 2962 1365 3016 sua
1391 2941 1603 3032 auctoritate,
1632 2961 1757 3032 suoque
1784 2961 1942 3035 processu

389 3060 672 3138 excommunicari
700 3063 735 3136 et
760 3060 1039 3137 anathematismi
1076 3065 1117 3136 ab
1145 3061 1303 3136 uniuersa
1337 3063 1540 3136 Polonorum
1575 3061 1717 3138 ecclesia
1752 3061 1940 3136 mandauit.

389 3183 492 3258 buius
518 3203 691 3278 processus
706 3182 734 3277 ⁶)
761 3185 796 3258 et
822 3204 981 3258 censmas
1006 3183 1124 3272 Falco,
1162 3182 1221 3274 qui
1257 3183 1292 3258 et
1319 3183 1436 3274 Pelka,
1474 3182 1681 3259 (lucanensis
1716 3183 1940 3278 archiepisco·

389 3327 464 3400 pus,
495 3303 623 3380 indicta
648 3305 690 3379 ob
708 3303 752 3386 ‚id
778 3304 868 3399 apud
887 3303 1087 3379 'bonomiam
1106 3303 1249 3398 Synodo,
1280 3303 1491 3397 confirmare,
1521 3304 1695 3380 inundarit
1720 3305 1848 3380 Ducem
1866 3305 1939 3378 hla-

389 3425 501 3502 souiae
527 3425 729 3518 Gunradum,
757 3425 852 3501 uelut
877 3425 1064 3502 violentum
1090 3426 1253 3500 bonorum
1280 3424 1509 3502 cracoviensis
1537 3425 1696 3502 ecclesiae
1717 3427 1888 3521 raptorem
1905 3426 1941 3500 et

388 3547 633 3623 incendiarium
660 3549 763 3641 atque
790 3546 954 3622 iniustum
981 3546 1179 3638 invasorem,
1208 3546 1362 3622 omnibus
1380 3546 1642 3642 prouincialibus
1668 3545 1833 3642 episcopis
1860 3568 1939 3622 con·

388 3668 614 3746 sentientibus
641 3671 677 3746 et
702 3669 932 3761 laudantibus,
961 3667 1284 3746 anathematisatum
1310 3668 1346 3742 in
1374 3668 1521 3764 singulis
1551 3667 1702 3746 ecclesiis
1729 3666 1936 3759 denuntiari,

387 3791 423 3869 ot
448 3813 510 3887 pro
535 3790 823 3868 excommunicato
849 3792 885 3867 et
910 3789 1160 3866 anathemiscto
1187 3788 1315 3866 haberi.

385 4155 544 4233 laudatio
571 4154 763 4232 murmurii
790 4152 914 4230 ordinis
940 4153 1201 4230 Praedicatomn
1228 4155 1450 4230 extramuros
1468 4153 1660 4228 llocrouroa
1681 4171 1737 4246 por
1755 4151 1936 4228 cunradum

1006 4279 1125 4350 bucon
1148 4277 1321 4352 lusoriae.

489 4519 647 4596 &dinem
674 4517 947 4594 Praedicatorum
982 4518 1156 4596 Gunradus
1190 4516 1359 4600 Maserius
1394 4517 1473 4590 Dux
1508 4514 1545 4590 iu
1578 4513 1736 4590 dominiis
1771 4515 1807 4590 ot
1834 4513 1934 4590 terris

384 4639 552 4716 Masouiae
579 4639 807 4734 plantaturus,
849 4638 1012 4714 fratribus
1038 4638 1166 4714 ordinis
1193 4637 1340 4713 eiusdem
1368 4659 1412 4710 ex
1438 4637 1604 4712 murentu
1631 4637 1667 4710 et
1693 4636 1789 4710 domo
1816 4635 1933 4710 Greco-

383 4761 493 4839 rieusi
519 4759 707 4856 schauah
733 4760 914 4836 Trinitatis
940 4760 1059 4856 petitis
1086 4762 1120 4837 ot
1148 4759 1306 4854 acceptis,
1343 4757 1517 4834 ecclesiam
1544 4759 1580 4833 et
1606 4755 1847 4833 monasterium
1874 4757 1934 4830 sub

382 4883 486 4960 titulo
520 4883 665 4959 Sanctae
699 4880 890 4974 Trinitatis,
928 4881 965 4956 in
1000 4881 1200 4959 suburbanis
1226 4879 1378 4958 civitatis
1404 4877 1595 4956 Ploccensis
1621 4877 1769 4970 Fundat,
1797 4876 1934 4971 illioque

382 5005 507 5084 tratres
533 5002 786 5082 Praedicatores
812 5002 915 5080 locat.

460 5379 462 5383 v
489 5297 514 5380 ¹)
536 5301 737 5363 uniuersorum
762 5301 914 5362 voluntate
942 5298 1102 5362 accedente
1129 5295 1199 5361 Ood.
1223 5296 1316 5360 Roer.
1355 5291 1533 5376 ⁹)uoluerit
1554 5294 1615 5360 Ed.
1638 5293 1726 5374 Llpe.
1765 5290 1793 5378 ³)
1815 5291 1929 5375 Boduo-

380 5402 974 5486 0111θῑῑθὶὓῖἶῑῖᾹιῡιὶθι*Ηίἰοίοοιιεοιιι
995 5405 1057 5470 Ed.
1078 5403 1165 5482 copo.
1205 5399 1423 5483 ⁵)processum
1449 5402 1637 5466 Ood.·Rorr.
1669 5398 1699 5483 ⁶)
1722 5400 1928 5464 Sauedssimao

216 5501 224 5507 ’
381 5509 441 5576 Ed.
465 5507 552 5592 aaa.
