4172 6278
181 525 309 626 (ΑΛ).
330 529 450 626 1230.)
803 553 915 607 arena
943 553 1098 607 sexsus.
1652 534 1726 609 231

179 739 418 836 multipliciter
445 740 583 836 propter
609 738 874 816 communionem
902 740 1149 816 familiaritatis
1175 742 1211 816 ot
1237 739 1404 816 amicitiae
1431 737 1467 815 in
1494 740 1606 816 studio
1632 741 1728 816 Pari-

178 861 291 954 siensi,
320 863 399 937 dum
426 863 542 938 ambos
569 862 679 936 minor
705 863 844 938 haberat
872 864 994 954 status,
1023 864 1240 954 contractam,
1269 863 1487 938 favorabilem
1506 863 1541 939 et
1559 864 1727 955 affectum,

177 1007 212 1059 se
239 983 397 1075 contulit,
426 984 640 1080 tyrannidem
669 984 771 1058 etiarn
799 984 944 1059 Gunradi
973 985 1140 1061 Maeoniae
1167 985 1281 1075 Ducis,
1311 984 1431 1076 quiin
1460 984 1668 1060 Oracouieusi
1693 987 1729 1060 et

177 1105 440 1181 Sandomiriensi
467 1105 654 1182 Ducatibus
681 1105 807 1180 tutorio
834 1107 967 1180 nomine
995 1105 1261 1201 principabatur,
1290 1126 1365 1180 cum
1392 1129 1456 1199 quo
1483 1107 1557 1181 tum
1586 1129 1646 1201 pro
1664 1107 1727 1182 uc-

177 1225 309 1318 olosiae,
338 1230 411 1301 tum
440 1251 500 1323 pro
529 1227 729 1302 militarium
758 1226 893 1301 iniuriis
911 1227 947 1301 in
966 1229 1080 1322 plures
1106 1228 1300 1302 simultates
1326 1228 1516 1318 devenerat,
1545 1227 1727 1302 declinans.

177 1345 222 1423 nt
248 1371 325 1424 cum
352 1351 481 1444 Papam
517 1349 728 1444 Gregorium,
767 1349 861 1425 cuius
896 1353 969 1425 erat
1006 1350 1040 1424 in
1068 1349 1192 1425 studiis
1229 1349 1420 1426 Galliarum
1457 1349 1546 1444 apud
1581 1349 1728 1424 Parisios

176 1471 296 1545 charus
324 1470 434 1547 socius
461 1472 496 1546 et
522 1471 690 1566 singulari
718 1471 955 1547 familiaritate
978 1465 1172 1562 obstrictos
1202 1465 1237 1544 in
1264 1471 1404 1547 Perusio
1422 1469 1627 1566 reperiisset,
1656 1495 1727 1547 mo·

176 1591 267 1666 nimo
293 1591 429 1685 honore,
458 1593 589 1668 obuium
616 1593 671 1667 illi
698 1593 816 1667 multis
845 1593 1008 1689 praelatis
1035 1593 1194 1668 mandato
1222 1595 1334 1688 Papae
1348 1593 1517 1684 euntibus
1545 1593 1580 1667 et
1607 1615 1728 1688 excep-

176 1716 232 1788 tus
258 1715 295 1788 et
321 1713 459 1788 habitus
485 1717 549 1807 est,
578 1717 613 1789 et
640 1715 791 1810 dignitas
818 1717 854 1788 et
881 1715 1146 1810 praeeminentia
1181 1714 1431 1809 metropolitica
1461 1714 1621 1791 ecclesiae
1648 1714 1727 1790 Gra-

176 1835 340 1910 couiensis
366 1834 478 1926 facile,
507 1835 669 1931 Gregorio
706 1837 800 1930 Papa
822 1837 977 1931 precibus
1013 1837 1084 1911 suis
1112 1859 1236 1912 rnorem
1264 1837 1413 1931 gerente,
1442 1836 1613 1913 restituta.
1659 1835 1725 1912 Ve-

175 1979 249 2030 mm
277 1957 356 2031 dum
384 1957 558 2033 deuotione
595 1959 739 2033 feruenti
768 1961 978 2052 prouocatus,
1009 1960 1146 2034 obtento
1171 1981 1192 2033 a
1218 1958 1378 2053 Gregorio
1406 1959 1557 2050 licentia,
1586 1955 1727 2033 Romam

175 2079 216 2152 ad
244 2077 451 2154 visitandum
479 2079 676 2154 Sanctorum
715 2079 836 2154 limina
872 2080 1031 2170 uenisset,
1070 2080 1220 2155 febribus
1256 2082 1428 2176 correptus
1456 2081 1528 2155 est:
1558 2101 1580 2155 a
1605 2080 1727 2171 quibus
1805 2162 1810 2168 ,

173 2201 322 2275 nondum
349 2201 524 2293 liberatus,
552 2201 661 2279 Roma
687 2223 852 2297 egressus,
881 2205 916 2277 et
943 2201 1076 2276 itineris
1100 2203 1213 2277 laboro
1232 2205 1267 2276 et
1284 2203 1365 2277 solis
1392 2203 1508 2278 ardore
1535 2202 1728 2297 ingravavit

173 2321 434 2418 aegritudinem.
463 2323 609 2398 Etcum
639 2323 673 2397 in
701 2323 888 2399 Pristinum
907 2325 1058 2418 Burgum
1083 2325 1282 2416 devenisset,
1311 2323 1605 2419 vicesimaprima
1632 2344 1727 2400 men-

173 2445 220 2518 sis
247 2443 344 2534 Iulii,
371 2445 502 2520 exactis
528 2445 701 2532 duodecim
729 2445 763 2519 iu
793 2445 992 2542 pontificatu
1019 2446 1137 2538 annis,
1167 2446 1309 2521 moritur
1336 2447 1371 2519 et
1399 2445 1434 2520 in
1452 2446 1637 2521 Mutinensi
1656 2469 1726 2522 ma·

173 2565 234 2640 iori
263 2565 407 2641 ecclesia
433 2590 454 2641 a
480 2567 708 2642 familiaribus
735 2567 806 2641 suis
834 2567 924 2642 iusta
951 2568 1061 2643 funeri
1088 2568 1307 2659 solventibus,
1337 2567 1511 2663 sepelitur.
1539 2569 1622 2643 Ossa
1648 2571 1725 2644 tan-

174 2687 248 2763 dem
285 2687 358 2763 eius
394 2691 472 2784 post
507 2689 638 2782 aliquot
673 2711 836 2765 annorum
881 2689 1030 2786 spatium
1068 2713 1127 2785 per
1162 2691 1285 2764 fratres
1320 2689 1568 2765 Praedicatores
1609 2691 1726 2765 domus

174 2809 416 2904 Oracouionsis,
444 2833 544 2902 quam
573 2811 628 2903 (ut
655 2810 690 2885 in
709 2811 936 2906 superioribus
957 2813 978 2906 ¹)
1006 2809 1231 2905 narravimus)
1259 2811 1331 2905 ipse
1350 2811 1561 2905 fundauerat,
1589 2831 1632 2887 ex
1651 2813 1725 2888 ltu-

173 2930 247 3004 tina
287 2931 480 3007 (lracouiam
516 2933 704 3008 efferuntur
739 2933 774 3008 et
801 2932 839 3006 in'
865 2933 971 3008 medio
1007 2933 1099 3007 chori
1136 2932 1331 3008 monasterii
1368 2933 1512 3007 Sanctae
1547 2933 1726 3008 Trinitatis

173 3053 411 3128 reconduntur.

276 3175 452 3268 Frequens
478 3175 763 3270 'fbartarorumb
790 3175 974 3250 multitudo
1002 3176 1036 3250 in
1064 3176 1296 3252 Smolnensem
1324 3179 1360 3252 et
1382 3175 1724 3274 [tairnyeorieneemb

173 3295 327 3390 regiones
355 3296 545 3388 adueniens
582 3319 639 3372 eas
666 3297 899 3372 crudelissima
934 3297 1034 3372 caede
1069 3301 1104 3373 et
1135 3299 1266 3393 spoliis,
1303 3299 1390 3373 nulli
1430 3319 1569 3394 parcens
1605 3297 1722 3390 aetati,

174 3419 285 3512 quatit
313 3421 348 3494 et
374 3420 559 3514 peruastat.
587 3419 714 3493 bustris
741 3422 853 3494 autem
883 3421 918 3494 et
945 3420 1121 3494 fortalitiis
1147 3419 1314 3515 plurimis,
1344 3421 1527 3514 exquibus
1554 3424 1589 3495 et
1615 3416 1724 3496 Duces

173 3543 207 3615 et
233 3541 363 3616 milites
399 3541 617 3636 diffugerant,
654 3541 837 3616 consistere
866 3541 901 3615 in
928 3541 1000 3615 illis
1028 3565 1093 3615 non
1121 3543 1205 3634 ausi,
1241 3543 1362 3637 potita,
1401 3565 1440 3616 ea
1472 3542 1633 3618 incendit.
1679 3541 1724 3616 nt

173 3663 303 3737 nullam
332 3662 562 3738 resistentiam
595 3663 755 3754 sentiens,
793 3663 939 3758 singulis
967 3687 987 3738 a
1013 3665 1098 3738 facie
1126 3685 1240 3738 eorum
1268 3665 1304 3738 in
1332 3663 1530 3760 paludinosa
1557 3667 1591 3739 et
1619 3665 1721 3756 inuia,

171 3784 411 3877 silvestrisque
447 3785 521 3859 loca
556 3807 591 3860 ee
627 3785 911 3874 subducentibus,
953 3787 1075 3860 onusta
1110 3785 1318 3880 captiuorum
1359 3785 1578 3860 multitudine
1619 3789 1721 3879 atque

169 3906 307 4000 praeda,
337 3905 373 3979 in
400 3927 462 3980 sua
493 3906 685 3981 reuertitur.

623 4263 833 4382 ANNUS
868 4267 1093 4384 DOMINI
1129 4269 1270 4384 1230.

158 4515 293 4590 sortes
320 4477 580 4606 lroucsbicsulo
608 4521 705 4592 uacat
732 4517 954 4592 bracariensis
981 4519 1077 4593 sodes
1104 4524 1235 4612 propter
1262 4519 1414 4593 seblsrna.
1446 4519 1587 4593 laudons
1614 4521 1721 4594 lonti-

170 4637 225 4709 fcx
251 4635 362 4710 miso
390 4639 544 4712 canonico
571 4640 676 4712 oleato
704 4639 745 4713 ad
773 4657 885 4732 preces
912 4641 1009 4713 brois
1035 4641 1161 4713 ilenrlci
1189 4639 1349 4735 proelum
1381 4645 1416 4714 ct
1443 4643 1582 4715 eeclesia
1610 4643 1720 4716 braco-

765 4761 888 4834 riousis
915 4763 1122 4835 conburitur.

273 4997 409 5095 Optimo
436 5000 472 5076 et
497 4999 649 5076 heroicae
676 5001 877 5078 conditionis
905 5003 977 5078 uiro
1004 5003 1107 5079 Inone
1137 5003 1366 5080 (traconensis
1392 5005 1536 5082 ecclesia
1553 5005 1719 5083 destituta

152 5119 375 5212 ,viduataque
402 5117 574 5215 pontifice,
611 5144 686 5196 oum
714 5125 851 5218 propter
878 5124 974 5198 illius
1001 5127 1141 5200 mortun
1169 5125 1337 5220 singulari
1365 5127 1517 5203 confecta
1542 5130 1631 5204 esset
1657 5151 1717 5203 an-

155 5242 296 5318 -xietate
323 5245 358 5317 et
387 5264 543 5333 moerore,
581 5244 749 5339 duplicem
776 5267 877 5342 super
913 5247 994 5322 haec
1027 5247 1252 5322 miserabilem
1278 5250 1314 5322 et
1341 5249 1574 5324 momorum
1602 5269 1716 5326 ossum

274 5490 302 5573 ¹)
324 5497 359 5552 ut
381 5507 470 5566 supra
492 5491 552 5552 Ed.
574 5491 669 5551 Dobr.
709 5487 736 5572 ⁹)
759 5490 933 5553 Tataroram
955 5491 1014 5554 Ed.
1037 5491 1130 5554 Dobr.
1170 5489 1199 5574 ³)
1223 5491 1504 5557 Cnemieioriensem
1530 5492 1600 5562 ooo.
1622 5493 1716 5565 Reor.
