4192 6272
406 504 481 578 482
1015 526 1127 579 arnna
1153 525 1346 580 susumus
1685 503 1746 600 (Α.
1762 500 1813 582 Β.
1835 502 1955 600 1280.)

405 734 480 784 rum
507 712 617 785 millia
643 710 805 803 extinxit,
834 713 986 788 secedere
1013 713 1091 786 illos
1118 736 1161 787 ex
1187 712 1371 786 Pannoniis
1398 711 1524 806 coegit.
1553 713 1756 786 Invaserunt
1783 713 1819 786 et
1838 735 1876 788 eo
1892 735 1953 787 arr·

405 855 448 906 no
476 833 632 906 Thartari
658 832 843 926 Imperium
870 833 1291 928 Constantinopolitennm
1321 834 1513 925 multasque
1541 834 1649 908 terras
1675 833 1828 928 Imperii,
1858 834 1955 909 caede

405 953 539 1046 ingenti
567 953 602 1026 in
629 953 821 1028 hominibus
850 953 952 1046 lacta,
981 957 1198 1049 occuparunt.

578 1317 733 1389 bedinus
761 1321 896 1409 quartus
923 1317 1008 1408 Papa
1035 1317 1176 1406 moritur,
1205 1317 1257 1388 cui
1283 1316 1439 1389 lionoriur
1467 1321 1603 1408 quanm
1630 1317 1787 1390 moeedil.

464 1633 467 1640 ,
509 1552 608 1627 deria
635 1556 757 1644 quarta
785 1553 874 1627 infra
902 1555 1037 1628 octavas
1072 1554 1266 1628 Dominicae
1302 1553 1594 1646 Resurrectionis,
1632 1553 1757 1647 Quinto
1791 1553 1954 1628 delendas

404 1672 546 1766 Aprilis,
575 1675 742 1747 Martinus
768 1676 909 1766 quartus
936 1677 1028 1768 Papa
1055 1675 1145 1767 apud
1172 1675 1359 1766 Perusiam,
1388 1675 1497 1748 tribus
1524 1675 1623 1748 annis
1650 1675 1780 1764 sedens,
1813 1674 1954 1748 moritur

404 1793 438 1866 el
466 1792 500 1865 in
529 1793 645 1867 maiori
673 1794 815 1868 ecclesia
842 1792 1016 1887 sepelitur.
1054 1794 1112 1867 Oui
1142 1795 1283 1868 Iacobus
1319 1795 1359 1867 de
1396 1795 1530 1868 Sabello
1567 1793 1727 1869 diaconus
1753 1793 1951 1884 Gardiualis‚

405 1912 541 1987 natione
568 1915 752 2004 Romamne,
782 1916 821 1988 de
849 1915 944 1987 domo
972 1915 1181 1988 Sabellarum
1209 1915 1348 2006 antiquo
1375 1937 1510 2008 genere,
1539 1912 1708 1988 Honorius
1735 1916 1878 2005 quartus
1897 1937 1953 1988 uo·

405 2033 510 2123 catus,
540 2033 698 2125 succedit,
728 2033 779 2107 vir
807 2033 942 2126 sapiens
968 2036 1004 2109 et
1030 2035 1118 2108 nulli
1147 2035 1293 2126 nocivae,
1323 2035 1379 2126 qui
1408 2037 1485 2128 post
1510 2035 1711 2109 creationem
1739 2035 1881 2108 Romam
1900 2057 1953 2107 re·

391 2153 504 2242 cedit,
534 2156 568 2226 ot
595 2153 693 2227 iuxta
720 2154 879 2230 Sanctam
907 2155 1066 2229 Sabinam
1094 2156 1130 2229 in
1157 2157 1270 2230 monte
1297 2155 1465 2230 Auentino
1493 2154 1639 2230 febriunt
1664 2155 1815 2250 palatia;
1842 2154 1951 2249 pridie

404 2273 529 2346 mensis
556 2273 686 2366 Aprilis
712 2276 802 2367 apud
830 2275 1005 2348 Perusium
1033 2276 1068 2348 in
1096 2277 1222 2370 Papam
1249 2278 1387 2350 electus,
1415 2276 1543 2368 Quarta
1561 2299 1638 2351 vero
1657 2276 1711 2348 die
1729 2275 1855 2350 mensis
1872 2275 1953 2349 llaii

405 2393 651 2486 parietinum
689 2395 876 2470 Ostiensem
898 2395 921 2488 ¹)
947 2395 1178 2487 cardinalem,
1206 2395 1352 2490 primum
1388 2397 1423 2469 in
1460 2393 1663 2472 sacerdotem
1699 2399 1889 2492 promotus,
1918 2396 1953 2469 et

406 2514 543 2588 tandem
571 2514 606 2587 iu
633 2515 807 2588 Summum
834 2515 1033 2591 Pontificem
1061 2519 1274 2591 consecratus
1300 2521 1364 2592 est.

506 2635 604 2708 Nona
630 2635 838 2729 Septembris
864 2638 1090 2731 Kunegundis
1117 2638 1251 2731 Regina
1277 2637 1469 2728 Behemiue,
1507 2638 1626 2713 relicta
1665 2636 1821 2712 Ottolrari
1848 2637 1952 2732 Regis

402 2757 438 2829 et
464 2776 598 2830 consors
625 2755 776 2830 Zamissii
804 2757 844 2831 de
871 2757 1108 2849 Roszemberlr,
1138 2757 1225 2830 diem
1254 2758 1347 2848 obiit,
1377 2759 1412 2830 et
1439 2760 1528 2852 apud
1555 2759 1716 2834 Sanctum
1734 2759 1951 2835 Franciscum

402 2877 532 2970 Prageo
563 2877 710 2970 sepulta.

853 3251 1062 3367 ANNUS
1095 3253 1322 3370 DOMINI
1359 3253 1498 3369 1286.

402 3497 568 3572 teuredus
593 3500 756 3573 Herculeo
782 3501 853 3572 ltux
880 3498 1068 3573 subornatis
1094 3498 1261 3574 lithuauio
1289 3506 1323 3574 ot
1349 3501 1516 3590 lothonie,
1544 3505 1687 3574 castrum
1713 3499 1864 3574 (lortiuiu
1890 3500 1949 3572 iub

400 3619 578 3691 wladislao
606 3621 731 3692 lolrtelr
758 3621 930 3712 conquirit.
966 3619 1065 3693 liderr
1093 3621 1157 3712 ipsi
1183 3622 1312 3693 berturi
1346 3622 1411 3693 alio
1439 3627 1581 3712 tompore
1607 3622 1783 3694 duranium
1812 3620 1949 3711 ingressi

790 3741 1011 3814 Szoobaozov
1038 3745 1071 3814 et
1097 3742 1257 3814 lloemlro
1285 3746 1395 3815 eastre
1423 3746 1569 3815 exurunt.

505 3975 651 4071 Indigno
678 3980 713 4051 et
739 3979 879 4054 moleste
907 3980 1019 4054 ferens
1045 3981 1219 4053 (lunredus
1246 3979 1411 4054 llasoviae
1431 3983 1466 4054 et
1479 3976 1669 4054 dulmensis
1687 3981 1776 4072 Dux,
1798 3983 1945 4057 castrum

401 4098 437 4170 et
464 4097 655 4171 districtum
683 4098 841 4172 Gostinin
869 4123 889 4172 a
916 4123 978 4173 sua
1006 4102 1096 4173 sorte
1123 4103 1158 4175 et
1185 4102 1319 4175 Ducatu
1346 4103 1592 4193 sequestratum
1621 4124 1713 4193 esse,
1741 4105 1777 4176 et
1805 4103 1840 4175 in
1869 4103 1946 4176 diti-

399 4239 461 4290 one
487 4218 589 4308 etque
617 4221 706 4292 sorte
732 4219 913 4294 Wladislai
941 4222 1083 4310 lroktelr,
1113 4221 1232 4294 fratris
1259 4221 1434 4314 patruelis,
1460 4221 1651 4295 Bresteosis
1678 4223 1713 4296 et
1730 4222 1947 4316 Grryariensis

399 4336 513 4427 Ducis,
542 4337 733 4428 consistere,
762 4341 882 4432 ceptus
909 4340 1004 4412 illius
1031 4341 1223 4430 ambitione,
1253 4341 1441 4415 lithuanos
1469 4343 1502 4415 et
1529 4341 1704 4416 Ruthenos
1723 4341 1757 4414 in
1778 4342 1851 4416 eius
1869 4363 1945 4436 cap·

399 4456 526 4530 tionem
553 4459 709 4531 subducit
735 4459 770 4531 ct
796 4462 968 4534 subornat.
1006 4461 1108 4532 euius
1145 4463 1184 4534 nt
1211 4462 1322 4554 ceptio
1350 4461 1486 4535 facilius
1522 4461 1731 4555 proueniret,
1768 4461 1947 4536 nonnullos

399 4599 442 4650 ex
470 4577 540 4650 suis
566 4578 602 4650 in
629 4579 785 4652 (lostiuin
813 4583 968 4672 castrum,
998 4580 1240 4654 tradimentum
1268 4584 1303 4654 et
1329 4583 1480 4655 fraudem
1508 4585 1693 4676 opportuno
1718 4585 1881 4676 tempore,
1906 4564 1969 4654 de¹

400 4719 465 4787 quo
492 4695 718 4790 interipsum
745 4702 779 4771 et
806 4700 994 4774 Lithuanos
1021 4701 1264 4792 Ruthenosque
1292 4705 1502 4794 convenerat,
1532 4705 1734 4796 patraturos,
1763 4702 1944 4778 submittit.

399 4816 580 4890 lithuanis
608 4815 723 4909 itaque
749 4820 785 4890 et
812 4819 982 4893 Ruthenis
1009 4822 1050 4893 ad
1078 4821 1297 4894 constitutam
1325 4821 1413 4896 diem
1440 4821 1581 4897 silenter
1607 4826 1642 4898 et
1667 4825 1821 4898 clanculo
1848 4825 1943 4898 adue-

399 4935 583 5028 nientibus,
611 4937 816 5011 novantibus
842 4939 987 5013 Ounradi
1015 4942 1117 5014 Ducis
1144 4943 1353 5026 satellitibus
1389 4963 1448 5036 pro
1475 4940 1677 5018 tradirnento
1704 4967 1860 5038 operam,
1888 4943 1942 5017 Id-

398 5053 521 5129 thuani
547 5058 582 5130 et
609 5055 762 5131 Rutheni
789 5061 937 5132 castrum
964 5059 1133 5152 Gestidio,
1162 5061 1280 5137 fraude
1307 5063 1417 5157 magis
1444 5063 1589 5138 burredi
1618 5063 1721 5139 Ducis
1748 5067 1784 5138 et
1811 5087 1943 5140 suenum

398 5175 600 5268 satellitum,
629 5199 731 5268 quam
758 5181 883 5270 robore,
911 5185 1111 5274 expugnant
1147 5185 1182 5255 et
1208 5183 1420 5274 conquirunt,
1459 5187 1494 5257 et
1528 5186 1598 5258 tam
1635 5185 1760 5260 crudeli
1775 5185 1804 5278 ²)
1831 5189 1943 5280 strage

506 5431 532 5502 ¹)
554 5434 743 5496 Lutinensem
765 5434 952 5499 Hostiensem
978 5439 1048 5502 eoa.
1073 5441 1164 5502 Roar.
1190 5439 1215 5520 Ψ)
1239 5449 1269 5501 et
1291 5447 1373 5504 tante
1398 5443 1467 5506 eoo.
1490 5443 1582 5506 Rour.
1698 5491 1705 5502 .
