4140 6298
378 545 454 620 330
982 565 1094 619 arnna
1121 566 1316 620 annnrmus.
1647 544 1716 644 (Α.
1737 542 1783 620 D.
1801 543 1928 644 1252.)

377 753 481 830 etiam
509 751 753 849 Bambergensi
776 754 930 849 neglecto
951 753 985 848 ¹),
1015 753 1051 828 in
1078 755 1285 832 saecularem
1313 753 1474 829 militiam
1501 752 1709 850 migraverit,
1738 754 1927 851 indignum,

377 876 432 952 cui
458 899 531 952 sors
558 879 698 972 paterna
724 876 905 952 debeatur:
933 877 1160 952 PraemiSlaus
1186 876 1427 952 Posnaniensis
1445 879 1479 953 et
1498 877 1713 953 Salissiensis
1739 879 1829 968 Dux,
1859 879 1929 952 tam

377 999 418 1074 do
444 1019 505 1074 suo
532 1021 633 1090 quam
661 998 779 1073 fratris
807 998 861 1073 sui
887 997 1038 1075 Boleslai
1065 998 1272 1076 Gnesnensis
1298 999 1402 1074 Ducis
1431 999 1577 1075 dominio
1594 998 1633 1095 ²),
1663 1001 1803 1076 collecto
1830 1000 1929 1095 pede·

376 1121 440 1196 stri
467 1123 502 1196 et
529 1121 679 1213 equestri
705 1121 869 1214 exercitu,
897 1121 935 1195 in
962 1123 1130 1198 Ducatum
1157 1121 1419 1218 Legnicuensem
1447 1124 1481 1197 et
1504 1125 1613 1198 terras
1641 1123 1835 1198 aBoleslao
1853 1122 1929 1196 Gal·

376 1265 417 1317 uo
445 1265 625 1337 possessas,
652 1243 780 1320 habens
807 1265 919 1321 secum
947 1243 1140 1320 Gunradum
1166 1245 1304 1337 Ducem,
1332 1244 1427 1319 uenit
1453 1247 1488 1319 et
1515 1247 1664 1320 castrum
1691 1245 1839 1342 Bythom
1873 1265 1929 1318 su·

376 1387 439 1460 pra
465 1365 589 1440 humen
617 1367 740 1440 Odram
767 1389 871 1462 prope
898 1366 1099 1462 Glogouiam
1126 1366 1329 1458 construxit,
1359 1367 1512 1460 illudque
1540 1367 1706 1462 pracsidio
1733 1367 1814 1441 forti
1839 1365 1929 1440 mili·

376 1488 450 1561 tum
478 1509 614 1563 suorum
642 1487 811 1584 imposito,
840 1489 979 1564 fossatis
1006 1511 1138 1584 quoque
1164 1489 1267 1564 uallis
1294 1490 1329 1563 et
1356 1489 1508 1564 turribus
1536 1489 1700 1581 munione,
1728 1488 1813 1564 Duci
1841 1489 1929 1562 Gun-

377 1609 458 1685 rado
479 1610 636 1703 tradidit,
666 1633 733 1685 non
761 1611 856 1706 prius
883 1632 904 1686 a
930 1611 1111 1688 vexatione
1146 1611 1253 1686 totius
1279 1612 1430 1686 Ducatus
1457 1609 1706 1707 bagniouensis,
1735 1611 1840 1686 donee
1867 1609 1930 1684 sibi

377 1752 486 1826 aequa
512 1754 573 1826 per
599 1733 740 1808 fratrem
776 1733 971 1808 Boleslaum
1008 1733 1169 1808 reddatur
1195 1733 1316 1828 portio,
1350 1732 1539 1824 quieturus.
1585 1733 1654 1806 Sub
1681 1732 1788 1828 ipsius
1816 1733 1930 1807 autem

377 1853 482 1929 castri
509 1853 769 1928 constructionis
803 1857 964 1950 temporo,
1002 1855 1181 1930 Boleslaus
1211 1855 1334 1930 Salvus
1369 1853 1607 1950 Legniozensis
1643 1855 1722 1955 Dux
1752 1842 1929 1929 ¹incautius

378 1976 600 2070 speculatum,
630 1975 712 2069 quid
738 1973 935 2053 Praemislai
962 1976 1066 2052 DuoIs
1094 1975 1264 2052 exereitus
1300 1979 1428 2072 ageret,
1468 1997 1676 2072 progressus,
1715 1999 1735 2050 a
1762 1975 1930 2050 militibus

377 2097 575 2173 Praemislai
592 2095 620 2192 3)
647 2097 806 2174 excubias
842 2099 1023 2195 agentibus
1050 2101 1170 2194 captus
1198 2101 1232 2174 et
1259 2098 1345 2174 Duci
1373 2098 1579 2174 Praemislao
1616 2099 1865 2194 praesentatus,
1894 2096 1929 2170 in

376 2218 513 2295 uincula
539 2219 710 2296 coniectus
737 2222 800 2314 ost,
830 2243 915 2315 quae
943 2223 1060 2316 postea
1090 2221 1285 2297 custodibus
1318 2221 1496 2316 corruptis,
1526 2219 1646 2296 evasit.
1692 2219 1930 2295 consummato

377 2343 491 2417 autem
519 2343 631 2419 castro
658 2343 817 2439 Bythom,
847 2343 1075 2419 Praemislaus
1101 2344 1181 2418 Dux
1208 2343 1387 2419 incolumis
1414 2341 1617 2418 Posnaniam
1646 2364 1810 2435 reuersus,
1839 2363 1929 2417 soro·

376 2487 448 2540 ram
475 2467 571 2540 suam
599 2465 787 2541 Salomeam
815 2465 967 2541 Ounrado
995 2465 1078 2542 Duoi
1107 2467 1260 2561 praefato
1288 2466 1470 2560 desponsat
1497 2464 1533 2539 in
1569 2487 1707 2551 uxerem
1734 2466 1769 2540 et
1796 2464 1929 2560 magni·

243 2590 252 2606 “
376 2585 470 2678 ficas,
507 2587 657 2664 Falcone
692 2586 943 2684 archiepiscopo
980 2587 1179 2680 Gnesnensi,
1217 2588 1419 2684 Boguphalo
1454 2586 1675 2663 Posnaniansi
1712 2586 1869 2682 episcopo
1896 2589 1929 2661 et

376 2707 559 2784 baronibus
586 2710 753 2785 terrarum
781 2709 918 2785 suarum
946 2709 1192 2805 praesentibus,
1228 2711 1376 2786 celebret
1402 2709 1561 2804 nuptus:
1598 2708 1656 2784 ubi
1683 2709 1847 2783 'rhomam
1875 2729 1929 2784 ca·

376 2831 562 2906 stellannm
580 2831 854 2925 PosnanIensem,
874 2831 1107 2908 Themislanm
1132 2831 1338 2928 pincernam,
1367 2831 1543 2926 filiumque
1571 2831 1644 2908 eius
1667 2830 1926 2926 Sandiuogiun,

376 2954 516 3049 accepta
542 2953 707 3045 cautione,
747 2955 836 3046 quod
871 2953 947 3028 dolo
983 2953 1136 3048 quelibet
1171 2953 1435 3050 circumscripto,
1473 2953 1537 3028 sibi
1569 2955 1604 3028 et
1631 2953 1730 3027 fratri
1757 2975 1817 3027 suo
1845 2951 1930 3026 Duoi

376 3075 533 3152 Boleslao
559 3075 747 3152 Snesnensi
779 3075 925 3152 sinceros
961 3074 1143 3168 fidelesque
1171 3098 1207 3151 se
1235 3077 1468 3172 praestabunt,
1498 3097 1518 3148 a
1544 3074 1744 3171 captivitate
1771 3073 1928 3149 absoluit.

375 3197 419 3272 In
446 3197 499 3273 die
526 3199 640 3274 autem
666 3197 759 3274 beati
785 3197 952 3294 Stephani
979 3198 1239 3295 protomartyris
1270 3198 1350 3273 anni
1378 3198 1539 3288 eiusdem,
1578 3197 1752 3292 praefatus
1780 3195 1928 3272 Praemi-

376 3321 471 3396 slaus
497 3321 577 3395 Dux
603 3343 766 3417 generum
794 3343 892 3396 suum
920 3320 1112 3396 Sunradum
1138 3321 1175 3395 in
1209 3320 1431 3397 Posnaniensi
1458 3320 1608 3412 ecclesia,
1636 3320 1841 3416 Boguphalo
1858 3317 1928 3414 epi·

375 3465 474 3539 scopo
501 3444 625 3539 agente
660 3443 794 3537 divina,
831 3443 969 3520 baltheo
1004 3443 1187 3540 insiguirii
1222 3443 1386 3536 militari,
1423 3444 1458 3520 et
1496 3444 1595 3538 plura
1622 3442 1675 3517 illi
1703 3442 1739 3516 in
1766 3441 1929 3518 clenodiis

376 3564 494 3643 aureis
515 3568 551 3643 et
576 3565 747 3642 deauratis
774 3566 921 3644 contulit
947 3566 1075 3642 decora.

407 3933 478 4013 lua
505 3937 695 4013 conuiuio
723 3935 803 4012 dato
830 3936 953 4011 nuntiis
979 3923 1081 4029 noph
1107 3935 1259 4010 latoniae
1286 3951 1383 4028 super
1410 3933 1558 4008 examino
1584 3935 1720 4009 testium
1749 3935 1782 4007 in
1809 3933 1898 4008 hoto

857 4059 1114 4134 oanonimtlonir
1142 4059 1265 4132 Sancti·
1281 4059 1448 4132 stanislai.

480 4302 603 4378 Nuntii
629 4301 857 4379 (tracouiensis
884 4301 1057 4394 aeclesiae,
1094 4301 1253 4377 uidelicet
1288 4300 1453 4396 Magister
1479 4300 1621 4374 lacobus
1647 4299 1688 4373 de
1716 4297 1928 4373 Sharaesuou

377 4424 533 4517 decanus,
561 4427 597 4500 et
623 4425 788 4520 Magister
824 4424 993 4501 (berardus
1030 4423 1221 4515 canonicus
1259 4423 1504 4514 cracovienses,
1533 4422 1575 4496 ad
1602 4421 1846 4520 procurandam
1874 4442 1927 4495 ca-

377 4545 623 4622 nonisationem
650 4546 741 4622 beati
769 4546 934 4622 stanislai
962 4545 1190 4622 bracariensis
1225 4545 1374 4641 episcopi
1408 4545 1444 4618 iu
1480 4545 1686 4640 Lugdunum
1722 4541 1810 4636 (illic
1838 4542 1927 4616 enim

376 4669 595 4745 Innocentius
622 4672 764 4762 quartus
789 4671 928 4746 tenebat
955 4669 1082 4764 mdem)
1109 4667 1215 4760 missi,
1245 4667 1310 4743 etsi
1337 4666 1480 4763 grandia
1508 4666 1671 4741 nntracula
1696 4664 1929 4760 stupendaque

376 4813 478 4888 opera
503 4791 568 4869 ulri
594 4792 657 4867 Dei
685 4791 849 4868 stanislai
877 4815 987 4868 coram
1014 4793 1109 4887 Papa
1135 4789 1333 4865 Innocentio
1360 4793 1395 4865 et
1422 4788 1457 4863 in
1484 4787 1680 4863 consistorio
1700 4787 1846 4882 publico,
1875 4809 1927 4860 or·

376 4914 478 5010 ganis
505 4914 652 5010 propriis
678 4915 802 4991 diserte
828 4918 865 4991 at
891 4901 1338 5009 splendideonuntiassent,
1368 4933 1508 4986 examen
1536 4909 1676 5005 insuper
1702 4908 1842 4994 testium
1870 4930 1929 5004 per

375 5029 620 5112 commissarios
657 5037 858 5134 apostolicos
893 5036 1019 5111 factum
1055 5037 1090 5111 et
1126 5035 1161 5109 in
1199 5034 1337 5130 scriptis
1372 5033 1544 5108 redactum
1581 5031 1819 5122 ostendissent,
1848 5051 1927 5104 eura

375 5180 507 5252 quoque
525 5159 561 5236 ot
578 5158 805 5235 sollicitudine
828 5157 972 5253 ingenti,
1000 5157 1035 5233 et
1061 5157 1246 5232 Iohannem
1274 5153 1466 5252 Sapothani
1481 5155 1509 5248 ⁴)
1535 5152 1631 5228 tituli
1658 5151 1776 5227 Sancti
1795 5149 1925 5226 Nloolai

485 5441 510 5522 ¹)
533 5444 639 5504 relicto
666 5441 736 5504 Ood.
759 5442 852 5503 Reor.
891 5435 920 5520 ⁹)
944 5439 1071 5501 dominio
1097 5437 1175 5501 deest
1205 5439 1240 5498 in
1267 5435 1338 5498 Ood.
1362 5433 1435 5497 Aut.
1474 5431 1502 5513 ³)
1523 5433 1731 5496 Praemislonis
1757 5427 1830 5494 coa.
1853 5429 1923 5492 Aac.
2062 5517 2063 5530 ,

376 5543 404 5628 ⁴)
428 5547 601 5611 (lucanum
619 5548 678 5612 Ed.
700 5547 787 5644 Idps.
