4192 6272
409 526 487 600 464
1015 548 1126 602 amna
1152 547 1347 604 amamus.
1676 525 1746 629 (Α.
1766 527 1813 606 ῦ.
1833 529 1959 632 1282.)

408 733 502 829 digio
528 692 740 810 monstrarit.
769 735 895 810 Irastlro
922 735 1011 826 Dux,
1040 735 1076 810 et
1102 737 1142 811 ds
1169 735 1317 810 hostium
1346 737 1472 830 strage,
1500 737 1537 810 et
1562 735 1615 811 eui
1643 737 1813 814 exercitus
1830 738 1959 816 incoln-

408 856 539 948 mitate,
567 878 704 932 suorum
731 857 880 951 insuper,
908 879 991 947 quos
1018 857 1166 952 gentiles
1193 879 1236 933 en
1262 859 1355 933 terra
1381 857 1584 932 Lublinenai
1610 859 1760 955 captiuos
1778 861 1959 952 duxerant,

407 977 618 1070 liberatione,
655 978 717 1054 Dei
745 979 1026 1074 omnipotentiam
1052 979 1258 1074 glorificans,
1287 979 1426 1074 eiusque
1451 981 1570 1056 laudes
1588 1003 1664 1058 cum
1690 982 1781 1057 omni
1808 984 1960 1059 exercitu

406 1121 474 1174 suo
492 1099 676 1175 identidem
703 1122 876 1192 resonans,
905 1100 1024 1195 spoliis
1051 1101 1154 1176 etiarn
1181 1101 1330 1178 hostium
1358 1102 1501 1197 potitus,
1530 1125 1634 1179 ouans
1661 1103 1697 1178 in
1723 1125 1801 1179 suos
1827 1105 1960 1180 Princi-

407 1223 508 1316 patua
534 1221 656 1296 rediit:
685 1225 726 1296 ab
753 1243 858 1314 eoque
884 1223 1035 1317 temporo
1062 1225 1198 1298 beatum
1225 1223 1426 1300 Michablom
1453 1223 1506 1298 eui
1533 1224 1700 1320 triumphi
1726 1228 1762 1300 et
1787 1247 1959 1304 successu·

405 1366 463 1418 um
490 1343 642 1418 felicium
669 1345 838 1418 auctorem
864 1343 1031 1438 singulari
1059 1345 1322 1438 prosequebatur
1348 1345 1562 1420 remoratione
1587 1348 1623 1420 et
1654 1348 1799 1422 cultura.
1827 1349 1880 1421 Nn
1898 1347 1959 1421 Li·

406 1467 609 1542 thuanorum
636 1488 768 1557 quoque
795 1466 890 1548 clade
917 1487 1087 1555 reverens,
1126 1467 1162 1539 in
1196 1466 1320 1539 Lublin
1358 1466 1541 1542 Basilicam
1576 1467 1802 1560 parochialem
1835 1469 1960 1544 Sancto

406 1588 566 1663 Nicbabli
605 1588 727 1662 fundat
753 1591 788 1662 et
814 1587 886 1661 eius
913 1587 1041 1663 nomini
1068 1587 1172 1662 dicari
1200 1589 1375 1682 procurat,
1412 1609 1498 1680 quae
1533 1588 1637 1662 etiam
1674 1589 1710 1663 in
1745 1589 1833 1664 diem
1867 1591 1961 1665 hanc

405 1707 568 1786 beneficia
593 1707 768 1805 angelica,
797 1711 879 1785 tuno
907 1709 1034 1784 collata
1059 1708 1207 1800 Polonis,
1236 1711 1271 1784 et
1297 1709 1427 1785 cladem
1453 1709 1663 1786 barbaricam
1688 1712 1884 1786 attestatur.

307 2203 309 2206 Α
405 2095 574 2170 Palatinae
601 2098 636 2169 at
661 2095 871 2183 annullanda,
894 2093 1081 2186 militesque
1110 2091 1406 2184 Sandonirienaaa,
1433 2093 1579 2168 barrads
1606 2096 1768 2170 laaoriae
1793 2093 1876 2169 baca
1904 2115 1959 2170 re·

325 2211 327 2216 ’
407 2217 704 2306 estubiliacus
739 2214 1018 2289 sandomirlanaea
1052 2215 1196 2288 tradunt.
1244 2217 1276 2288 la
1311 2219 1422 2288 tamon
1456 2215 1570 2290 aurito
1606 2216 1749 2293 adaemn
1782 2219 1959 2290 lanionia

300 2381 304 2393 ·
404 2337 503 2429 nigri,
531 2337 651 2412 cestria
678 2341 712 2410 et
739 2337 930 2411 cimbalicae
956 2337 1099 2425 relictis,
1127 2337 1169 2409 ad
1196 2355 1257 2409 aaa
1283 2338 1471 2427 reveniam,
1499 2342 1533 2410 al
1558 2339 1679 2411 lestko
1708 2339 1779 2410 llax
1805 2337 1958 2411 omnibus

1061 2457 1299 2532 reconciliatur.

510 2700 565 2773 En
590 2698 795 2774 Litbnanica
822 2701 857 2774 et
883 2697 1147 2794 Iucauingornm
1174 2697 1389 2794 expeditione
1424 2699 1628 2775 Lestlronem
1668 2700 1812 2795 Nigrum
1837 2700 1959 2775 draco-

403 2820 553 2896 riensem
579 2824 615 2896 et
641 2819 947 2896 Sandomirieussrn
974 2822 1101 2896 Ducem
1128 2821 1163 2894 in
1191 2820 1381 2896 draeoriam
1422 2842 1592 2896 reversum
1620 2824 1655 2896 et
1681 2821 1852 2918 paulisper
1878 2822 1958 2898 illio

403 2943 655 3033 commoratum,
685 2941 833 3016 militurn
860 2941 1192 3033 Sandomiriensium,
1221 2963 1363 3032 quorum
1382 2941 1556 3015 Ianussiua
1584 2941 1768 3036 palatinus,
1788 2941 1958 3017 cristinus

403 3065 633 3154 castellanus,
675 3062 984 3154 Sandomirienees,
1022 3065 1120 3138 orani
1154 3063 1254 3137 duces
1281 3064 1316 3137 et
1343 3063 1475 3158 capita,
1504 3085 1580 3138 cum
1615 3063 1739 3154 quibus
1767 3066 1802 3138 et
1826 3065 1958 3138 Paulus

404 3184 631 3261 bracariensis
656 3184 833 3280 episcopus
859 3185 1076 3258 astruebatur
1102 3183 1256 3292 sensisse,
1285 3183 1424 3259 rebellio
1450 3183 1596 3277 excepit.
1623 3183 1687 3278 Qui
1705 3185 1748 3259 ad
1766 3185 1957 3260 nouandum

402 3327 455 3381 res
481 3306 606 3381 dudum
633 3305 784 3401 procliui,
812 3306 1003 3380 dunradum
1029 3291 1196 3382 Maeoniae
1222 3305 1348 3381 Ducem
1374 3306 1409 3380 st
1435 3303 1616 3381 Lectionis
1647 3303 1747 3400 Nigri
1766 3307 1955 3400 patmelein

402 3446 612 3523 germanum,
640 3427 737 3521 quasi
764 3427 826 3502 ille
853 3429 930 3522 post
956 3425 1105 3502 Boloslai
1132 3425 1249 3527 Pudici
1277 3426 1505 3502 cracoviensis
1532 3427 1568 3500 et
1589 3425 1869 3502 Sandomirioneis
1882 3428 1955 3500 Dn-

403 3549 452 3624 cia
479 3548 608 3624 obitum
634 3550 706 3622 lam
733 3547 804 3622 iuro
831 3569 931 3638 quarn
959 3549 1071 3623 aetate
1097 3548 1141 3622 ad
1168 3549 1409 3623 succedendum
1450 3547 1561 3645 potior
1585 3548 1790 3640 censeretur,
1818 3548 1852 3622 in
1885 3551 1955 3622 ler-
2082 3629 2083 3644 χ

402 3691 476 3744 ram
503 3669 809 3745 Sandomirieusem
836 3669 1019 3760 inducunt,
1059 3671 1094 3744 et
1129 3671 1201 3744 tam
1229 3667 1534 3745 Sandomirieneom
1570 3671 1606 3744 ot
1639 3669 1953 3759 Zauichoetonaem,
2082 3659 2083 3662 ‘

403 3813 505 3885 quam
531 3791 675 3866 aliorum
702 3791 811 3865 terrae
838 3790 1121 3865 Sandomirieneie
1147 3794 1332 3866 castrorum
1359 3791 1393 3864 et
1420 3789 1596 3865 ciuitatum
1614 3790 1669 3864 illi
1687 3789 1830 3865 badoni
1855 3791 1955 3865 effec-
2082 3805 2083 3810 ’

399 3913 529 3986 molem
556 3911 810 4005 possessionem.
856 3911 953 3985 Nihil
980 3933 1020 3986 ea
1046 3911 1196 3986 novinae
1223 3913 1258 3987 ei
1285 3911 1468 3986 rebellione
1495 3911 1622 3987 hostico
1649 3911 1757 4006 Niger
1783 3911 1862 3984 an
1880 3913 1950 3984 ter-

401 4032 499 4123 citus,
527 4032 677 4107 exercitu
703 4033 745 4107 de
772 4031 982 4107 curiensibus
1009 4034 1044 4107 ot
1070 4034 1179 4107 terrae
1206 4031 1436 4107 bracariensis
1470 4031 1647 4127 armigeris
1683 4033 1810 4127 raptim
1837 4033 1873 4106 et
1897 4033 1954 4105 tu·

402 4154 586 4229 molinario
613 4175 703 4228 moro
728 4157 899 4248 congesto,
927 4173 1044 4228 uersus
1070 4153 1315 4229 Sandomiriam
1342 4154 1524 4248 prooessit,
1562 4175 1637 4228 cnm
1673 4153 1765 4228 Duce
1800 4152 1954 4227 dunrado

400 4275 547 4370 patrueli
573 4275 680 4350 fratre
706 4277 932 4370 pugnaturus.
961 4275 1136 4350 cunradus
1163 4277 1277 4350 autem
1303 4277 1338 4348 et
1364 4275 1405 4350 de
1431 4297 1542 4366 causa,
1571 4277 1607 4350 et
1632 4275 1673 4349 de
1700 4275 1849 4349 militum
1877 4273 1951 4348 ani-

402 4396 467 4471 mis
493 4397 596 4471 danie
622 4398 658 4470 ei
684 4397 853 4491 ambiguis
880 4395 1025 4488 diffisus,
1054 4395 1236 4471 Lectionis
1262 4395 1362 4491 Nigri
1390 4395 1507 4471 fratris
1525 4397 1586 4471 eui
1613 4395 1795 4471 aduentum
1815 4417 1876 4490 per
1893 4417 1952 4470 ex·

400 4517 588 4612 ploratoree
614 4516 680 4590 eibi
706 4517 901 4591 nuntiatum
929 4517 1090 4607 sentiens,
1119 4517 1155 4591 in
1181 4517 1364 4591 Nasoriam
1400 4517 1553 4609 excedit,
1589 4539 1664 4592 cum
1698 4515 1858 4610 ampliori
1893 4539 1952 4609 po-

398 4638 509 4713 tentia
534 4639 570 4712 ot
596 4637 701 4732 copiis
727 4657 933 4712 reuersurus.
969 4637 1097 4713 Lestlro
1123 4637 1261 4711 interim
1289 4640 1323 4711 et
1350 4640 1460 4712 castra
1487 4637 1645 4732 singula,
1683 4659 1769 4730 quae
1796 4637 1952 4711 Ouarada

399 4757 513 4834 dedita
539 4761 648 4850 orant,
676 4761 863 4853 recuperat,
891 4759 927 4834 ct
953 4759 1146 4833 Ianussium
1175 4759 1377 4854 palatinum,
1397 4759 1579 4832 Oristinum
1609 4759 1845 4849 castellanum,
1866 4759 1951 4832 San·

399 4880 635 4972 domirieneee,
664 4861 879 4973 caeterosque
905 4879 1034 4956 milites
1061 4881 1260 4956 defectionis
1288 4882 1421 4954 autores
1447 4879 1512 4954 sibi
1538 4877 1709 4972 conciliat,
1737 4879 1773 4954 et
1791 4877 1949 4974 prudenti

399 5001 567 5076 industria
593 5001 667 5076 aine
702 5001 806 5076 armis
841 5001 967 5093 uincit,
1004 5003 1039 5077 et
1074 5023 1206 5076 omnem
1241 5003 1416 5076 submonet
1452 5003 1487 5075 ei
1522 4999 1685 5096 opprimit
1719 5001 1949 5076 rebellionem.

397 5121 568 5197 Asianum
594 5123 750 5198 nonnulli
777 5124 939 5201 antlrores
962 5124 1164 5198 Lestkonem
1191 5121 1336 5216 Nigrum
1377 5123 1502 5196 Ducem
1529 5123 1571 5195 ob
1596 5121 1794 5196 seditionem
1822 5121 1949 5195 milita-

397 5264 468 5316 rem
495 5243 530 5316 in
557 5244 783 5339 Hungariam,
812 5244 1014 5320 seditionum
1055 5243 1229 5318 autodbus
1269 5265 1345 5318 eum
1386 5241 1670 5336 propellentibus,
1699 5242 1887 5336 diffugisse,
1915 5243 1951 5314 el

1596 5338 1602 5352 1

397 5366 473 5460 post
499 5363 752 5460 aliquantulum
780 5365 952 5460 temporis,
981 5389 1046 5458 quo
1074 5365 1147 5440 illic
1173 5367 1324 5440 moratus
1350 5365 1414 5456 est,
1442 5363 1715 5439 reconciliatione
1752 5363 1843 5438 inter
1877 5363 1946 5436 Du·
