4246 6274
378 523 428 620 28
999 561 1113 612 urens
1140 558 1314 623 aurnuns.
1671 533 1734 630 (Α.
1754 533 1801 634 D.
1822 532 1929 628 1141.)

378 775 449 828 cem
478 753 513 824 et
539 743 766 839 Monarobam,
794 735 986 837 fratresque
1023 768 1101 820 suos
1127 745 1229 819 instit
1242 748 1269 836 t,
1307 745 1473 836 quotenus
1500 765 1572 818 sors
1599 742 1824 820 Wladislaum
1851 764 1928 818 con·
2057 784 2060 792 ·

378 875 516 968 tingens
543 871 607 945 sibi
635 871 839 959 redderetur,
876 867 940 941 sibi
977 889 1109 959 quoque
1136 866 1340 941 adimeretur
1375 864 1557 939 necessitas
1583 867 1619 941 et
1636 855 1782 939 'munem
1809 867 1845 942 et
1870 889 1930 960 op·

378 1015 530 1088 pressum
557 990 751 1066 adiuvandi.
778 988 869 1063 Huic
894 987 1060 1082 legationi
1087 1009 1107 1060 a
1132 988 1288 1062 Boleslao
1315 986 1431 1080 Crispo
1457 987 1658 1060 Polonorum
1681 988 1773 1061 Duce
1798 989 1834 1061 et
1860 987 1929 1060 tra-
1966 1003 1971 1018 ·

378 1115 488 1189 tribus
515 1114 703 1188 modestum
730 1131 927 1204 responsum
954 1110 1112 1184 edebatur
1133 1108 1167 1202 ¹):
1197 1108 1293 1182 Nihil
1321 1130 1357 1182 se
1371 1107 1400 1201 π)
1426 1129 1575 1198 unquam
1602 1107 1637 1181 in
1664 1109 1805 1182 fratrem
1831 1109 1929 1183 Wla·

379 1235 523 1310 dislauur
560 1235 685 1309 Ducem
721 1231 846 1306 hostile
880 1229 1016 1304 molitos
1053 1249 1126 1304 esse
1141 1227 1187 1323 ³);
1224 1228 1279 1304 sed
1307 1228 1521 1324 tyrannicum
1549 1249 1684 1302 suorum
1699 1227 1730 1322 ι)
1754 1227 1929 1324 Principa-

371 1353 475 1432 'tnum
503 1355 647 1450 spolium
666 1356 709 1428 ab
726 1375 764 1428 eo
783 1351 885 1446 passi,
914 1373 992 1425 mox
1020 1372 1151 1444 quoque
1178 1349 1281 1426 etiam
1307 1348 1557 1440 exterminium,
1586 1349 1666 1424 dum
1693 1349 1784 1424 omni
1810 1351 1929 1427 huma-

372 1477 486 1552 nitate
522 1477 644 1551 nedum
680 1472 906 1569 germanitate
942 1472 1086 1562 exutus,
1124 1471 1229 1545 nullis
1260 1471 1433 1566 precibuS,
1471 1471 1568 1545 nulla
1602 1469 1794 1564 aequitate,
1833 1473 1931 1547 nulla

379 1597 602 1672 submissione
638 1594 766 1690 placari
782 1594 810 1690 6)
838 1616 935 1688 posse
971 1593 1151 1683 uideretur,
1189 1592 1333 1687 passuri,
1369 1613 1413 1667 ex
1440 1591 1619 1682 obsidione,
1652 1613 1720 1685 qua
1746 1591 1868 1668 inclusi
1894 1596 1930 1668 et

378 1741 463 1812 pene
490 1717 634 1792 extincti
661 1737 805 1808 eremus,
844 1715 1067 1808 erumpentes,
1096 1735 1156 1808 pro
1183 1711 1434 1808 Principatibus
1459 1716 1495 1788 et
1521 1713 1679 1804 sortibus,
1706 1735 1767 1807 pro
1799 1714 1929 1808 spoliis,

379 1863 439 1934 pro
467 1839 541 1933 ipsa
568 1861 700 1930 quoque
727 1836 799 1911 uita
825 1857 900 1937 oum
928 1835 1033 1910 fratre
1060 1833 1272 1925 inexorabili,
1301 1857 1367 1909 non
1394 1834 1487 1908 aliud
1514 1856 1616 1928 quam
1642 1835 1843 1930 sanguinem
1869 1858 1929 1909 no·

380 1961 488 2034 strum
507 1959 656 2049 sitiente,
686 1957 756 2032 acie
776 1958 945 2032 decertare
973 1956 1148 2050 compulsi,
1176 1955 1288 2050 ipsum
1316 1955 1463 2050 propitia
1489 1956 1677 2031 Divinitate
1703 1978 1778 2030 cum
1805 1955 1932 2052 exigua

379 2105 481 2155 manu
508 2079 660 2170 uicimus,
697 2080 892 2171 bellumque
926 2078 1062 2151 illatum
1090 2080 1126 2151 et
1152 2097 1343 2152 mucronem
1370 2076 1495 2152 nostris
1522 2076 1706 2153 cervicibus
1733 2077 1929 2173 impendon-

380 2207 461 2293 tem,
498 2204 567 2276 Deo
594 2200 732 2274 iuvante
746 2200 785 2294 ⁶),
823 2199 999 2294 abegimns
1035 2197 1113 2292 et⁷)
1140 2199 1338 2292 repulimus.
1383 2197 1476 2274 Scire
1512 2221 1547 2274 se
1582 2221 1687 2292 aeque
1723 2203 1826 2291 etque
1858 2222 1929 2274 ma

380 2325 435 2420 gis
450 2324 479 2418 Β)
507 2345 608 2416 qoam
635 2321 860 2399 Wladislaum
898 2320 1051 2395 cunrado
1086 2321 1314 2394 Romanorum
1349 2320 1438 2414 Regi
1474 2321 1640 2416 sauguine
1676 2319 1808 2396 iunctos
1844 2343 1929 2414 csse,

382 2468 478 2519 suam
505 2443 680 2538 quuoquob
706 2464 842 2519 causam
870 2441 1043 2516 iustiorem
1071 2441 1152 2532 iore,
1181 2444 1216 2517 et
1243 2444 1283 2516 ob
1311 2440 1345 2516 id
1371 2441 1424 2515 soi
1444 2441 1556 2537 magis
1582 2442 1677 2517 velut
1702 2443 1929 2518 Romanorum

379 2564 539 2661 Regis'l)
570 2587 671 2656 quam
699 2562 845 2639 maximo
872 2561 1108 2656 interesse¹¹),
1136 2585 1179 2637 ue
1205 2561 1331 2637 iniusto
1358 2561 1447 2638 bello
1474 2585 1509 2638 se
1536 2562 1703 2638 miscendo
1726 2563 1934 2640 contaminet

378 2690 413 2762 et
440 2709 475 2761 se
502 2683 716 2778 affinibus¹²)
742 2686 777 2759 et
804 2683 1038 2759 innocentibus
1065 2683 1194 2757 bellum
1221 2680 1452 2778 illaturum¹³)
1479 2683 1616 2779 cogitet.
1651 2683 1840 2776 Discernat,
1869 2709 1929 2780 ap·

348 2883 350 2888 .
379 2805 559 2904 pendatu)
586 2809 622 2881 et
647 2805 793 2882 calculet
818 2806 1017 2900 Imperator,
1046 2807 1195 2896 quantus
1231 2804 1338 2880 bostis
1364 2806 1477 2881 noster
1503 2805 1617 2896 fuerit,
1651 2829 1716 2898 quo
1743 2805 1930 2901 insidiis¹⁵)

379 2951 440 3004 nos
467 2926 637 3023 petiuerit,
674 2928 757 3020 quot
783 2925 864 3016 suis,
902 2927 984 3018 quot
1010 2924 1232 2999 auxiliaribus
1259 2925 1422 3020 potentiis
1449 2925 1484 3000 in
1511 2926 1634 3021 capitis
1661 2926 1768 3001 nostri
1796 2926 1929 3022 pericu-

380 3049 450 3123 lum
479 3069 560 3122 neus
586 3047 702 3138 fuerit,
739 3048 867 3140 quanto
894 3045 1016 3137 studio,
1055 3047 1182 3138 quanto
1217 3047 1334 3121 ardore
1369 3068 1484 3122 nocem
1519 3049 1669 3122 nostram
1697 3048 1929 3124 maturaverit.

378 3169 513 3242 Habeat
539 3167 652 3261 potius
670 3164 849 3259 iratum¹⁶l
875 3165 1061 3256 Gaesarem,
1089 3187 1189 3258 qnam
1216 3165 1412 3260 propitium,
1441 3165 1499 3258 qui
1526 3166 1707 3242 crudeliter
1733 3189 1794 3241 nos
1812 3191 1929 3244 excar-

378 3289 516 3363 nificare
542 3288 770 3379 contenderat,
807 3286 928 3381 non¹⁷)
954 3285 1295 3377 insidiatorismodo,
1332 3287 1389 3362 sed
1425 3308 1500 3362 curn
1527 3287 1671 3362 insidiae
1707 3309 1825 3382 parum
1851 3312 1929 3384 pro-

379 3409 570 3499 cessissent,
607 3408 717 3483 hostis
753 3407 891 3502 publici,
929 3405 1097 3482 carnificis
1123 3409 1158 3482 et
1183 3407 1389 3502 percussoris
1416 3407 1561 3503 speciem
1587 3408 1729 3484 induens
1756 3409 1928 3505 gessit¹⁸)‚

379 3551 492 3625 preces
510 3529 696 3622 quoquam)
721 3527 965 3621 archiepiscopi
993 3528 1212 3619 Gnesnensis,
1250 3529 1371 3620 quibus
1397 3529 1503 3604 uitam
1529 3528 1625 3604 nobis
1652 3530 1850 3624 deposcebat
1877 3554 1929 3607 re-

380 3651 500 3742 linqui,
528 3648 731 3743 repudiauit.
776 3649 893 3722 Talem
930 3671 1006 3724 eum
1042 3648 1148 3722 foisse
1183 3650 1373 3744 Imperator
1405 3649 1501 3740 sciat,
1538 3653 1578 3724 ut
1604 3672 1666 3726 noc
1692 3650 1774 3743 quid
1800 3655 1928 3746 ageret,

268 3803 273 3810 ·
378 3793 439 3845 nec
466 3770 547 3862 quid
574 3769 737 3859 sentiret,
774 3771 834 3842 aut
871 3768 1019 3860 diceret,
1056 3769 1232 3844 dummodo
1268 3793 1329 3845 nos
1366 3772 1425 3845 aut
1452 3771 1666 3865 propelleret,
1704 3773 1764 3846 aut
1790 3772 1928 3864 deleret,

379 3891 557 3985 quicquam
586 3889 680 3985 pensi
708 3891 864 3965 habebat.
910 3891 957 3964 Et
983 3889 1121 3984 proinde
1147 3890 1321 3966 induxisse
1357 3913 1393 3967 so
1426 3891 1462 3966 in
1489 3890 1670 3986 animos²⁰)
1698 3895 1928 3985 (caesareanos

379 4012 515 4087 nuntios
551 4010 809 4105 certificant)²¹)
836 4031 910 4085 curn
938 4011 1034 4085 hoste
1061 4011 1185 4106 potins,
1215 4035 1314 4104 quam
1341 4014 1446 4088 fratre
1473 4035 1509 4088 so
1536 4012 1824 4108 placitaturosw).
1858 4017 1928 4090 llx-

380 4135 470 4229 pulit
488 4133 578 4210 enim
610 4133 709 4206 illum
736 4155 802 4207 non
829 4132 915 4206 livor
941 4134 1056 4206 noster
1083 4133 1141 4208 sed
1168 4155 1260 4225 suus,
1290 4157 1356 4208 nou
1375 4137 1492 4208 nostra
1509 4133 1650 4208 ambitio
1668 4136 1727 4209 sed
1745 4135 1929 4231 uxoria²³),

379 4279 444 4330 non
472 4255 598 4330 nostris
625 4254 751 4330 eiectos
778 4253 831 4328 est
857 4251 972 4344 armis,
992 4254 1050 4328 sod
1077 4252 1224 4328 moribus
1251 4253 1332 4347 suis,
1362 4254 1482 4348 quibus
1508 4255 1604 4330 nobis
1630 4254 1842 4351 principandi
1870 4279 1929 4352 po·

487 4546 510 4626 ¹)
534 4549 643 4608 editum
674 4555 720 4608 est
750 4543 821 4610 Cod.
852 4549 944 4608 Roar.
984 4544 1012 4625 Ω)
1035 4547 1085 4608 Nil
1114 4567 1167 4609 nos
1203 4549 1273 4610 Ced.
1306 4551 1398 4612 Roer.
1436 4547 1465 4628 ³)
1488 4551 1582 4611 moliti
1613 4569 1710 4611 sumus
1744 4551 1814 4613 Cod.
1837 4553 1929 4615 Roar.

381 4649 408 4730 ⁴)
431 4658 597 4713 nostrorum
626 4652 696 4712 Cod.
718 4653 811 4712 Roer.
852 4649 881 4730 5)
904 4651 985 4711 flecti
1009 4646 1079 4713 Cod.
1102 4653 1195 4713 Roar.
1234 4651 1261 4731 Β)
1283 4655 1412 4729 propitia
1433 4655 1594 4717 Divinitate
1612 4657 1733 4715 vicimus
1761 4655 1832 4718 Coei.
1857 4655 1930 4718 Act.

380 4753 406 4833 7)
431 4758 560 4818 steterat
582 4758 617 4816 ia
643 4755 713 4818 Cod.
735 4756 810 4816 Aut.
849 4753 878 4833 ⁸)
902 4755 1015 4815 Scimus
1037 4773 1107 4816 vero
1129 4775 1183 4817 nos
1206 4775 1299 4832 aeque
1321 4775 1357 4818 ac
1379 4761 1471 4833 megia
1495 4761 1583 4820 etiam
1609 4757 1681 4820 Ood.
1704 4761 1797 4821 Beer.
1829 4757 1857 4837 ο)
1874 4763 1929 4820 sci·

377 4878 440 4920 mus
471 4877 586 4934 quoquo
617 4877 698 4920 suam
730 4855 802 4922 Coa.
825 4861 917 4920 Beer.
959 4855 998 4934 ¹⁰)
1022 4865 1053 4918 et
1074 4861 1112 4919 ob
1134 4861 1165 4919 id
1187 4861 1383 4922 Romanorum
1409 4863 1482 4936 Regi
1513 4856 1584 4924 Cori.
1608 4865 1700 4924 moer.
1743 4861 1783 4940 ¹¹)
1806 4865 1931 4924 interest

380 4962 451 5025 Ood.
475 4965 567 5025 Roer.
608 4961 649 5041 ¹⁹)
672 4969 703 5024 et
724 4981 762 5024 ne
784 4962 920 5022 affinibus
947 4961 1018 5022 God.
1041 4963 1134 5022 Roer.
1177 4961 1216 5042 13)
1238 4964 1347 5025 inferat
1380 4965 1449 5027 God.
1471 4968 1565 5026 Roer.
1608 4962 1647 5044 ¹⁴)
1670 4968 1835 5042 perpendat
1859 4963 1929 5030 Cod.

376 5068 469 5128 Rorr.
512 5064 552 5144 15)
574 5069 668 5127 hostis
690 5073 792 5128 noster
813 5067 992 5126 Wladislaus
1014 5065 1121 5138 fuerit,
1152 5069 1267 5140 quoties
1297 5069 1411 5128 insidiis
1445 5066 1515 5129 (lod.
1539 5071 1631 5130 Rosa.
1674 5067 1714 5148 16)
1736 5072 1800 5144 ipse
1823 5073 1944 5132 iratum·

381 5169 451 5232 Ood.
474 5171 565 5231 Rorr.
607 5168 647 5248 17)
671 5173 777 5245 quique
799 5188 857 5230 non
884 5168 953 5228 coc.
979 5171 1072 5229 Roer.
1114 5167 1156 5249 18)
1180 5178 1282 5231 contra
1296 5189 1350 5231 uos
1366 5173 1457 5246 gessit
1482 5171 1552 5234 Ood.
1575 5175 1667 5233 Roer.
1704 5170 1745 5252 ¹⁹)
1768 5175 1818 5248 qui
1842 5177 1930 5236 etiam

376 5289 480 5347 preces
508 5270 578 5334 (lod.
602 5275 695 5335 Beer.
733 5272 964 5351 ²⁰)induximns
988 5273 1167 5333 inanimum
1193 5273 1264 5336 Ood.
1287 5277 1380 5335 Roar.
1416 5273 1459 5352 91)
1475 5277 1518 5335 sic
1533 5275 1682 5350 postremo
1705 5277 1840 5338 Caesaris
1856 5296 1929 5338 nun·

377 5377 426 5435 liis
449 5377 628 5450 respondent
645 5377 715 5440 Geel.
731 5379 823 5440 Beer.
855 5374 898 5456 Μ)
914 5377 991 5437 hosti
1007 5377 1105 5454 potius
1124 5395 1208 5454 qnam
1219 5377 1304 5440 fratri
1320 5379 1470 5442 conciliari
1486 5381 1570 5442 velle.
1590 5379 1652 5445 coa
1676 5381 1768 5444 coar.
1796 5378 1841 5459 ²³)
1858 5399 1929 5446 uxo·

377 5480 419 5540 ris
442 5481 502 5540 Ed.
527 5481 622 5540 Dobr.
