4162 6288
403 546 477 620 378
1008 565 1121 620 arnna
1147 564 1342 642 surmus.
1680 541 1745 638 (Α.
1763 539 1809 620 n.
1829 539 1969 638 lm).

401 752 496 828 elaue
522 749 672 828 Pudioue
696 749 925 827 tununensis
951 752 987 826 et
1014 750 1295 828 Sandonirieneis
1322 751 1401 826 Dux
1427 750 1523 828 uelut
1549 771 1652 847 gener
1678 771 1842 846 eooerunn
1871 750 1951 830 ileu

400 875 529 950 Lestko
561 872 668 969 Niger
703 871 904 949 Siradiensis
938 873 1018 948 Dux
1057 872 1224 949 Kaniniri
1259 873 1477 969 Oupauianeie
1512 875 1549 950 et
1582 872 1812 951 [ananiensis
1848 873 1950 949 Deoia

400 995 503 1087 lilius,
540 1017 640 1087 quem
675 1015 788 1070 seeum
822 1017 891 1070 uua
926 995 1105 1070 Bolesleus
1140 994 1287 1070 Pudious
1314 994 1350 1070 iu
1377 995 1482 1071 soeeri
1509 994 1669 1071 solatium
1690 995 1715 1090 ¹)
1749 995 1948 1088 adduxerat,

398 1115 481 1192 item
507 1115 630 1192 Daniel
664 1115 809 1193 Ruesiae
844 1115 937 1207 Rex,
975 1117 1010 1192 et
1046 1114 1110 1190 filii
1138 1115 1210 1190 eius
1236 1117 1305 1192 Irae
1337 1117 1372 1192 et
1397 1116 1581 1209 Romanus
1616 1116 1761 1212 Bulgari
1798 1115 1947 1212 iusuper,

398 1239 568 1314 Baoeoues
596 1239 632 1314 et
657 1239 866 1314 Bosneuees:
903 1236 1127 1312 Premislaurn
1154 1260 1232 1314 uero
1258 1237 1440 1314 Boherniae
1466 1239 1592 1314 Duoen
1622 1237 1791 1315 Henrious
1817 1237 1948 1315 Wrati·

396 1357 585 1450 aleriensis,
613 1358 822 1436 Wludisleua
841 1357 1041 1454 opoliensis,
1070 1358 1209 1435 Ulrious
1235 1360 1315 1434 Dux
1341 1358 1546 1450 Corinthiae,
1575 1361 1654 1434 Otto
1671 1358 1822 1434 llnrolrio
1839 1359 1948 1434 Bran·

397 1479 628 1576 deburgeusis‚
657 1479 874 1557 adiuuabant.
920 1481 1023 1556 Belae
1049 1481 1164 1556 autern
1190 1480 1389 1576 Hungariae
1416 1480 1505 1576 Regi
1530 1480 1714 1556 Morauiarn
1740 1480 1946 1576 ingressuro,

398 1603 434 1676 et
459 1601 531 1675 tam
559 1601 1218 1695 illanquarnB0hemian1uestaturo‚
1257 1601 1509 1697 populationem
1536 1623 1671 1678 suumn
1703 1601 1946 1696 prohibiturus,

385 1713 525 1816 'Quarto
552 1723 634 1796 Idus
661 1722 743 1796 Iulii
770 1722 977 1798 Premislaus
1003 1723 1185 1799 Bohemiae
1211 1723 1291 1797 Dux
1317 1746 1394 1800 oum
1415 1723 1640 1799 auxiliaribus
1666 1745 1769 1818 prope
1796 1723 1945 1814 Theben,

395 1843 453 1917 ubi
481 1845 625 1918 Moraua
651 1843 772 1919 fluuius
798 1843 959 1920 miscetur
984 1844 1150 1936 Danubio,
1180 1843 1334 1936 occurrit,
1363 1847 1399 1919 et
1425 1867 1527 1919 unam
1553 1844 1662 1939 ripam
1684 1827 1831 1920 llorere
1848 1843 1946 1918 Hun-

395 1964 498 2058 geris,
527 1967 671 2040 alterurn
697 1964 856 2042 Bohenis
883 1966 1148 2059 obseruantibus,
1179 1965 1306 2041 statiua
1333 1965 1407 2042 illie
1433 1966 1609 2059 utriusque
1644 1965 1813 2042 exereitus
1839 1985 1945 2059 esque

291 2115 293 2118 ·
394 2086 438 2158 ad
464 2085 552 2160 diem
579 2085 671 2161 beati
698 2085 860 2162 Iohannis
886 2087 1077 2181 Baptistae,
1106 2086 1352 2163 lacessentibus
1378 2109 1414 2162 se
1441 2087 1583 2165 inuioem
1614 2087 1790 2182 Hungaria
1817 2089 1853 2162 et
1878 2087 1944 2161 Bo-

393 2206 512 2298 hemis,
542 2207 661 2282 habita
692 2209 784 2282 suut.
829 2206 1010 2300 Aquibus
1045 2208 1253 2284 Premislaus
1287 2209 1367 2311 Dux
1403 2208 1586 2285 Boheniae
1621 2209 1788 2301 seoedeus,
1826 2229 1944 2284 uersus

393 2328 554 2424 oppidum
580 2329 682 2404 Iraue
708 2328 757 2406 ire
783 2329 919 2424 pergit:
947 2353 1048 2422 quern
1078 2331 1273 2425 Stephanus
1298 2331 1403 2406 Belae
1429 2331 1536 2426 Regis
1562 2329 1667 2422 filius,
1702 2329 1820 2422 eliqua
1846 2331 1943 2426 parte

392 2448 565 2544 eopiaruuu
591 2471 612 2526 a
638 2451 735 2545 patre
762 2449 956 2545 impetrata,
993 2449 1129 2526 facilius
1156 2450 1193 2525 in
1219 2450 1341 2526 itinere
1373 2471 1593 2546 oppressurus
1619 2449 1830 2546 aggreditur.
1875 2448 1943 2524 Illri

392 2570 575 2647 certamine
602 2571 699 2664 inito,
728 2571 895 2666 Stephani
921 2571 1101 2666 exereitus,
1131 2595 1206 2648 eum
1233 2571 1371 2648 inferior
1389 2595 1492 2664 quarn
1509 2572 1711 2649 Bohenious
1737 2575 1841 2665 esset,
1867 2593 1941 2648 eun

391 2691 558 2769 uniuersis
593 2691 773 2770 Prenielei
807 2693 912 2770 Duoia
948 2693 1111 2789 potentiis
1147 2695 1338 2788 deoerneue,
1377 2694 1473 2770 lusus
1509 2694 1716 2790 fingatusque
1741 2696 1808 2787 eet,
1838 2696 1874 2770 et
1898 2694 1942 2770 ed

390 2813 560 2905 reliquum
586 2813 783 2908 exereitum,
811 2837 911 2909 quem
936 2815 1023 2890 Bela
1050 2814 1248 2910 Hungariee
1274 2816 1353 2891 Rex
1378 2837 1454 2892 eum
1480 2815 1631 2892 Dooiuos
1656 2815 1883 2892 auxiliaribus
1905 2814 1941 2890 iu

390 2935 512 3011 eastris
538 2935 754 3027 continebat,
792 2957 989 3028 aeeurrens,
1018 2937 1055 3012 in
1081 2936 1220 3013 flumine
1247 2937 1391 3013 Morene
1416 2938 1538 3032 wplures
1572 2959 1674 3031 quarn
1700 2937 1830 3034 praelio
1856 2935 1939 3010 aroi-

390 3058 448 3132 sit.
494 3057 630 3154 Treuga
656 3058 777 3134 deinde
803 3057 934 3152 aliquot
960 3057 1090 3134 dierum
1117 3057 1330 3154 interposite,
1367 3081 1436 3154 pax
1462 3058 1553 3134 inter
1587 3060 1707 3136 Belum
1742 3057 1939 3154 Hunguriae

389 3177 521 3275 Regem
546 3181 581 3258 et
607 3179 832 3257 Premisleurn
867 3180 1049 3257 Boherniae
1083 3181 1210 3257 Dueenn
1246 3203 1305 3277 per
1331 3203 1522 3258 ummuues
1556 3183 1698 3258 barones
1732 3181 1939 3258 tractataet

388 3302 505 3394 aequis
531 3302 790 3394 uenditionibue,
818 3304 903 3379 Belo
929 3303 1024 3399 Rege
1051 3304 1092 3378 de
1111 3304 1183 3379 iure
1206 3304 1344 3380 aeterne
1370 3303 1505 3398 stiriae,
1534 3287 1717 3400 wnposita
1743 3304 1779 3380 et
1805 3303 1936 3381 wuelu

387 3446 427 3502 sa
453 3427 516 3521 eet,
544 3425 676 3504 adiecta
701 3425 807 3504 etiarn
833 3426 1017 3520 affinitate,
1045 3449 1111 3521 quo
1138 3425 1329 3504 diuturnior
1355 3427 1453 3504 foret.

464 3791 608 3873 lutrano
634 3793 777 3890 erpone
803 3797 978 3890 oplwopra
1002 3794 1190 3870 liparensis
1217 3795 1369 3868 nentur:
1395 3793 1509 3868 letrae
1535 3792 1677 3886 llpellol
1702 3791 1859 3868 aroenae

489 4038 643 4115 Andreae
669 4037 846 4134 episeopus
871 4035 1064 4113 Plooeensis
1099 4038 1236 4112 uocatus
1263 4035 1419 4131 (leyolek,
1458 4057 1533 4110 eum
1569 4033 1669 4110 annia
1694 4055 1756 4111 sex
1782 4033 1930 4122 eadm,

385 4159 529 4236 moritur
554 4163 590 4236 et
618 4160 653 4234 in
679 4159 852 4236 Plooneusi
889 4159 1030 4235 eoelesia
1064 4158 1239 4252 sepelitur.
1284 4157 1346 4232 Oui
1373 4180 1394 4230 a
1419 4157 1569 4250 capitulo
1605 4157 1733 4231 elautus
1768 4157 1804 4231 et
1830 4178 1851 4228 a
1875 4155 1929 4228 Ia·

384 4281 499 4356 nuesio
526 4281 714 4358 Gnesnensi
741 4279 991 4376 archiepiscopo
1018 4279 1255 4370 confirmatus,
1289 4279 1411 4353 Petrus
1438 4277 1587 4353 suooedit
1613 4277 1724 4352 dietus
1750 4278 1786 4353 et
1812 4297 1930 4370 eogno-

384 4402 532 4478 miuatus
567 4402 731 4498 Npedioh,
768 4401 893 4478 nobilis
920 4402 961 4476 de
987 4401 1083 4476 donno
1110 4401 1323 4495 Serpentum,
1361 4399 1541 4474 canonieus
1576 4398 1779 4490 Plooaensie,
1807 4399 1849 4474 de
1873 4397 1929 4472 Se·

384 4523 502 4598 meriti
528 4525 564 4598 et
590 4522 756 4598 Kanimiri
782 4524 913 4599 Ducum
939 4521 1107 4600 Maeoniae
1134 4543 1308 4598 consensu.

651 4886 803 4964 intueri
829 4890 864 4963 et
890 4887 1040 4964 tittuaul
1065 4859 1245 4962 turuileroe
1272 4887 1305 4960 lu
1331 4885 1463 4960 rareio
1489 4883 1656 4961 hretwt.

484 5126 817 5206 anniuersario
843 5129 880 5204 in
907 5131 1020 5206 monte
1047 5128 1164 5206 Sanoti
1199 5127 1336 5223 Georgii
1371 5126 1537 5204 erectione
1573 5148 1632 5221 per
1666 5123 1868 5220 Magistrum
1893 5125 1930 5198 et

380 5247 568 5328 Grueileros
602 5251 760 5328 Pruseiae
795 5253 900 5346 fuum,
936 5251 1102 5327 Prutheni
1129 5252 1165 5326 et
1190 5250 1355 5325 Lithuaui
1382 5247 1515 5324 barbari
1543 5248 1758 5325 uehementer
1789 5245 1927 5336 irritati,

486 5511 512 5592 ¹)
533 5515 673 5575 auxilium
698 5512 770 5578 eoo.
792 5511 885 5578 Beer.
