4172 6278
161 530 221 624 (Α.
242 529 291 606 D.
312 530 432 628 1202.)
787 557 900 609 nnana
926 557 1079 611 sexsus.
1634 543 1709 615 '1‘61

159 738 462 838 Wrntislarienses
497 739 659 831 existens,
688 739 725 815 in
752 742 1000 818 Lubucnensem
1036 743 1226 839 episcopum
1254 745 1426 840 promotus
1453 746 1584 836 fuerat,
1614 767 1712 822 canc·

159 858 235 937 uice
261 863 457 956 postulatus
491 862 659 954 succedit,
696 865 740 938 ab
766 864 964 940 Innocentio
991 867 1085 959 Papa
1105 865 1127 959 ¹)
1164 865 1265 942 tertio
1300 865 1529 942 confirmatus.
1575 869 1621 942 ut
1648 891 1714 944 nen

153 983 238 1076 pest
264 983 380 1077 plures
395 982 424 1076 ²)
451 983 522 1059 <lies
547 985 724 1060 Beleslaus
750 983 853 1059 Altus
881 987 960 1060 Dux
986 987 1278 1064 Wratislariensis
1310 989 1419 1062 filium
1461 1011 1558 1064 suum
1585 989 1713 1084 episce-

160 1125 243 1198 pum
270 1104 459 1180 Iarcslaum
486 1107 631 1198 secutus,
669 1107 793 1182 Octauo
825 1107 983 1184 uidelicet
1009 1109 1090 1183 Idus
1117 1109 1309 1184 Decembris
1337 1111 1478 1186 meritur
1518 1110 1615 1186 etin
1642 1134 1712 1186 me-

161 1223 311 1300 nesteric
338 1224 474 1300 liubans
488 1223 517 1319 ³)
544 1226 718 1322 sepelitur.
756 1227 823 1302 Hic
849 1251 925 1304 cum
952 1229 1036 1302 duas
1063 1251 1184 1304 uxeres
1211 1230 1396 1323 habuisset,
1424 1231 1582 1307 uidelicet
1607 1232 1713 1308 ch-

161 1346 359 1422 caeslarram
386 1347 593 1439 Ruthenem,
622 1350 657 1424 et
678 1347 857 1424 Adleiclem
874 1353 901 1444 ⁴)
928 1372 1074 1424 seronem
1101 1351 1342 1446 Imperatricis,
1372 1351 1524 1446 ceniugis
1540 1353 1567 1446 6)
1594 1353 1714 1428 uideli-

161 1468 216 1544 cet
242 1467 391 1542 Ounradi
418 1469 554 1544 secundi
580 1469 811 1565 Imperatcris,
849 1493 892 1544 ex
918 1471 1168 1546 Wencneslaua
1204 1472 1339 1564 quidem
1365 1473 1554 1548 Iarcslaum
1587 1475 1714 1568 episcc-

154 1610 245 1683 .pum
281 1589 597 1668 wratislaviensem
633 1593 671 1666 ci
703 1593 916 1684 Beleslaurn,
958 1592 1131 1686 filiamque
1166 1592 1292 1688 Algam
1328 1595 1461 1671 nemine
1497 1595 1636 1689 genuit;
1672 1619 1716 1671 ex

161 1707 307 1786 Adleide
332 1733 410 1786 rere
437 1711 558 1805 genuit
573 1712 600 1807 6)
626 1713 812 1788 Henricum
839 1735 914 1788 curn
941 1715 1045 1788 barba
1072 1717 1238 1806 vocatum,
1275 1716 1478 1808 Ounradum,
1516 1717 1714 1808 Iohannem,

162 1833 197 1906 et
223 1829 334 1906 filiam
360 1830 585 1926 Adplheidem
600 1833 640 1927 ⁷),
671 1855 756 1926 quae
783 1833 927 1928 Dipelde
954 1835 1141 1910 hlarchicni
1167 1836 1335 1912 Menariae
1362 1836 1431 1911 fuit
1458 1837 1715 1912 matrimoniali·

162 1954 226 2030 ter.
243 1954 414 2048 copulata.
460 1955 526 2030 Sed
566 1955 720 2030 omnibus
756 1955 837 2029 filiis
873 1956 1024 2032 Beleslai
1058 1956 1134 2031 Alti
1170 1958 1349 2032 immature
1384 1959 1586 2034 obeuntibus
1617 1963 1653 2035 et
1679 1959 1715 2033 in

163 2075 370 2150 monasterie
396 2076 531 2152 Lubens
545 2076 573 2170 8)
601 2077 756 2172 sepultis,
792 2078 883 2152 selus
911 2078 1078 2153 Henricus
1104 2101 1180 2154 cum
1206 2082 1311 2154 barba
1346 2083 1518 2174 superstes
1553 2081 1714 2172 existens,
1763 2167 1766 2173 ἢ

163 2195 254 2290 patri
289 2195 325 2270 in
352 2197 627 2272 Wratislariensi
654 2199 787 2272 Ducatu
814 2201 850 2273 et
877 2199 912 2272 iu
941 2199 1019 2274 aliis
1046 2199 1202 2274 dominiis
1230 2202 1410 2290 successit;
1448 2203 1592 2277 secunde
1619 2203 1715 2298 geni-

164 2319 221 2390 tus
247 2316 339 2392 enim
366 2338 448 2402 suus
475 2319 664 2410 Beleslaus,
693 2319 772 2392 dum
799 2343 859 2414 pre
887 2320 1012 2394 militia
1035 2322 1267 2413 consequenda
1293 2344 1367 2396 eras
1393 2324 1428 2398 et
1455 2323 1608 2417 regiones
1634 2323 1716 2398 visi·

157 2439 301 2512 vtatrurus
327 2460 363 2514 se
390 2443 633 2545 praeparasset,
670 2439 922 2534 Quintcdecime
958 2442 1179 2518 Calendarum
1215 2442 1364 2538 Augusti
1400 2443 1504 2532 ebiit;
1542 2445 1717 2520 Gunradus

166 2558 280 2635 lertio
307 2561 422 2635 Nonus
448 2561 551 2653 Iunii,
580 2564 616 2636 et
642 2562 810 2638 Iohannes
836 2563 940 2638 Sexte
967 2564 1049 2638 Idus
1075 2564 1191 2640 Martii
1218 2564 1300 2638 fatis
1327 2565 1509 2660 absumpti.
1538 2567 1623 2640 Erat
1650 2566 1717 2640 ita·

167 2703 231 2772 que
256 2681 427 2758 Henricus
454 2705 529 2759 cum
556 2685 661 2758 barba
687 2707 754 2758 nen
781 2685 890 2758 selum
925 2686 1113 2759 Ducetuum
1151 2686 1311 2761 Peleniae
1346 2709 1367 2761 a
1397 2689 1493 2781 patre
1525 2687 1719 2762 relictorum

167 2802 369 2898 integritate
395 2805 607 2899 conspicuus,
636 2805 695 2879 secl
721 2805 1028 2901 etiamsplenclidc
1046 2809 1081 2882 et
1099 2829 1174 2882 rare
1192 2808 1347 2903 coniugio
1374 2809 1539 2903 Hadrigis
1556 2807 1719 2886 censentis

168 2945 257 3014 suae,
278 2924 370 3000 tiliae
387 2927 564 3002 Bertheldi
592 2926 804 3020 Meraniaeb
830 2928 946 3019 Ducis,
962 2929 1110 3003 famosus
1128 2929 1170 3023 ¹⁰)
1197 2932 1232 3006 et
1255 2930 1377 3020 clarus,
1407 2953 1493 3022 quae
1512 2931 1718 3005 admirandis

167 3045 234 3120 iam
261 3049 345 3122 tunc
371 3048 511 3143 fulgens
536 3048 731 3139 uirtutibus,
760 3049 955 3124 sanctitatis
981 3072 1062 3124 suae
1089 3050 1189 3126 decus
1215 3053 1317 3146 lenge
1339 3052 1476 3145 lateque
1494 3051 1719 3128 diffundebat.

271 3168 452 3244 Ladislaus
478 3169 678 3265 Hungariae
704 3171 790 3262 Rex,
828 3193 904 3245 curn
939 3172 1063 3266 exiguo
1095 3175 1244 3266 tempere
1271 3176 1460 3266 regnasset,
1498 3175 1612 3250 Nonas
1638 3173 1720 3253 Maii

169 3290 332 3380 mertum,
360 3289 397 3364 in
424 3289 514 3364 hlbu
539 3291 663 3385 Itegali
690 3291 854 3388 sepelitur
874 3292 928 3387 ΙΙ);.
957 3294 1038 3366 Post
1065 3293 1160 3367 cuius
1187 3294 1315 3369 ebitum
1333 3292 1487 3370 Andreas
1507 3294 1599 3368 filius
1617 3297 1720 3370 Belae

168 3411 262 3488 tertii
294 3412 438 3506 adeptus
455 3415 509 3487 est
526 3413 696 3508 Regnum,
725 3414 760 3487 in
784 3415 837 3488 die
856 3415 1070 3490 Pentecosten
1097 3416 1211 3492 farere
1238 3416 1386 3491 omniurn
1415 3417 1603 3492 cernuatus.
1631 3417 1721 3490 Huic

169 3535 241 3608 erat
268 3534 416 3610 coniunx
443 3532 619 3610 Gertrudis
645 3535 720 3610 filia
736 3536 913 3610 Bertheldi
942 3536 1110 3611 Meraniae
1131 3536 1175 3630 η)
1201 3538 1316 3629 Ducis,
1346 3560 1438 3612 seror
1455 3560 1617 3633 germana
1635 3538 1719 3612 San·

170 3657 243 3730 ctae
269 3655 447 3750 Hadrigis,
476 3656 517 3731 de
544 3679 611 3748 qua
637 3659 708 3732 tres
733 3656 834 3748 filies,
872 3658 1030 3734 uidelicet
1065 3659 1195 3750 Belum,
1233 3659 1448 3734 Onlemanum
1475 3663 1511 3735 et
1536 3659 1718 3751 Andream,

170 3779 204 3850 et
229 3799 332 3861 unam
359 3777 478 3868 tiliam,
506 3777 664 3854 uidelicet
690 3781 824 3856 beatam
851 3780 1028 3854 Elisabeth
1056 3780 1227 3875 produxit.

621 4084 829 4200 ANNUS
865 4087 1089 4200 DOMINI
1125 4085 1273 4203 1202..

170 4331 373 4423 mensnram
401 4351 464 4404 nnn
491 4335 681 4425 praeualens
709 4339 824 4408 centra
851 4337 945 4408 helen
973 4337 1130 4412 bernuum
1166 4335 1337 4429 quicquam
1375 4333 1414 4409 ie
1442 4354 1503 4410 sua
1530 4335 1572 4410 ad
1598 4339 1722 4413 henan-

172 4454 277 4526 chiam
303 4453 532 4545 restitutione,
559 4455 676 4528 itemrn
703 4457 744 4530 ub
772 4457 890 4529 llclcrm
917 4459 1026 4530 emnia
1062 4459 1218 4550 impetret
1252 4465 1286 4531 ct
1311 4463 1349 4530 ut
1376 4459 1527 4532 llicnlaus
1554 4461 1723 4551 palatinus

171 4573 396 4648 bracariensis
414 4576 447 4647 in
465 4576 600 4648 exilium
627 4578 779 4650 mittatur
805 4579 949 4650 attinet:
977 4580 1031 4670 qui
1051 4577 1092 4651 ab
1112 4579 1245 4650 euntem
1266 4581 1402 4670 lugiens,
1430 4581 1536 4672 ipsum
1555 4581 1596 4653 nl
1615 4583 1721 4654 emnia

171 4695 306 4769 reducit.
341 4697 381 4770 Et
406 4699 608 4788 trecanum
635 4699 772 4771 helenae
799 4701 962 4791 premissa
990 4720 1052 4771 nen
1080 4719 1226 4790 semeae,
1252 4701 1419 4773 lislicianr
1448 4701 1599 4794 oppidum
1627 4704 1724 4796 capit

741 4820 875 4898 tannen
902 4821 991 4894 breui
1017 4821 1161 4918 mreritur.

273 4987 484 5066 cracoviensi
510 4991 708 5086 Principatu
744 4994 953 5088 Mpecaslaus
989 4995 1101 5070 Senex
1137 4994 1276 5070 Maioris
1320 4994 1479 5070 Peleniae
1514 4995 1592 5069 Dux
1627 4995 1724 5090 gravi

280 5181 307 5261 ¹)
329 5183 412 5256 Papa
433 5183 511 5244 deest
532 5185 568 5245 in
594 5182 665 5244 Occi.
687 5181 761 5246 Asel.
799 5182 825 5262 9)
848 5184 889 5244 Et
910 5191 978 5260 pest
999 5203 1109 5260 peuces
1133 5187 1192 5246 Ed.
1216 5187 1310 5246 Dobr.
1350 5183 1379 5262 ³)
1401 5187 1531 5247 Lubensi
1554 5187 1613 5248 Ed.
1636 5187 1723 5262 Lips.

177 5281 207 5369 ⁴)
225 5287 390 5362 Adleydnm
415 5286 487 5348 Occi.
502 5289 595 5349 Rcsr.
636 5285 662 5367 ὅ)
685 5291 837 5364 coniugem
860 5291 919 5350 Ed.
944 5291 1040 5353 chr.
1080 5288 1107 5370 6)
1130 5293 1260 5365 suscepit
1286 5290 1356 5351 (iod.
1380 5292 1472 5350 Rosr.
1514 5287 1540 5366 ⁷)
1562 5291 1726 5365 Adleydam

177 5389 247 5452 (led.
269 5393 363 5454 Rcsr.
403 5389 583 5470 ⁸)Lubenni
608 5392 678 5456 occ.
702 5395 795 5454 Rosr.
828 5391 857 5473 9)
879 5395 1034 5456 Bertheldi
1056 5396 1207 5456 Mercviae
1230 5396 1290 5456 Ed.
1313 5395 1407 5456 chr.
1441 5392 1482 5472 ¹⁰)
1506 5396 1631 5457 celebris
1653 5395 1725 5458 006.

176 5496 268 5558 Rcsr.
311 5494 353 5575 ¹¹)
376 5498 518 5572 sepultus.
541 5497 601 5560 Ec.
625 5498 719 5560 Debr.
762 5495 1234 5576 ¹²)Barch0mrn10rnucemc.
1257 5499 1351 5580 chr.
1628 5563 1631 5570 ,
1659 5565 1663 5572 ,

225 5614 246 5658 ι.
259 5613 352 5668 urna.
367 5613 452 5658 usar.
467 5615 546 5660 norm.
560 5615 586 5660 r.
600 5616 632 5660 11.
1538 5623 1568 5674 au
