<?xml version="1.0" encoding="UTF-8"?>
<!DOCTYPE html PUBLIC "-//W3C//DTD XHTML 1.0 Transitional//EN"
    "http://www.w3.org/TR/xhtml1/DTD/xhtml1-transitional.dtd">
<html xmlns="http://www.w3.org/1999/xhtml" xml:lang="en" lang="en">
 <head>
  <title>
</title>
<meta http-equiv="Content-Type" content="text/html;charset=utf-8" />
  <meta name='ocr-system' content='tesseract 3.04.00' />
  <meta name='ocr-capabilities' content='ocr_page ocr_carea ocr_par ocr_line ocrx_word'/>
</head>
<body>
  <div class='ocr_page' id='page_1' title='image "./operaomnia02paulgoog_0249.png"; bbox 0 0 4172 6278; ppageno 0'>
   <div class='ocr_carea' id='block_1_1' title="bbox 129 563 1702 664">
    <p class='ocr_par' dir='ltr' id='par_1_1' title="bbox 129 563 1702 664">
     <span class='ocr_line' id='line_1_1' title="bbox 129 563 1702 664; baseline 0.001 -18"><span class='ocrx_word' id='word_1_1' title='bbox 129 563 214 664; x_wconf 82' lang='grc' dir='ltr'><strong>.(Α.</strong></span> <span class='ocrx_word' id='word_1_2' title='bbox 231 563 283 644; x_wconf 81' lang='lat' dir='ltr'><strong>D.</strong></span> <span class='ocrx_word' id='word_1_3' title='bbox 302 565 424 663; x_wconf 77' lang='lat'>12³0.)</span> <span class='ocrx_word' id='word_1_4' title='bbox 779 591 892 646; x_wconf 80' lang='lat' dir='ltr'><strong>amna</strong></span> <span class='ocrx_word' id='word_1_5' title='bbox 917 590 1071 646; x_wconf 79' lang='lat' dir='ltr'><strong>sexsus.</strong></span> <span class='ocrx_word' id='word_1_6' title='bbox 1628 573 1702 649; x_wconf 81' lang='lat'><strong>233.</strong></span> 
     </span>
    </p>
   </div>
   <div class='ocr_carea' id='block_1_2' title="bbox 151 895 1707 1238">
    <p class='ocr_par' dir='ltr' id='par_1_2' title="bbox 151 895 1707 1238">
     <span class='ocr_line' id='line_1_2' title="bbox 151 895 1707 995; baseline 0.004 -23"><span class='ocrx_word' id='word_1_7' title='bbox 151 895 320 976; x_wconf 75' lang='lat' dir='ltr'><strong>henredus</strong></span> <span class='ocrx_word' id='word_1_8' title='bbox 346 898 512 976; x_wconf 76' lang='lat' dir='ltr'><strong>luerim</strong></span> <span class='ocrx_word' id='word_1_9' title='bbox 537 899 610 974; x_wconf 79' lang='lat' dir='ltr'><strong>bur</strong></span> <span class='ocrx_word' id='word_1_10' title='bbox 637 917 657 974; x_wconf 82' lang='lat' dir='ltr'><strong>a</strong></span> <span class='ocrx_word' id='word_1_11' title='bbox 684 900 854 976; x_wconf 76' lang='lat' dir='ltr'><strong>luthorio</strong></span> <span class='ocrx_word' id='word_1_12' title='bbox 881 902 1068 992; x_wconf 80' lang='lat' dir='ltr'><strong>lacessitur,</strong></span> <span class='ocrx_word' id='word_1_13' title='bbox 1094 906 1193 978; x_wconf 80' lang='lat' dir='ltr'><strong>rorat</strong></span> <span class='ocrx_word' id='word_1_14' title='bbox 1221 902 1403 978; x_wconf 75' lang='lat' dir='ltr'><strong>dubitator</strong></span> <span class='ocrx_word' id='word_1_15' title='bbox 1421 904 1456 980; x_wconf 85' lang='lat' dir='ltr'><strong>ot</strong></span> <span class='ocrx_word' id='word_1_16' title='bbox 1474 901 1552 980; x_wconf 82' lang='lat' dir='ltr'><strong>illos</strong></span> <span class='ocrx_word' id='word_1_17' title='bbox 1570 902 1707 995; x_wconf 75' lang='lat' dir='ltr'><strong>primun</strong></span> 
     </span>
     <span class='ocr_line' id='line_1_3' title="bbox 152 1019 1707 1115; baseline 0.004 -21"><span class='ocrx_word' id='word_1_18' title='bbox 152 1019 186 1094; x_wconf 85' lang='grc' dir='ltr'><strong>Ιι</strong></span> <span class='ocrx_word' id='word_1_19' title='bbox 211 1019 351 1100; x_wconf 75' lang='lat' dir='ltr'><strong>uoluta</strong></span> <span class='ocrx_word' id='word_1_20' title='bbox 377 1022 485 1115; x_wconf 59' lang='lat' dir='ltr'><strong>lucau</strong></span> <span class='ocrx_word' id='word_1_21' title='bbox 512 1026 629 1115; x_wconf 81' lang='lat' dir='ltr'><strong>poetar</strong></span> <span class='ocrx_word' id='word_1_22' title='bbox 656 1041 733 1098; x_wconf 84' lang='lat' dir='ltr'><strong>raro</strong></span> <span class='ocrx_word' id='word_1_23' title='bbox 761 1023 965 1100; x_wconf 74' lang='lat' dir='ltr'><strong>hulmensem</strong></span> <span class='ocrx_word' id='word_1_24' title='bbox 992 1027 1027 1097; x_wconf 86' lang='lat' dir='ltr'><strong>ot</strong></span> <span class='ocrx_word' id='word_1_25' title='bbox 1052 1024 1297 1100; x_wconf 76' lang='lat' dir='ltr'><strong>lubavicnscn</strong></span> <span class='ocrx_word' id='word_1_26' title='bbox 1322 1027 1445 1115; x_wconf 76' lang='lat' dir='ltr'><strong>barre,</strong></span> <span class='ocrx_word' id='word_1_27' title='bbox 1473 1022 1574 1100; x_wconf 75' lang='lat' dir='ltr'><strong>cuais</strong></span> <span class='ocrx_word' id='word_1_28' title='bbox 1602 1023 1707 1104; x_wconf 87' lang='lat' dir='ltr'><strong>eondi-</strong></span> 
     </span>
     <span class='ocr_line' id='line_1_4' title="bbox 265 1143 1595 1238; baseline 0.005 -22"><span class='ocrx_word' id='word_1_29' title='bbox 265 1143 412 1222; x_wconf 80' lang='lat' dir='ltr'><strong>tioailor</strong></span> <span class='ocrx_word' id='word_1_30' title='bbox 438 1161 495 1236; x_wconf 84' lang='lat' dir='ltr'><strong>por</strong></span> <span class='ocrx_word' id='word_1_31' title='bbox 521 1163 580 1219; x_wconf 80' lang='lat' dir='ltr'><strong>aar</strong></span> <span class='ocrx_word' id='word_1_32' title='bbox 607 1163 672 1220; x_wconf 84' lang='lat' dir='ltr'><strong>rou</strong></span> <span class='ocrx_word' id='word_1_33' title='bbox 699 1145 851 1238; x_wconf 76' lang='lat' dir='ltr'><strong>serratis,</strong></span> <span class='ocrx_word' id='word_1_34' title='bbox 878 1145 980 1222; x_wconf 83' lang='lat' dir='ltr'><strong>doust</strong></span> <span class='ocrx_word' id='word_1_35' title='bbox 1006 1165 1080 1222; x_wconf 85' lang='lat' dir='ltr'><strong>cun</strong></span> <span class='ocrx_word' id='word_1_36' title='bbox 1107 1145 1251 1222; x_wconf 82' lang='lat' dir='ltr'><strong>maximo</strong></span> <span class='ocrx_word' id='word_1_37' title='bbox 1278 1147 1470 1222; x_wconf 74' lang='lat' dir='ltr'><strong>dolenorum</strong></span> <span class='ocrx_word' id='word_1_38' title='bbox 1497 1147 1595 1222; x_wconf 85' lang='lat' dir='ltr'><strong>nalo.</strong></span> 
     </span>
    </p>
   </div>
   <div class='ocr_carea' id='block_1_3' title="bbox 152 1384 1803 2218">
    <p class='ocr_par' dir='ltr' id='par_1_3' title="bbox 152 1384 1803 2218">
     <span class='ocr_line' id='line_1_5' title="bbox 256 1384 1705 1484; baseline 0.001 -22"><span class='ocrx_word' id='word_1_39' title='bbox 256 1384 413 1464; x_wconf 89' lang='lat' dir='ltr'><strong>Prussiae</strong></span> <span class='ocrx_word' id='word_1_40' title='bbox 440 1385 576 1483; x_wconf 92' lang='lat' dir='ltr'><strong>populis</strong></span> <span class='ocrx_word' id='word_1_41' title='bbox 602 1385 638 1462; x_wconf 92' lang='lat' dir='ltr'><strong>in</strong></span> <span class='ocrx_word' id='word_1_42' title='bbox 665 1387 823 1483; x_wconf 79' lang='lat' dir='ltr'>Regnum</span> <span class='ocrx_word' id='word_1_43' title='bbox 850 1387 1008 1466; x_wconf 88' lang='lat' dir='ltr'><strong>Poloniae</strong></span> <span class='ocrx_word' id='word_1_44' title='bbox 1035 1387 1244 1464; x_wconf 76' lang='lat' dir='ltr'><strong>barbaricam</strong></span> <span class='ocrx_word' id='word_1_45' title='bbox 1278 1387 1449 1466; x_wconf 85' lang='lat' dir='ltr'><strong>feritatem</strong></span> <span class='ocrx_word' id='word_1_46' title='bbox 1485 1410 1545 1484; x_wconf 90' lang='lat' dir='ltr'><strong>per</strong></span> <span class='ocrx_word' id='word_1_47' title='bbox 1571 1388 1705 1464; x_wconf 89' lang='lat' dir='ltr'><strong>clande-</strong></span> 
     </span>
     <span class='ocr_line' id='line_1_6' title="bbox 152 1505 1708 1606; baseline 0.004 -26"><span class='ocrx_word' id='word_1_48' title='bbox 152 1505 264 1584; x_wconf 87' lang='lat' dir='ltr'><strong>stinas</strong></span> <span class='ocrx_word' id='word_1_49' title='bbox 291 1508 327 1584; x_wconf 89' lang='lat' dir='ltr'><strong>et</strong></span> <span class='ocrx_word' id='word_1_50' title='bbox 353 1507 484 1586; x_wconf 86' lang='lat' dir='ltr'><strong>subitas</strong></span> <span class='ocrx_word' id='word_1_51' title='bbox 509 1508 701 1586; x_wconf 78' lang='lat' dir='ltr'><strong>invasiones</strong></span> <span class='ocrx_word' id='word_1_52' title='bbox 727 1511 763 1586; x_wconf 90' lang='lat' dir='ltr'><strong>et</strong></span> <span class='ocrx_word' id='word_1_53' title='bbox 789 1509 955 1604; x_wconf 89' lang='lat' dir='ltr'><strong>incendia,</strong></span> <span class='ocrx_word' id='word_1_54' title='bbox 984 1510 1267 1604; x_wconf 86' lang='lat' dir='ltr'><strong>abductioneeque</strong></span> <span class='ocrx_word' id='word_1_55' title='bbox 1294 1532 1514 1606; x_wconf 91' lang='lat' dir='ltr'><strong>personarum</strong></span> <span class='ocrx_word' id='word_1_56' title='bbox 1531 1509 1708 1602; x_wconf 88' lang='lat' dir='ltr'><strong>utriusque</strong></span> 
     </span>
     <span class='ocr_line' id='line_1_7' title="bbox 152 1629 1707 1728; baseline 0.001 -22"><span class='ocrx_word' id='word_1_57' title='bbox 152 1651 256 1707; x_wconf 82' lang='lat' dir='ltr'><strong>sexus</strong></span> <span class='ocrx_word' id='word_1_58' title='bbox 282 1629 320 1706; x_wconf 93' lang='lat' dir='ltr'><strong>in</strong></span> <span class='ocrx_word' id='word_1_59' title='bbox 345 1630 544 1708; x_wconf 83' lang='lat' dir='ltr'><strong>seruitutem</strong></span> <span class='ocrx_word' id='word_1_60' title='bbox 580 1634 789 1728; x_wconf 86' lang='lat' dir='ltr'><strong>perpetuam,</strong></span> <span class='ocrx_word' id='word_1_61' title='bbox 827 1633 1068 1726; x_wconf 84' lang='lat' dir='ltr'><strong>evomentibus,</strong></span> <span class='ocrx_word' id='word_1_62' title='bbox 1107 1633 1283 1710; x_wconf 78' lang='lat' dir='ltr'><strong>Ounradue</strong></span> <span class='ocrx_word' id='word_1_63' title='bbox 1318 1632 1487 1710; x_wconf 83' lang='lat' dir='ltr'><strong>hlasoviae</strong></span> <span class='ocrx_word' id='word_1_64' title='bbox 1512 1634 1603 1725; x_wconf 88' lang='lat' dir='ltr'><strong>Dux,</strong></span> <span class='ocrx_word' id='word_1_65' title='bbox 1632 1655 1707 1708; x_wconf 91' lang='lat' dir='ltr'><strong>cnm</strong></span> 
     </span>
     <span class='ocr_line' id='line_1_8' title="bbox 152 1753 1803 1850; baseline 0 -20"><span class='ocrx_word' id='word_1_66' title='bbox 152 1753 263 1830; x_wconf 79' lang='lat' dir='ltr'><strong>terras</strong></span> <span class='ocrx_word' id='word_1_67' title='bbox 288 1773 368 1832; x_wconf 88' lang='lat' dir='ltr'><strong>suus</strong></span> <span class='ocrx_word' id='word_1_68' title='bbox 394 1753 535 1831; x_wconf 87' lang='lat' dir='ltr'><strong>heberet</strong></span> <span class='ocrx_word' id='word_1_69' title='bbox 562 1776 639 1831; x_wconf 90' lang='lat' dir='ltr'><strong>cum</strong></span> <span class='ocrx_word' id='word_1_70' title='bbox 665 1755 792 1832; x_wconf 88' lang='lat' dir='ltr'><strong>eisdem</strong></span> <span class='ocrx_word' id='word_1_71' title='bbox 819 1754 970 1832; x_wconf 89' lang='lat' dir='ltr'><strong>barbaris</strong></span> <span class='ocrx_word' id='word_1_72' title='bbox 996 1755 1125 1832; x_wconf 87' lang='lat' dir='ltr'><strong>uicinas</strong></span> <span class='ocrx_word' id='word_1_73' title='bbox 1151 1757 1187 1832; x_wconf 89' lang='lat' dir='ltr'><strong>et</strong></span> <span class='ocrx_word' id='word_1_74' title='bbox 1209 1756 1443 1848; x_wconf 74' lang='lat' dir='ltr'><strong>conterminae,</strong></span> <span class='ocrx_word' id='word_1_75' title='bbox 1472 1753 1709 1850; x_wconf 84' lang='lat' dir='ltr'><strong>multipliciter</strong></span> <span class='ocrx_word' id='word_1_76' title='bbox 1799 1760 1803 1766; x_wconf 84' lang='grc'><em>“</em></span> 
     </span>
     <span class='ocr_line' id='line_1_9' title="bbox 152 1875 1710 1973; baseline 0.001 -23"><span class='ocrx_word' id='word_1_77' title='bbox 152 1877 317 1970; x_wconf 84' lang='lat' dir='ltr'><strong>grauatus</strong></span> <span class='ocrx_word' id='word_1_78' title='bbox 343 1877 379 1952; x_wconf 91' lang='lat' dir='ltr'><strong>et</strong></span> <span class='ocrx_word' id='word_1_79' title='bbox 404 1875 566 1970; x_wconf 78' lang='lat' dir='ltr'><strong>afflictus,</strong></span> <span class='ocrx_word' id='word_1_80' title='bbox 604 1879 733 1973; x_wconf 86' lang='lat' dir='ltr'><strong>septem</strong></span> <span class='ocrx_word' id='word_1_81' title='bbox 768 1879 907 1954; x_wconf 80' lang='lat' dir='ltr'><strong>Fratres</strong></span> <span class='ocrx_word' id='word_1_82' title='bbox 933 1878 1119 1954; x_wconf 79' lang='lat' dir='ltr'><strong>cruciferos</strong></span> <span class='ocrx_word' id='word_1_83' title='bbox 1149 1878 1197 1958; x_wconf 87' lang='lat' dir='ltr'><strong>de</strong></span> <span class='ocrx_word' id='word_1_84' title='bbox 1232 1879 1328 1954; x_wconf 94' lang='lat' dir='ltr'><strong>domo</strong></span> <span class='ocrx_word' id='word_1_85' title='bbox 1364 1876 1548 1954; x_wconf 74' lang='lat' dir='ltr'><strong>abablius</strong></span> <span class='ocrx_word' id='word_1_86' title='bbox 1583 1875 1710 1954; x_wconf 88' lang='lat' dir='ltr'><strong>ordinis</strong></span> 
     </span>
     <span class='ocr_line' id='line_1_10' title="bbox 153 1997 1725 2096; baseline 0 -24"><span class='ocrx_word' id='word_1_87' title='bbox 153 1997 272 2074; x_wconf 82' lang='lat' dir='ltr'><strong>Sancti</strong></span> <span class='ocrx_word' id='word_1_88' title='bbox 299 1998 480 2094; x_wconf 86' lang='lat' dir='ltr'><strong>Sepulchri</strong></span> <span class='ocrx_word' id='word_1_89' title='bbox 506 1999 673 2076; x_wconf 89' lang='lat' dir='ltr'><strong>Dorninioi</strong></span> <span class='ocrx_word' id='word_1_90' title='bbox 700 2000 1014 2096; x_wconf 81' lang='lat' dir='ltr'><strong>Hierosolymitaui,</strong></span> <span class='ocrx_word' id='word_1_91' title='bbox 1043 2023 1184 2094; x_wconf 89' lang='lat' dir='ltr'><strong>quorum</strong></span> <span class='ocrx_word' id='word_1_92' title='bbox 1211 2001 1428 2076; x_wconf 89' lang='lat' dir='ltr'><strong>Hermannus</strong></span> <span class='ocrx_word' id='word_1_93' title='bbox 1445 2001 1555 2076; x_wconf 89' lang='lat' dir='ltr'><strong>Balla</strong></span> <span class='ocrx_word' id='word_1_94' title='bbox 1573 1999 1614 2075; x_wconf 90' lang='lat' dir='ltr'><strong>de</strong></span> <span class='ocrx_word' id='word_1_95' title='bbox 1633 1999 1725 2076; x_wconf 81' lang='lat' dir='ltr'><strong>Sal--</strong></span> 
     </span>
     <span class='ocr_line' id='line_1_11' title="bbox 153 2119 1783 2218; baseline 0.002 -26"><span class='ocrx_word' id='word_1_96' title='bbox 153 2139 213 2194; x_wconf 84' lang='lat' dir='ltr'><strong>cna</strong></span> <span class='ocrx_word' id='word_1_97' title='bbox 232 2119 256 2214; x_wconf 88' lang='lat'><strong>¹)</strong></span> <span class='ocrx_word' id='word_1_98' title='bbox 285 2119 497 2216; x_wconf 78' lang='lat' dir='ltr'><strong>primicerius</strong></span> <span class='ocrx_word' id='word_1_99' title='bbox 523 2123 560 2198; x_wconf 91' lang='lat' dir='ltr'><strong>et</strong></span> <span class='ocrx_word' id='word_1_100' title='bbox 585 2122 751 2218; x_wconf 83' lang='lat' dir='ltr'><strong>Magister</strong></span> <span class='ocrx_word' id='word_1_101' title='bbox 785 2123 984 2215; x_wconf 90' lang='lat' dir='ltr'><strong>habebatur,</strong></span> <span class='ocrx_word' id='word_1_102' title='bbox 1021 2123 1057 2198; x_wconf 92' lang='lat' dir='ltr'><strong>in</strong></span> <span class='ocrx_word' id='word_1_103' title='bbox 1085 2123 1138 2196; x_wconf 87' lang='lat' dir='ltr'><strong>sui</strong></span> <span class='ocrx_word' id='word_1_104' title='bbox 1165 2123 1326 2198; x_wconf 89' lang='lat' dir='ltr'><strong>solatium</strong></span> <span class='ocrx_word' id='word_1_105' title='bbox 1341 2123 1369 2218; x_wconf 78' lang='lat'><strong>²)</strong></span> <span class='ocrx_word' id='word_1_106' title='bbox 1405 2146 1448 2199; x_wconf 88' lang='lat' dir='ltr'><strong>cx</strong></span> <span class='ocrx_word' id='word_1_107' title='bbox 1484 2120 1643 2198; x_wconf 72' lang='lat' dir='ltr'><strong>almania</strong></span> <span class='ocrx_word' id='word_1_108' title='bbox 1669 2122 1710 2197; x_wconf 90' lang='lat' dir='ltr'><strong>de</strong></span> <span class='ocrx_word' id='word_1_109' title='bbox 1779 2201 1783 2206; x_wconf 70' lang='grc'><strong>,</strong></span> 
     </span>
    </p>
   </div>
   <div class='ocr_carea' id='block_1_4' title="bbox 1 2240 1709 2585">
    <p class='ocr_par' dir='ltr' id='par_1_4' title="bbox 1 2240 1709 2585">
     <span class='ocr_line' id='line_1_12' title="bbox 1 2240 1706 2360; baseline 0.002 -45"><span class='ocrx_word' id='word_1_110' title='bbox 1 2323 2 2360; x_wconf 23' lang='grc' dir='ltr'>ᾗ</span> <span class='ocrx_word' id='word_1_111' title='bbox 152 2240 295 2318; x_wconf 90' lang='lat' dir='ltr'><strong>consilio</strong></span> <span class='ocrx_word' id='word_1_112' title='bbox 316 2241 514 2318; x_wconf 68' lang='lat' dir='ltr'><strong>*Obrietiani</strong></span> <span class='ocrx_word' id='word_1_113' title='bbox 549 2243 699 2340; x_wconf 87' lang='lat' dir='ltr'><strong>episcopi</strong></span> <span class='ocrx_word' id='word_1_114' title='bbox 734 2244 934 2336; x_wconf 86' lang='lat' dir='ltr'><strong>(lulmensie,</strong></span> <span class='ocrx_word' id='word_1_115' title='bbox 972 2244 1035 2320; x_wconf 86' lang='lat' dir='ltr'><strong>viri</strong></span> <span class='ocrx_word' id='word_1_116' title='bbox 1074 2244 1226 2339; x_wconf 83' lang='lat' dir='ltr'><strong>religiosi</strong></span> <span class='ocrx_word' id='word_1_117' title='bbox 1261 2245 1301 2319; x_wconf 89' lang='lat' dir='ltr'><strong>de</strong></span> <span class='ocrx_word' id='word_1_118' title='bbox 1328 2244 1443 2320; x_wconf 90' lang='lat' dir='ltr'><strong>ordine</strong></span> <span class='ocrx_word' id='word_1_119' title='bbox 1480 2243 1706 2332; x_wconf 72' lang='lat' dir='ltr'><strong>cisterciensi,</strong></span> 
     </span>
     <span class='ocr_line' id='line_1_13' title="bbox 1 2363 1708 2460; baseline 0.004 -26"><span class='ocrx_word' id='word_1_120' title='bbox 1 2389 2 2434; x_wconf 66' lang='lat'>³</span> <span class='ocrx_word' id='word_1_121' title='bbox 152 2363 321 2441; x_wconf 70' lang='lat' dir='ltr'><strong>acontio.</strong></span> <span class='ocrx_word' id='word_1_122' title='bbox 349 2365 390 2440; x_wconf 91' lang='lat' dir='ltr'><strong>ln</strong></span> <span class='ocrx_word' id='word_1_123' title='bbox 419 2364 578 2460; x_wconf 90' lang='lat' dir='ltr'><strong>primario</strong></span> <span class='ocrx_word' id='word_1_124' title='bbox 613 2388 745 2460; x_wconf 89' lang='lat' dir='ltr'><strong>quoque</strong></span> <span class='ocrx_word' id='word_1_125' title='bbox 771 2389 886 2442; x_wconf 87' lang='lat' dir='ltr'><strong>eorum</strong></span> <span class='ocrx_word' id='word_1_126' title='bbox 913 2366 1059 2442; x_wconf 85' lang='lat' dir='ltr'><strong>aduentu</strong></span> <span class='ocrx_word' id='word_1_127' title='bbox 1092 2366 1127 2439; x_wconf 93' lang='lat' dir='ltr'><strong>in</strong></span> <span class='ocrx_word' id='word_1_128' title='bbox 1154 2369 1264 2442; x_wconf 88' lang='lat' dir='ltr'><strong>castro</strong></span> <span class='ocrx_word' id='word_1_129' title='bbox 1290 2366 1449 2459; x_wconf 84' lang='lat' dir='ltr'><strong>Dobrnin,</strong></span> <span class='ocrx_word' id='word_1_130' title='bbox 1483 2388 1504 2440; x_wconf 93' lang='lat' dir='ltr'><strong>a</strong></span> <span class='ocrx_word' id='word_1_131' title='bbox 1531 2389 1597 2458; x_wconf 91' lang='lat' dir='ltr'><strong>quo</strong></span> <span class='ocrx_word' id='word_1_132' title='bbox 1623 2366 1708 2440; x_wconf 79' lang='lat' dir='ltr'><strong>Fra·</strong></span> 
     </span>
     <span class='ocr_line' id='line_1_14' title="bbox 1 2486 1709 2585; baseline 0.003 -27"><span class='ocrx_word' id='word_1_133' title='bbox 1 2527 2 2540; x_wconf 29' lang='lat' dir='ltr'><strong>a</strong></span> <span class='ocrx_word' id='word_1_134' title='bbox 153 2487 224 2562; x_wconf 87' lang='lat' dir='ltr'><strong>tres</strong></span> <span class='ocrx_word' id='word_1_135' title='bbox 251 2486 497 2564; x_wconf 84' lang='lat' dir='ltr'><strong>Dobrninonsse</strong></span> <span class='ocrx_word' id='word_1_136' title='bbox 523 2489 690 2584; x_wconf 90' lang='lat' dir='ltr'><strong>appellati</strong></span> <span class='ocrx_word' id='word_1_137' title='bbox 716 2491 809 2580; x_wconf 89' lang='lat' dir='ltr'><strong>sunt,</strong></span> <span class='ocrx_word' id='word_1_138' title='bbox 838 2489 929 2585; x_wconf 91' lang='lat' dir='ltr'><strong>ipsos</strong></span> <span class='ocrx_word' id='word_1_139' title='bbox 955 2490 1066 2578; x_wconf 88' lang='lat' dir='ltr'><strong>locat;</strong></span> <span class='ocrx_word' id='word_1_140' title='bbox 1103 2511 1259 2584; x_wconf 87' lang='lat' dir='ltr'><strong>processu</strong></span> <span class='ocrx_word' id='word_1_141' title='bbox 1285 2511 1362 2566; x_wconf 82' lang='lat' dir='ltr'><strong>uero</strong></span> <span class='ocrx_word' id='word_1_142' title='bbox 1388 2488 1551 2584; x_wconf 90' lang='lat' dir='ltr'><strong>temporis</strong></span> <span class='ocrx_word' id='word_1_143' title='bbox 1578 2488 1627 2564; x_wconf 92' lang='lat' dir='ltr'><strong>eis</strong></span> <span class='ocrx_word' id='word_1_144' title='bbox 1653 2510 1709 2564; x_wconf 89' lang='lat' dir='ltr'><strong>ca·</strong></span> 
     </span>
    </p>
   </div>
   <div class='ocr_carea' id='block_1_5' title="bbox 122 2608 1708 2707">
    <p class='ocr_par' dir='ltr' id='par_1_5' title="bbox 122 2608 1708 2707">
     <span class='ocr_line' id='line_1_15' title="bbox 122 2608 1708 2707; baseline -0.001 -24"><span class='ocrx_word' id='word_1_145' title='bbox 122 2608 264 2698; x_wconf 56' lang='lat' dir='ltr'><strong>,strum</strong></span> <span class='ocrx_word' id='word_1_146' title='bbox 290 2611 327 2684; x_wconf 89' lang='lat' dir='ltr'><strong>et</strong></span> <span class='ocrx_word' id='word_1_147' title='bbox 352 2609 513 2706; x_wconf 92' lang='lat' dir='ltr'><strong>oppidum</strong></span> <span class='ocrx_word' id='word_1_148' title='bbox 539 2611 724 2707; x_wconf 80' lang='lat' dir='ltr'><strong>Nyeschou</strong></span> <span class='ocrx_word' id='word_1_149' title='bbox 764 2633 840 2688; x_wconf 90' lang='lat' dir='ltr'><strong>cum</strong></span> <span class='ocrx_word' id='word_1_150' title='bbox 867 2611 962 2686; x_wconf 86' lang='lat' dir='ltr'><strong>uillis</strong></span> <span class='ocrx_word' id='word_1_151' title='bbox 997 2609 1190 2705; x_wconf 87' lang='lat' dir='ltr'><strong>hlurninou,</strong></span> <span class='ocrx_word' id='word_1_152' title='bbox 1229 2611 1338 2686; x_wconf 88' lang='lat' dir='ltr'><strong>Orlou</strong></span> <span class='ocrx_word' id='word_1_153' title='bbox 1365 2612 1502 2688; x_wconf 91' lang='lat' dir='ltr'><strong>etcum</strong></span> <span class='ocrx_word' id='word_1_154' title='bbox 1529 2608 1708 2685; x_wconf 86' lang='lat' dir='ltr'><strong>euisatti-</strong></span> 
     </span>
    </p>
   </div>
   <div class='ocr_carea' id='block_1_6' title="bbox 1 2729 1710 2951">
    <p class='ocr_par' dir='ltr' id='par_1_6' title="bbox 1 2729 1710 2951">
     <span class='ocr_line' id='line_1_16' title="bbox 1 2729 1710 2838; baseline -0.001 -30"><span class='ocrx_word' id='word_1_155' title='bbox 1 2805 2 2838; x_wconf 40' lang='lat'><strong>,</strong></span> <span class='ocrx_word' id='word_1_156' title='bbox 154 2729 283 2808; x_wconf 82' lang='lat' dir='ltr'><strong>montiis</strong></span> <span class='ocrx_word' id='word_1_157' title='bbox 309 2731 423 2825; x_wconf 79' lang='lat' dir='ltr'><strong>doust,</strong></span> <span class='ocrx_word' id='word_1_158' title='bbox 460 2731 609 2829; x_wconf 87' lang='lat' dir='ltr'><strong>largitur</strong></span> <span class='ocrx_word' id='word_1_159' title='bbox 643 2735 679 2810; x_wconf 91' lang='lat' dir='ltr'><strong>et</strong></span> <span class='ocrx_word' id='word_1_160' title='bbox 714 2732 905 2829; x_wconf 87' lang='lat' dir='ltr'><strong>consignat.</strong></span> <span class='ocrx_word' id='word_1_161' title='bbox 951 2732 1034 2808; x_wconf 82' lang='lat' dir='ltr'><strong>(ium</strong></span> <span class='ocrx_word' id='word_1_162' title='bbox 1062 2735 1177 2810; x_wconf 90' lang='lat' dir='ltr'><strong>autem</strong></span> <span class='ocrx_word' id='word_1_163' title='bbox 1212 2733 1345 2826; x_wconf 88' lang='lat' dir='ltr'><strong>aliquot</strong></span> <span class='ocrx_word' id='word_1_164' title='bbox 1380 2733 1535 2809; x_wconf 89' lang='lat' dir='ltr'><strong>secundis</strong></span> <span class='ocrx_word' id='word_1_165' title='bbox 1570 2731 1710 2828; x_wconf 88' lang='lat' dir='ltr'><strong>praeliis</strong></span> 
     </span>
     <span class='ocr_line' id='line_1_17' title="bbox 1 2851 1708 2951; baseline 0 -23"><span class='ocrx_word' id='word_1_166' title='bbox 1 2851 2 2910; x_wconf 64' lang='grc' dir='ltr'><em>ἒ</em></span> <span class='ocrx_word' id='word_1_167' title='bbox 155 2873 248 2945; x_wconf 89' lang='lat' dir='ltr'><strong>usus,</strong></span> <span class='ocrx_word' id='word_1_168' title='bbox 285 2852 525 2930; x_wconf 86' lang='lat' dir='ltr'><strong>adiuuantibus</strong></span> <span class='ocrx_word' id='word_1_169' title='bbox 549 2855 650 2930; x_wconf 92' lang='lat' dir='ltr'><strong>illum</strong></span> <span class='ocrx_word' id='word_1_170' title='bbox 676 2855 856 2931; x_wconf 72' lang='lat' dir='ltr'><strong>Fremitus</strong></span> <span class='ocrx_word' id='word_1_171' title='bbox 882 2855 1075 2946; x_wconf 69' lang='lat' dir='ltr'><strong>cruciferis,</strong></span> <span class='ocrx_word' id='word_1_172' title='bbox 1111 2857 1262 2951; x_wconf 87' lang='lat' dir='ltr'><strong>stragem</strong></span> <span class='ocrx_word' id='word_1_173' title='bbox 1297 2855 1472 2951; x_wconf 85' lang='lat' dir='ltr'><strong>ingentem</strong></span> <span class='ocrx_word' id='word_1_174' title='bbox 1499 2855 1535 2929; x_wconf 93' lang='lat' dir='ltr'><strong>in</strong></span> <span class='ocrx_word' id='word_1_175' title='bbox 1562 2854 1708 2930; x_wconf 90' lang='lat' dir='ltr'><strong>Pruthe·</strong></span> 
     </span>
    </p>
   </div>
   <div class='ocr_carea' id='block_1_7' title="bbox 135 2975 1713 4664">
    <p class='ocr_par' dir='ltr' id='par_1_7' title="bbox 135 2975 1713 4664">
     <span class='ocr_line' id='line_1_18' title="bbox 152 2975 1710 3073; baseline 0.001 -23"><span class='ocrx_word' id='word_1_176' title='bbox 152 2997 217 3050; x_wconf 87' lang='lat' dir='ltr'><strong>uos</strong></span> <span class='ocrx_word' id='word_1_177' title='bbox 244 2975 416 3070; x_wconf 79' lang='lat' dir='ltr'><strong>edidisset,</strong></span> <span class='ocrx_word' id='word_1_178' title='bbox 445 2977 600 3073; x_wconf 89' lang='lat' dir='ltr'><strong>precibus</strong></span> <span class='ocrx_word' id='word_1_179' title='bbox 626 2977 773 3053; x_wconf 87' lang='lat' dir='ltr'><strong>assiduis</strong></span> <span class='ocrx_word' id='word_1_180' title='bbox 798 2978 938 3055; x_wconf 90' lang='lat' dir='ltr'><strong>Henrioi</strong></span> <span class='ocrx_word' id='word_1_181' title='bbox 964 3000 1040 3054; x_wconf 87' lang='lat' dir='ltr'><strong>curu</strong></span> <span class='ocrx_word' id='word_1_182' title='bbox 1067 2980 1172 3054; x_wconf 88' lang='lat' dir='ltr'><strong>barba</strong></span> <span class='ocrx_word' id='word_1_183' title='bbox 1197 2977 1505 3054; x_wconf 77' lang='lat' dir='ltr'><strong>wratislaviensis·</strong></span> <span class='ocrx_word' id='word_1_184' title='bbox 1519 2977 1555 3053; x_wconf 89' lang='lat' dir='ltr'><strong>et</strong></span> <span class='ocrx_word' id='word_1_185' title='bbox 1581 2975 1710 3052; x_wconf 87' lang='lat' dir='ltr'><strong>Slesiae</strong></span> 
     </span>
     <span class='ocr_line' id='line_1_19' title="bbox 153 3097 1709 3196; baseline 0.001 -24"><span class='ocrx_word' id='word_1_186' title='bbox 153 3097 259 3174; x_wconf 90' lang='lat' dir='ltr'><strong>Ducis</strong></span> <span class='ocrx_word' id='word_1_187' title='bbox 286 3121 477 3194; x_wconf 89' lang='lat' dir='ltr'><strong>persuasus,</strong></span> <span class='ocrx_word' id='word_1_188' title='bbox 507 3101 547 3177; x_wconf 92' lang='lat' dir='ltr'><strong>de</strong></span> <span class='ocrx_word' id='word_1_189' title='bbox 574 3100 713 3177; x_wconf 90' lang='lat' dir='ltr'><strong>consilio</strong></span> <span class='ocrx_word' id='word_1_190' title='bbox 739 3101 903 3177; x_wconf 86' lang='lat' dir='ltr'><strong>consortis</strong></span> <span class='ocrx_word' id='word_1_191' title='bbox 929 3123 1010 3177; x_wconf 88' lang='lat' dir='ltr'><strong>suae</strong></span> <span class='ocrx_word' id='word_1_192' title='bbox 1037 3100 1200 3177; x_wconf 89' lang='lat' dir='ltr'><strong>Ducissae</strong></span> <span class='ocrx_word' id='word_1_193' title='bbox 1226 3099 1385 3196; x_wconf 82' lang='lat' dir='ltr'><strong>Agasiae,</strong></span> <span class='ocrx_word' id='word_1_194' title='bbox 1413 3102 1450 3176; x_wconf 90' lang='lat' dir='ltr'><strong>et</strong></span> <span class='ocrx_word' id='word_1_195' title='bbox 1467 3098 1614 3176; x_wconf 85' lang='lat' dir='ltr'><strong>liliorum</strong></span> <span class='ocrx_word' id='word_1_196' title='bbox 1633 3121 1709 3174; x_wconf 92' lang='lat' dir='ltr'><strong>euo-</strong></span> 
     </span>
     <span class='ocr_line' id='line_1_20' title="bbox 154 3221 1709 3320; baseline 0.001 -26"><span class='ocrx_word' id='word_1_197' title='bbox 154 3241 230 3294; x_wconf 90' lang='lat' dir='ltr'><strong>rum</strong></span> <span class='ocrx_word' id='word_1_198' title='bbox 257 3221 417 3314; x_wconf 88' lang='lat' dir='ltr'><strong>Boleslai,</strong></span> <span class='ocrx_word' id='word_1_199' title='bbox 454 3222 621 3298; x_wconf 82' lang='lat' dir='ltr'><strong>Karimiri</strong></span> <span class='ocrx_word' id='word_1_200' title='bbox 647 3224 682 3299; x_wconf 91' lang='lat' dir='ltr'><strong>et</strong></span> <span class='ocrx_word' id='word_1_201' title='bbox 709 3223 883 3316; x_wconf 80' lang='lat' dir='ltr'><strong>Samariti,</strong></span> <span class='ocrx_word' id='word_1_202' title='bbox 915 3245 977 3300; x_wconf 92' lang='lat' dir='ltr'><strong>nec</strong></span> <span class='ocrx_word' id='word_1_203' title='bbox 1003 3247 1070 3300; x_wconf 90' lang='lat' dir='ltr'><strong>nou</strong></span> <span class='ocrx_word' id='word_1_204' title='bbox 1098 3224 1326 3320; x_wconf 85' lang='lat' dir='ltr'><strong>praelatorum</strong></span> <span class='ocrx_word' id='word_1_205' title='bbox 1353 3224 1388 3300; x_wconf 91' lang='lat' dir='ltr'><strong>et</strong></span> <span class='ocrx_word' id='word_1_206' title='bbox 1415 3225 1576 3298; x_wconf 89' lang='lat' dir='ltr'><strong>baronum</strong></span> <span class='ocrx_word' id='word_1_207' title='bbox 1603 3224 1709 3298; x_wconf 82' lang='lat' dir='ltr'><strong>terra-</strong></span> 
     </span>
     <span class='ocr_line' id='line_1_21' title="bbox 154 3344 1708 3442; baseline 0.001 -25"><span class='ocrx_word' id='word_1_208' title='bbox 154 3364 231 3418; x_wconf 90' lang='lat' dir='ltr'><strong>rnm</strong></span> <span class='ocrx_word' id='word_1_209' title='bbox 257 3365 406 3438; x_wconf 90' lang='lat' dir='ltr'><strong>suarum,</strong></span> <span class='ocrx_word' id='word_1_210' title='bbox 435 3344 593 3423; x_wconf 83' lang='lat' dir='ltr'><strong>uidelicet</strong></span> <span class='ocrx_word' id='word_1_211' title='bbox 619 3345 765 3422; x_wconf 79' lang='lat' dir='ltr'><strong>Gunteri</strong></span> <span class='ocrx_word' id='word_1_212' title='bbox 800 3346 948 3442; x_wconf 88' lang='lat' dir='ltr'><strong>episcopi</strong></span> <span class='ocrx_word' id='word_1_213' title='bbox 984 3345 1186 3438; x_wconf 87' lang='lat' dir='ltr'><strong>Plocnensie,</strong></span> <span class='ocrx_word' id='word_1_214' title='bbox 1222 3345 1399 3422; x_wconf 86' lang='lat' dir='ltr'><strong>Michaelis</strong></span> <span class='ocrx_word' id='word_1_215' title='bbox 1426 3344 1573 3441; x_wconf 90' lang='lat' dir='ltr'><strong>episcopi</strong></span> <span class='ocrx_word' id='word_1_216' title='bbox 1600 3345 1708 3440; x_wconf 72' lang='lat' dir='ltr'><strong>(lupa-</strong></span> 
     </span>
     <span class='ocr_line' id='line_1_22' title="bbox 154 3464 1710 3565; baseline 0 -23"><span class='ocrx_word' id='word_1_217' title='bbox 154 3464 292 3558; x_wconf 85' lang='lat' dir='ltr'><strong>riansis,</strong></span> <span class='ocrx_word' id='word_1_218' title='bbox 320 3466 505 3544; x_wconf 75' lang='lat' dir='ltr'><strong>Christiani</strong></span> <span class='ocrx_word' id='word_1_219' title='bbox 540 3468 690 3565; x_wconf 90' lang='lat' dir='ltr'><strong>episcopi</strong></span> <span class='ocrx_word' id='word_1_220' title='bbox 723 3469 924 3562; x_wconf 77' lang='lat' dir='ltr'><strong>dulmensis,</strong></span> <span class='ocrx_word' id='word_1_221' title='bbox 957 3469 1117 3544; x_wconf 88' lang='lat' dir='ltr'><strong>Pakoelai</strong></span> <span class='ocrx_word' id='word_1_222' title='bbox 1144 3468 1285 3544; x_wconf 76' lang='lat' dir='ltr'><strong>dormitis</strong></span> <span class='ocrx_word' id='word_1_223' title='bbox 1311 3467 1572 3559; x_wconf 85' lang='lat' dir='ltr'><strong>Derenoviensis,</strong></span> <span class='ocrx_word' id='word_1_224' title='bbox 1602 3469 1710 3542; x_wconf 88' lang='lat' dir='ltr'><strong>terras</strong></span> 
     </span>
     <span class='ocr_line' id='line_1_23' title="bbox 135 3579 1709 3684; baseline 0.001 -23"><span class='ocrx_word' id='word_1_225' title='bbox 135 3579 386 3665; x_wconf 77' lang='lat' dir='ltr'><strong>&#39;dhelmensem</strong></span> <span class='ocrx_word' id='word_1_226' title='bbox 413 3591 448 3666; x_wconf 86' lang='lat' dir='ltr'><strong>at</strong></span> <span class='ocrx_word' id='word_1_227' title='bbox 475 3590 654 3668; x_wconf 83' lang='lat' dir='ltr'><strong>hubauiae</strong></span> <span class='ocrx_word' id='word_1_228' title='bbox 681 3591 772 3667; x_wconf 85' lang='lat' dir='ltr'><strong>infra</strong></span> <span class='ocrx_word' id='word_1_229' title='bbox 799 3590 917 3668; x_wconf 87' lang='lat' dir='ltr'><strong>fluuios</strong></span> <span class='ocrx_word' id='word_1_230' title='bbox 944 3592 1073 3684; x_wconf 89' lang='lat' dir='ltr'><strong>Ossam,</strong></span> <span class='ocrx_word' id='word_1_231' title='bbox 1102 3591 1317 3667; x_wconf 86' lang='lat' dir='ltr'><strong>Druancuam</strong></span> <span class='ocrx_word' id='word_1_232' title='bbox 1336 3592 1370 3666; x_wconf 89' lang='lat' dir='ltr'><strong>at</strong></span> <span class='ocrx_word' id='word_1_233' title='bbox 1388 3591 1542 3667; x_wconf 89' lang='lat' dir='ltr'><strong>Wrolam</strong></span> <span class='ocrx_word' id='word_1_234' title='bbox 1558 3588 1586 3683; x_wconf 79' lang='lat'><strong>³)</strong></span> <span class='ocrx_word' id='word_1_235' title='bbox 1613 3587 1709 3679; x_wconf 91' lang='lat' dir='ltr'><strong>sitas,</strong></span> 
     </span>
     <span class='ocr_line' id='line_1_24' title="bbox 155 3709 1710 3809; baseline 0.001 -25"><span class='ocrx_word' id='word_1_236' title='bbox 155 3709 192 3784; x_wconf 92' lang='lat' dir='ltr'><strong>in</strong></span> <span class='ocrx_word' id='word_1_237' title='bbox 219 3711 342 3806; x_wconf 90' lang='lat' dir='ltr'><strong>quibus</strong></span> <span class='ocrx_word' id='word_1_238' title='bbox 368 3712 502 3789; x_wconf 90' lang='lat' dir='ltr'><strong>barbari</strong></span> <span class='ocrx_word' id='word_1_239' title='bbox 529 3714 654 3809; x_wconf 85' lang='lat' dir='ltr'><strong>Rogou</strong></span> <span class='ocrx_word' id='word_1_240' title='bbox 681 3715 830 3789; x_wconf 86' lang='lat' dir='ltr'><strong>castrum</strong></span> <span class='ocrx_word' id='word_1_241' title='bbox 858 3717 893 3790; x_wconf 87' lang='lat' dir='ltr'><strong>et</strong></span> <span class='ocrx_word' id='word_1_242' title='bbox 920 3713 1079 3809; x_wconf 90' lang='lat' dir='ltr'><strong>oppidum</strong></span> <span class='ocrx_word' id='word_1_243' title='bbox 1107 3716 1142 3790; x_wconf 92' lang='lat' dir='ltr'><strong>et</strong></span> <span class='ocrx_word' id='word_1_244' title='bbox 1169 3713 1255 3788; x_wconf 89' lang='lat' dir='ltr'><strong>aliae</strong></span> <span class='ocrx_word' id='word_1_245' title='bbox 1287 3711 1491 3787; x_wconf 88' lang='lat' dir='ltr'><strong>munitiones</strong></span> <span class='ocrx_word' id='word_1_246' title='bbox 1527 3733 1710 3806; x_wconf 87' lang='lat' dir='ltr'><strong>occupaue-</strong></span> 
     </span>
     <span class='ocr_line' id='line_1_25' title="bbox 155 3833 1709 3930; baseline -0.001 -22"><span class='ocrx_word' id='word_1_247' title='bbox 155 3835 246 3924; x_wconf 87' lang='lat' dir='ltr'><strong>rant,</strong></span> <span class='ocrx_word' id='word_1_248' title='bbox 275 3833 325 3909; x_wconf 89' lang='lat' dir='ltr'><strong>eis</strong></span> <span class='ocrx_word' id='word_1_249' title='bbox 352 3835 506 3912; x_wconf 87' lang='lat' dir='ltr'><strong>inscribit</strong></span> <span class='ocrx_word' id='word_1_250' title='bbox 533 3838 568 3912; x_wconf 92' lang='lat' dir='ltr'><strong>et</strong></span> <span class='ocrx_word' id='word_1_251' title='bbox 595 3837 709 3929; x_wconf 85' lang='lat' dir='ltr'><strong>donat,</strong></span> <span class='ocrx_word' id='word_1_252' title='bbox 738 3837 820 3914; x_wconf 90' lang='lat' dir='ltr'><strong>licet</strong></span> <span class='ocrx_word' id='word_1_253' title='bbox 846 3837 887 3913; x_wconf 96' lang='lat' dir='ltr'><strong>de</strong></span> <span class='ocrx_word' id='word_1_254' title='bbox 914 3837 1015 3928; x_wconf 67' lang='lat' dir='ltr'><strong>luto,</strong></span> <span class='ocrx_word' id='word_1_255' title='bbox 1044 3859 1110 3910; x_wconf 93' lang='lat' dir='ltr'><strong>non</strong></span> <span class='ocrx_word' id='word_1_256' title='bbox 1138 3835 1179 3912; x_wconf 90' lang='lat' dir='ltr'><strong>de</strong></span> <span class='ocrx_word' id='word_1_257' title='bbox 1198 3836 1286 3912; x_wconf 90' lang='lat' dir='ltr'><strong>iure:</strong></span> <span class='ocrx_word' id='word_1_258' title='bbox 1315 3857 1389 3909; x_wconf 90' lang='lat' dir='ltr'><strong>cum</strong></span> <span class='ocrx_word' id='word_1_259' title='bbox 1408 3835 1444 3908; x_wconf 91' lang='lat' dir='ltr'><strong>in</strong></span> <span class='ocrx_word' id='word_1_260' title='bbox 1467 3833 1709 3930; x_wconf 90' lang='lat' dir='ltr'><strong>praeiudicium</strong></span> 
     </span>
     <span class='ocr_line' id='line_1_26' title="bbox 155 3955 1710 4055; baseline 0.001 -27"><span class='ocrx_word' id='word_1_261' title='bbox 155 3955 268 4051; x_wconf 87' lang='lat' dir='ltr'><strong>Regni</strong></span> <span class='ocrx_word' id='word_1_262' title='bbox 296 3957 455 4033; x_wconf 88' lang='lat' dir='ltr'><strong>Poloniae</strong></span> <span class='ocrx_word' id='word_1_263' title='bbox 482 3958 695 4034; x_wconf 91' lang='lat' dir='ltr'><strong>donationem</strong></span> <span class='ocrx_word' id='word_1_264' title='bbox 723 3958 832 4055; x_wconf 88' lang='lat' dir='ltr'><strong>ipsam</strong></span> <span class='ocrx_word' id='word_1_265' title='bbox 859 3959 1035 4033; x_wconf 74' lang='lat' dir='ltr'><strong>cunradus</strong></span> <span class='ocrx_word' id='word_1_266' title='bbox 1062 3959 1141 4032; x_wconf 86' lang='lat' dir='ltr'><strong>Dux</strong></span> <span class='ocrx_word' id='word_1_267' title='bbox 1169 3981 1235 4032; x_wconf 92' lang='lat' dir='ltr'><strong>non</strong></span> <span class='ocrx_word' id='word_1_268' title='bbox 1263 3958 1395 4052; x_wconf 88' lang='lat' dir='ltr'><strong>poterat</strong></span> <span class='ocrx_word' id='word_1_269' title='bbox 1418 3955 1634 4050; x_wconf 88' lang='lat' dir='ltr'><strong>aliquatenus</strong></span> <span class='ocrx_word' id='word_1_270' title='bbox 1661 3955 1710 4030; x_wconf 90' lang='lat' dir='ltr'><strong>le-</strong></span> 
     </span>
     <span class='ocr_line' id='line_1_27' title="bbox 152 4075 1710 4176; baseline 0 -26"><span class='ocrx_word' id='word_1_271' title='bbox 152 4075 254 4152; x_wconf 86' lang='lat' dir='ltr'><strong>nisse.</strong></span> <span class='ocrx_word' id='word_1_272' title='bbox 300 4077 393 4175; x_wconf 74' lang='lat' dir='ltr'><strong>Quae</strong></span> <span class='ocrx_word' id='word_1_273' title='bbox 419 4079 555 4174; x_wconf 83' lang='lat' dir='ltr'><strong>quidam</strong></span> <span class='ocrx_word' id='word_1_274' title='bbox 582 4080 718 4156; x_wconf 90' lang='lat' dir='ltr'><strong>donatio</strong></span> <span class='ocrx_word' id='word_1_275' title='bbox 750 4080 816 4156; x_wconf 88' lang='lat' dir='ltr'><strong>elei</strong></span> <span class='ocrx_word' id='word_1_276' title='bbox 843 4103 903 4176; x_wconf 91' lang='lat' dir='ltr'><strong>pro</strong></span> <span class='ocrx_word' id='word_1_277' title='bbox 930 4103 971 4156; x_wconf 91' lang='lat' dir='ltr'><strong>ea</strong></span> <span class='ocrx_word' id='word_1_278' title='bbox 997 4081 1200 4175; x_wconf 86' lang='lat' dir='ltr'><strong>tempestate</strong></span> <span class='ocrx_word' id='word_1_279' title='bbox 1235 4079 1413 4155; x_wconf 87' lang='lat' dir='ltr'><strong>uidebatur</strong></span> <span class='ocrx_word' id='word_1_280' title='bbox 1448 4077 1621 4169; x_wconf 90' lang='lat' dir='ltr'><strong>salutarie,</strong></span> <span class='ocrx_word' id='word_1_281' title='bbox 1650 4099 1710 4152; x_wconf 81' lang='lat' dir='ltr'><strong>eu-</strong></span> 
     </span>
     <span class='ocr_line' id='line_1_28' title="bbox 156 4199 1711 4298; baseline -0.003 -22"><span class='ocrx_word' id='word_1_282' title='bbox 156 4201 235 4294; x_wconf 89' lang='lat' dir='ltr'><strong>post</strong></span> <span class='ocrx_word' id='word_1_283' title='bbox 260 4201 375 4278; x_wconf 69' lang='lat' dir='ltr'><strong>hanon</strong></span> <span class='ocrx_word' id='word_1_284' title='bbox 400 4201 583 4278; x_wconf 70' lang='lat' dir='ltr'><strong>(trucidaris</strong></span> <span class='ocrx_word' id='word_1_285' title='bbox 610 4203 653 4278; x_wconf 87' lang='lat' dir='ltr'><strong>ad</strong></span> <span class='ocrx_word' id='word_1_286' title='bbox 679 4203 908 4298; x_wconf 88' lang='lat' dir='ltr'><strong>occupandum</strong></span> <span class='ocrx_word' id='word_1_287' title='bbox 935 4203 1045 4278; x_wconf 85' lang='lat' dir='ltr'><strong>torrae</strong></span> <span class='ocrx_word' id='word_1_288' title='bbox 1071 4201 1223 4278; x_wconf 88' lang='lat' dir='ltr'><strong>residuas</strong></span> <span class='ocrx_word' id='word_1_289' title='bbox 1250 4201 1363 4296; x_wconf 80' lang='lat' dir='ltr'><strong>Regni</strong></span> <span class='ocrx_word' id='word_1_290' title='bbox 1391 4199 1550 4275; x_wconf 88' lang='lat' dir='ltr'><strong>Poloniae</strong></span> <span class='ocrx_word' id='word_1_291' title='bbox 1578 4221 1711 4294; x_wconf 89' lang='lat' dir='ltr'><strong>semper</strong></span> 
     </span>
     <span class='ocr_line' id='line_1_29' title="bbox 156 4319 1710 4420; baseline -0.001 -24"><span class='ocrx_word' id='word_1_292' title='bbox 156 4321 409 4416; x_wconf 88' lang='lat' dir='ltr'><strong>anhelantibus,</strong></span> <span class='ocrx_word' id='word_1_293' title='bbox 445 4324 596 4399; x_wconf 87' lang='lat' dir='ltr'><strong>maxima</strong></span> <span class='ocrx_word' id='word_1_294' title='bbox 626 4323 813 4399; x_wconf 71' lang='lat' dir='ltr'><strong>Christiani</strong></span> <span class='ocrx_word' id='word_1_295' title='bbox 840 4323 1029 4420; x_wconf 89' lang='lat' dir='ltr'><strong>sanguinis,</strong></span> <span class='ocrx_word' id='word_1_296' title='bbox 1057 4323 1195 4400; x_wconf 92' lang='lat' dir='ltr'><strong>Polonis</strong></span> <span class='ocrx_word' id='word_1_297' title='bbox 1222 4324 1318 4398; x_wconf 89' lang='lat' dir='ltr'><strong>sedes</strong></span> <span class='ocrx_word' id='word_1_298' title='bbox 1345 4344 1425 4397; x_wconf 91' lang='lat' dir='ltr'><strong>suas</strong></span> <span class='ocrx_word' id='word_1_299' title='bbox 1452 4321 1627 4396; x_wconf 86' lang='lat' dir='ltr'><strong>naturales</strong></span> <span class='ocrx_word' id='word_1_300' title='bbox 1654 4319 1710 4394; x_wconf 90' lang='lat' dir='ltr'><strong>de·</strong></span> 
     </span>
     <span class='ocr_line' id='line_1_30' title="bbox 156 4441 1710 4541; baseline -0.001 -24"><span class='ocrx_word' id='word_1_301' title='bbox 156 4442 385 4538; x_wconf 80' lang='lat' dir='ltr'><strong>tendentibus,</strong></span> <span class='ocrx_word' id='word_1_302' title='bbox 413 4447 529 4522; x_wconf 83' lang='lat' dir='ltr'><strong>secute</strong></span> <span class='ocrx_word' id='word_1_303' title='bbox 554 4447 636 4520; x_wconf 86' lang='lat' dir='ltr'><strong>sunt</strong></span> <span class='ocrx_word' id='word_1_304' title='bbox 663 4445 828 4541; x_wconf 79' lang='lat' dir='ltr'><strong>profluvia</strong></span> <span class='ocrx_word' id='word_1_305' title='bbox 854 4447 890 4519; x_wconf 90' lang='lat' dir='ltr'><strong>et</strong></span> <span class='ocrx_word' id='word_1_306' title='bbox 916 4447 1032 4522; x_wconf 88' lang='lat' dir='ltr'><strong>caedes</strong></span> <span class='ocrx_word' id='word_1_307' title='bbox 1058 4445 1163 4520; x_wconf 88' lang='lat' dir='ltr'><strong>etiarn</strong></span> <span class='ocrx_word' id='word_1_308' title='bbox 1198 4445 1311 4519; x_wconf 90' lang='lat' dir='ltr'><strong>relatu</strong></span> <span class='ocrx_word' id='word_1_309' title='bbox 1343 4444 1529 4520; x_wconf 88' lang='lat' dir='ltr'><strong>horrendae</strong></span> <span class='ocrx_word' id='word_1_310' title='bbox 1556 4441 1710 4518; x_wconf 91' lang='lat' dir='ltr'><strong>commis-</strong></span> 
     </span>
     <span class='ocr_line' id='line_1_31' title="bbox 156 4565 1713 4664; baseline -0.003 -22"><span class='ocrx_word' id='word_1_311' title='bbox 156 4586 226 4642; x_wconf 83' lang='lat' dir='ltr'><strong>sae.</strong></span> <span class='ocrx_word' id='word_1_312' title='bbox 273 4567 343 4642; x_wconf 89' lang='lat' dir='ltr'><strong>blac</strong></span> <span class='ocrx_word' id='word_1_313' title='bbox 370 4566 460 4643; x_wconf 86' lang='lat' dir='ltr'><strong>iuter</strong></span> <span class='ocrx_word' id='word_1_314' title='bbox 486 4567 599 4664; x_wconf 83' lang='lat' dir='ltr'><strong>Reges</strong></span> <span class='ocrx_word' id='word_1_315' title='bbox 625 4569 661 4644; x_wconf 88' lang='lat' dir='ltr'><strong>ot</strong></span> <span class='ocrx_word' id='word_1_316' title='bbox 687 4569 796 4644; x_wconf 90' lang='lat' dir='ltr'><strong>Duces</strong></span> <span class='ocrx_word' id='word_1_317' title='bbox 822 4567 982 4644; x_wconf 90' lang='lat' dir='ltr'><strong>Poloniae</strong></span> <span class='ocrx_word' id='word_1_318' title='bbox 1017 4570 1151 4663; x_wconf 91' lang='lat' dir='ltr'><strong>praeter</strong></span> <span class='ocrx_word' id='word_1_319' title='bbox 1177 4567 1370 4662; x_wconf 86' lang='lat' dir='ltr'><strong>praefatum</strong></span> <span class='ocrx_word' id='word_1_320' title='bbox 1397 4566 1589 4641; x_wconf 82' lang='lat' dir='ltr'><strong>(lunradum</strong></span> <span class='ocrx_word' id='word_1_321' title='bbox 1616 4565 1713 4639; x_wconf 82' lang='lat' dir='ltr'><strong>ortt</strong></span> 
     </span>
    </p>
   </div>
   <div class='ocr_carea' id='block_1_8' title="bbox 156 4675 1713 5272">
    <p class='ocr_par' dir='ltr' id='par_1_8' title="bbox 156 4675 1713 5272">
     <span class='ocr_line' id='line_1_32' title="bbox 157 4675 1711 4785; baseline -0.003 -21"><span class='ocrx_word' id='word_1_322' title='bbox 157 4687 258 4780; x_wconf 82' lang='lat' dir='ltr'><strong>alius,</strong></span> <span class='ocrx_word' id='word_1_323' title='bbox 286 4687 346 4782; x_wconf 88' lang='lat' dir='ltr'><strong>qui</strong></span> <span class='ocrx_word' id='word_1_324' title='bbox 373 4709 433 4784; x_wconf 90' lang='lat' dir='ltr'><strong>per</strong></span> <span class='ocrx_word' id='word_1_325' title='bbox 459 4675 673 4766; x_wconf 80' lang='lat' dir='ltr'><strong>donationsim</strong></span> <span class='ocrx_word' id='word_1_326' title='bbox 700 4692 867 4767; x_wconf 88' lang='lat' dir='ltr'><strong>terrarum</strong></span> <span class='ocrx_word' id='word_1_327' title='bbox 895 4689 1142 4785; x_wconf 91' lang='lat' dir='ltr'><strong>praedictarum</strong></span> <span class='ocrx_word' id='word_1_328' title='bbox 1166 4688 1446 4784; x_wconf 75' lang='lat' dir='ltr'><strong>Npeschoricnsis</strong></span> <span class='ocrx_word' id='word_1_329' title='bbox 1474 4689 1509 4762; x_wconf 91' lang='lat' dir='ltr'><strong>et</strong></span> <span class='ocrx_word' id='word_1_330' title='bbox 1536 4687 1711 4761; x_wconf 75' lang='lat' dir='ltr'><strong>(tholman-</strong></span> 
     </span>
     <span class='ocr_line' id='line_1_33' title="bbox 156 4796 1713 4906; baseline -0.003 -22"><span class='ocrx_word' id='word_1_331' title='bbox 156 4808 217 4902; x_wconf 86' lang='lat' dir='ltr'><strong>eie,</strong></span> <span class='ocrx_word' id='word_1_332' title='bbox 245 4810 281 4884; x_wconf 88' lang='lat' dir='ltr'><strong>et</strong></span> <span class='ocrx_word' id='word_1_333' title='bbox 307 4810 516 4888; x_wconf 79' lang='lat' dir='ltr'><strong>uocationem</strong></span> <span class='ocrx_word' id='word_1_334' title='bbox 542 4812 800 4906; x_wconf 76' lang='lat' dir='ltr'><strong>bruciferorum,</strong></span> <span class='ocrx_word' id='word_1_335' title='bbox 837 4811 997 4888; x_wconf 88' lang='lat' dir='ltr'><strong>maiorem</strong></span> <span class='ocrx_word' id='word_1_336' title='bbox 1024 4811 1166 4904; x_wconf 85' lang='lat' dir='ltr'><strong>cladem,</strong></span> <span class='ocrx_word' id='word_1_337' title='bbox 1203 4796 1430 4902; x_wconf 82' lang='lat' dir='ltr'><strong>rusioremqua</strong></span> <span class='ocrx_word' id='word_1_338' title='bbox 1445 4811 1471 4903; x_wconf 82' lang='lat'><strong>⁴)</strong></span> <span class='ocrx_word' id='word_1_339' title='bbox 1508 4811 1640 4902; x_wconf 87' lang='lat' dir='ltr'><strong>pestem</strong></span> <span class='ocrx_word' id='word_1_340' title='bbox 1671 4807 1713 4880; x_wconf 89' lang='lat' dir='ltr'><strong>ad</strong></span> 
     </span>
     <span class='ocr_line' id='line_1_34' title="bbox 157 4929 1712 5030; baseline -0.004 -24"><span class='ocrx_word' id='word_1_341' title='bbox 157 4930 318 5008; x_wconf 86' lang='lat' dir='ltr'><strong>Poloniae</strong></span> <span class='ocrx_word' id='word_1_342' title='bbox 344 4933 502 5030; x_wconf 79' lang='lat' dir='ltr'><strong>Regnum</strong></span> <span class='ocrx_word' id='word_1_343' title='bbox 529 4933 709 5029; x_wconf 75' lang='lat' dir='ltr'><strong>inuenerit,</strong></span> <span class='ocrx_word' id='word_1_344' title='bbox 738 4935 987 5028; x_wconf 88' lang='lat' dir='ltr'><strong>maioribusque</strong></span> <span class='ocrx_word' id='word_1_345' title='bbox 1013 4933 1113 5010; x_wconf 90' lang='lat' dir='ltr'><strong>bellis</strong></span> <span class='ocrx_word' id='word_1_346' title='bbox 1140 4933 1283 5008; x_wconf 86' lang='lat' dir='ltr'><strong>Polonos</strong></span> <span class='ocrx_word' id='word_1_347' title='bbox 1310 4929 1501 5007; x_wconf 79' lang='lat' dir='ltr'><strong>involverit.</strong></span> <span class='ocrx_word' id='word_1_348' title='bbox 1529 4929 1572 5004; x_wconf 91' lang='lat' dir='ltr'><strong>Iu</strong></span> <span class='ocrx_word' id='word_1_349' title='bbox 1595 4951 1635 5003; x_wconf 90' lang='lat' dir='ltr'><strong>ea</strong></span> <span class='ocrx_word' id='word_1_350' title='bbox 1652 4951 1712 5002; x_wconf 92' lang='lat' dir='ltr'><strong>au-</strong></span> 
     </span>
     <span class='ocr_line' id='line_1_35' title="bbox 156 5050 1711 5152; baseline -0.005 -22"><span class='ocrx_word' id='word_1_351' title='bbox 156 5055 226 5130; x_wconf 88' lang='lat' dir='ltr'><strong>tom</strong></span> <span class='ocrx_word' id='word_1_352' title='bbox 253 5055 422 5130; x_wconf 78' lang='lat' dir='ltr'><strong>terrmmu</strong></span> <span class='ocrx_word' id='word_1_353' title='bbox 449 5055 638 5134; x_wconf 72' lang='lat' dir='ltr'><strong>dulmensis</strong></span> <span class='ocrx_word' id='word_1_354' title='bbox 656 5059 691 5132; x_wconf 89' lang='lat' dir='ltr'><strong>et</strong></span> <span class='ocrx_word' id='word_1_355' title='bbox 708 5056 885 5133; x_wconf 86' lang='lat' dir='ltr'><strong>Lubauiae</strong></span> <span class='ocrx_word' id='word_1_356' title='bbox 912 5079 972 5152; x_wconf 90' lang='lat' dir='ltr'><strong>par</strong></span> <span class='ocrx_word' id='word_1_357' title='bbox 998 5055 1187 5130; x_wconf 79' lang='lat' dir='ltr'><strong>conradum</strong></span> <span class='ocrx_word' id='word_1_358' title='bbox 1215 5053 1384 5130; x_wconf 78' lang='lat' dir='ltr'><strong>Maeoniae</strong></span> <span class='ocrx_word' id='word_1_359' title='bbox 1403 5055 1438 5128; x_wconf 89' lang='lat' dir='ltr'><strong>et</strong></span> <span class='ocrx_word' id='word_1_360' title='bbox 1455 5050 1623 5146; x_wconf 76' lang='lat' dir='ltr'><strong>duyoviae</strong></span> <span class='ocrx_word' id='word_1_361' title='bbox 1642 5051 1711 5122; x_wconf 83' lang='lat' dir='ltr'><strong>llu-</strong></span> 
     </span>
     <span class='ocr_line' id='line_1_36' title="bbox 157 5172 1711 5272; baseline -0.004 -21"><span class='ocrx_word' id='word_1_362' title='bbox 157 5196 229 5251; x_wconf 82' lang='lat' dir='ltr'><strong>rem</strong></span> <span class='ocrx_word' id='word_1_363' title='bbox 257 5175 438 5253; x_wconf 90' lang='lat' dir='ltr'><strong>donatione</strong></span> <span class='ocrx_word' id='word_1_364' title='bbox 464 5177 643 5254; x_wconf 83' lang='lat' dir='ltr'><strong>Fratribus</strong></span> <span class='ocrx_word' id='word_1_365' title='bbox 679 5179 859 5257; x_wconf 84' lang='lat' dir='ltr'><strong>Oruciferis</strong></span> <span class='ocrx_word' id='word_1_366' title='bbox 895 5179 997 5271; x_wconf 85' lang='lat' dir='ltr'><strong>lacta,</strong></span> <span class='ocrx_word' id='word_1_367' title='bbox 1036 5177 1068 5252; x_wconf 92' lang='lat' dir='ltr'><strong>id</strong></span> <span class='ocrx_word' id='word_1_368' title='bbox 1097 5177 1242 5272; x_wconf 88' lang='lat' dir='ltr'><strong>primum</strong></span> <span class='ocrx_word' id='word_1_369' title='bbox 1269 5178 1304 5252; x_wconf 92' lang='lat' dir='ltr'><strong>et</strong></span> <span class='ocrx_word' id='word_1_370' title='bbox 1332 5174 1511 5270; x_wconf 86' lang='lat' dir='ltr'><strong>praecipue</strong></span> <span class='ocrx_word' id='word_1_371' title='bbox 1538 5172 1605 5246; x_wconf 87' lang='lat' dir='ltr'><strong>fuit</strong></span> <span class='ocrx_word' id='word_1_372' title='bbox 1633 5193 1711 5248; x_wconf 87' lang='lat' dir='ltr'><strong>cau·</strong></span> 
     </span>
    </p>
   </div>
   <div class='ocr_carea' id='block_1_9' title="bbox 158 5449 1713 5643">
    <p class='ocr_par' dir='ltr' id='par_1_9' title="bbox 158 5449 1713 5643">
     <span class='ocr_line' id='line_1_37' title="bbox 267 5449 1713 5537; baseline -0.008 -17"><span class='ocrx_word' id='word_1_373' title='bbox 267 5454 294 5537; x_wconf 88' lang='lat'><strong>¹)</strong></span> <span class='ocrx_word' id='word_1_374' title='bbox 317 5456 413 5520; x_wconf 83' lang='lat' dir='ltr'><strong>Bullia</strong></span> <span class='ocrx_word' id='word_1_375' title='bbox 435 5458 472 5520; x_wconf 86' lang='lat' dir='ltr'><strong>de</strong></span> <span class='ocrx_word' id='word_1_376' title='bbox 495 5459 582 5521; x_wconf 82' lang='lat' dir='ltr'><strong>Sulca</strong></span> <span class='ocrx_word' id='word_1_377' title='bbox 611 5461 673 5522; x_wconf 80' lang='lat' dir='ltr'><strong>Ed.</strong></span> <span class='ocrx_word' id='word_1_378' title='bbox 696 5460 791 5520; x_wconf 86' lang='lat' dir='ltr'><strong>Dobr.</strong></span> <span class='ocrx_word' id='word_1_379' title='bbox 831 5455 858 5535; x_wconf 64' lang='grc' dir='ltr'><strong>Ω)</strong></span> <span class='ocrx_word' id='word_1_380' title='bbox 881 5459 1020 5520; x_wconf 85' lang='lat' dir='ltr'><strong>auxilium</strong></span> <span class='ocrx_word' id='word_1_381' title='bbox 1046 5455 1118 5518; x_wconf 81' lang='lat' dir='ltr'><strong>Ood.</strong></span> <span class='ocrx_word' id='word_1_382' title='bbox 1141 5457 1234 5517; x_wconf 79' lang='lat' dir='ltr'><strong>Itoar.</strong></span> <span class='ocrx_word' id='word_1_383' title='bbox 1275 5453 1302 5533; x_wconf 83' lang='lat'><strong>³)</strong></span> <span class='ocrx_word' id='word_1_384' title='bbox 1327 5455 1378 5517; x_wconf 77' lang='lat' dir='ltr'><strong>Sic</strong></span> <span class='ocrx_word' id='word_1_385' title='bbox 1400 5456 1435 5514; x_wconf 82' lang='lat' dir='ltr'><strong>iu</strong></span> <span class='ocrx_word' id='word_1_386' title='bbox 1457 5453 1596 5513; x_wconf 80' lang='lat' dir='ltr'><strong>omuibus</strong></span> <span class='ocrx_word' id='word_1_387' title='bbox 1621 5449 1713 5513; x_wconf 75' lang='lat' dir='ltr'><strong>codd.</strong></span> 
     </span>
     <span class='ocr_line' id='line_1_38' title="bbox 158 5561 846 5643; baseline -0.001 -19"><span class='ocrx_word' id='word_1_388' title='bbox 158 5579 283 5624; x_wconf 75' lang='lat' dir='ltr'><strong>moereo</strong></span> <span class='ocrx_word' id='word_1_389' title='bbox 300 5581 362 5639; x_wconf 84' lang='lat' dir='ltr'><strong>pro</strong></span> <span class='ocrx_word' id='word_1_390' title='bbox 383 5563 506 5625; x_wconf 83' lang='lat' dir='ltr'><strong>Wislann</strong></span> <span class='ocrx_word' id='word_1_391' title='bbox 544 5561 572 5643; x_wconf 83' lang='lat'><strong>⁴)</strong></span> <span class='ocrx_word' id='word_1_392' title='bbox 593 5571 645 5626; x_wconf 88' lang='lat' dir='ltr'><strong>aut</strong></span> <span class='ocrx_word' id='word_1_393' title='bbox 667 5563 728 5624; x_wconf 78' lang='lat' dir='ltr'><strong>Ed.</strong></span> <span class='ocrx_word' id='word_1_394' title='bbox 750 5565 846 5624; x_wconf 80' lang='lat' dir='ltr'><strong>Dobr.</strong></span> 
     </span>
    </p>
   </div>
   <div class='ocr_carea' id='block_1_10' title="bbox 210 5685 1559 5749">
    <p class='ocr_par' dir='ltr' id='par_1_10' title="bbox 210 5685 1559 5749">
     <span class='ocr_line' id='line_1_39' title="bbox 210 5685 1559 5749; baseline 0 -7"><span class='ocrx_word' id='word_1_395' title='bbox 210 5700 233 5742; x_wconf 79' lang='lat' dir='ltr'><strong>e.</strong></span> <span class='ocrx_word' id='word_1_396' title='bbox 245 5699 339 5749; x_wconf 66' lang='lat' dir='ltr'><strong>nm.</strong></span> <span class='ocrx_word' id='word_1_397' title='bbox 354 5699 440 5742; x_wconf 72' lang='lat' dir='ltr'><strong>mmor.</strong></span> <span class='ocrx_word' id='word_1_398' title='bbox 454 5699 535 5743; x_wconf 70' lang='lat' dir='ltr'><strong>rum.</strong></span> <span class='ocrx_word' id='word_1_399' title='bbox 547 5701 573 5743; x_wconf 82' lang='lat' dir='ltr'><strong>r.</strong></span> <span class='ocrx_word' id='word_1_400' title='bbox 587 5701 621 5742; x_wconf 84' lang='lat' dir='ltr'><strong>ru</strong></span> <span class='ocrx_word' id='word_1_401' title='bbox 1525 5685 1559 5728; x_wconf 82' lang='lat'><strong>³⁰</strong></span> 
     </span>
    </p>
   </div>
   <div class='ocr_carea' id='block_1_11' title="bbox 0 0 2096 6276">
    <p class='ocr_par' dir='ltr' id='par_1_11' title="bbox 0 0 2096 6276">
     <span class='ocr_line' id='line_1_40' title="bbox 0 0 2096 6276; baseline 0 0"><span class='ocrx_word' id='word_1_402' title='bbox 0 0 2096 6276; x_wconf 95' lang='lat' dir='ltr'><strong> </strong></span> 
     </span>
    </p>
   </div>
  </div>
 </body>
</html>
