4192 6272
180 514 241 608 (Α.
262 512 309 588 D.
329 513 448 608 1293.)
793 535 903 587 ursan
930 534 1123 587 sserrmus.
1654 515 1727 586 517

178 726 342 818 argutus:
377 724 624 814 Vehementer,
654 721 833 815 inquiunt,
863 720 1073 816 suspicamur
1099 721 1313 796 Luthlronem
1342 743 1454 796 necem
1481 721 1591 816 patris
1618 721 1733 814 iniquo

181 846 305 952 auimo,
320 847 481 937 laturum,
507 843 632 919 eteius
660 843 836 918 interitum
855 844 918 918 tibi
938 843 1181 939 imputaturum
1215 845 1296 935 iore,
1322 843 1617 938 cogitaturnmque
1643 842 1735 916 omni

177 971 327 1064 tempore
353 971 389 1044 et
414 968 508 1058 hora,
537 988 602 1060 quo
630 969 728 1060 pacto
756 966 852 1040 illam
876 968 935 1040 turo
962 966 1110 1067 periculo
1133 965 1291 1056 uindicet,
1312 965 1436 1040 maiora
1456 965 1479 1058 ¹)
1506 963 1543 1038 in
1569 967 1604 1040 te
1632 987 1733 1057 quam

178 1093 280 1186 caput
319 1111 480 1165 ansanus:
522 1089 766 1184 aspernabatur
805 1089 973 1164 Henricus
1013 1091 1090 1162 Dux
1106 1089 1132 1184 ²)
1168 1088 1232 1163 sibi
1269 1088 1414 1163 fideliter
1454 1087 1669 1162 suadentium
1697 1089 1733 1162 et

178 1212 363 1308 periculum
390 1233 488 1285 suum
516 1210 787 1304 portendentium
828 1210 980 1301 consilia,
1009 1210 1169 1284 tutiorem
1197 1234 1233 1284 se
1260 1211 1388 1284 factum
1428 1211 1524 1284 ratus
1560 1212 1595 1284 et
1621 1207 1734 1303 gratia

178 1357 278 1428 qrrarn
311 1333 402 1429 patri
429 1333 504 1408 uiuo
532 1332 760 1426 praestiterat,
799 1334 834 1407 et
870 1332 1104 1407 benevolentia
1144 1354 1245 1424 quarn
1286 1332 1320 1405 in
1355 1331 1463 1404 lilium
1504 1331 1730 1425 depromebat.

178 1457 391 1530 Luthkonem
431 1457 546 1529 tameo
586 1455 725 1528 aduocat
761 1455 795 1528 et
832 1454 1066 1548 praesentibus
1108 1453 1320 1546 consiliariis,
1359 1453 1394 1528 in
1430 1454 1520 1526 hunc
1547 1452 1734 1544 alloquitur

181 1578 327 1651 modum.
357 1575 496 1666 Vidisti,
525 1575 649 1667 iuquit,
679 1576 817 1668 quantis
845 1575 1020 1650 desideriis
1046 1577 1081 1650 et
1108 1575 1280 1650 laboribus
1307 1575 1541 1665 aestuaverint,
1571 1575 1733 1664 quantos·

178 1721 243 1792 que
270 1699 410 1773 conatus
436 1697 655 1788 adbibuerim,
686 1699 725 1770 ut
752 1699 926 1791 parentem
953 1699 1050 1770 truun
1077 1698 1281 1771 Pakoslaurn
1308 1719 1351 1771 cn
1380 1699 1495 1786 morte,
1525 1686 1626 1786 quam
1645 1694 1732 1788 ipso·

180 1821 249 1894 met
275 1819 351 1910 sibi,
379 1821 414 1894 et
441 1820 618 1896 occidendo
646 1818 833 1909 innoxium,
862 1821 898 1893 ct
925 1818 1096 1892 homicidii
1137 1819 1323 1914 profitendo
1363 1817 1398 1891 iu
1435 1817 1557 1892 iudicio
1593 1816 1731 1908 crirnon,

177 1940 417 2032 consciscobat,
446 1941 630 2036 eriperem3
660 1939 783 2014 nutristi
811 1963 941 2033 quoquo
969 1942 1099 2035 patrem
1126 1943 1223 2014 tuum
1252 1963 1314 2014 sua
1341 1939 1513 2034 superbia,
1542 1939 1733 2033 arroganti·

177 2087 243 2154 que
269 2062 450 2153 dementia,
479 2061 728 2136 damnationem
755 2061 820 2135 sibi
847 2062 1015 2136 nexuisse.
1043 2063 1097 2136 nx
1124 2063 1252 2136 duobus
1280 2061 1395 2155 itaque
1415 2084 1518 2135 ornum
1538 2061 1627 2134 inira
1646 2063 1731 2135 tem-

177 2207 241 2279 pus
268 2184 427 2260 binrestre
460 2184 569 2280 elige:
599 2186 659 2258 aut
687 2185 936 2259 damnationem
977 2183 1085 2278 patris
1125 2183 1213 2257 iuste
1249 2182 1392 2258 anobis
1418 2183 1544 2258 iactam
1572 2188 1733 2278 perpetuo
1833 2283 1839 2292 ι

176 2305 383 2397 obliviscere,
413 2307 473 2380 aut
499 2328 543 2381 ex
570 2304 664 2380 ouria
691 2309 817 2395 nostra,
847 2327 1019 2398 nunqrram
1047 2306 1089 2378 ad
1116 2304 1212 2379 illam
1241 2326 1445 2394 reuersurus,
1465 2305 1592 2379 secede.
1622 2305 1733 2396 hapso

175 2429 313 2502 taudem
341 2427 527 2503 constituto
555 2428 594 2502 ad
625 2427 891 2527 respondendum
919 2427 1039 2522 spatio,
1068 2423 1246 2520 buthali)
1274 2427 1474 2516 adueniens,
1504 2429 1539 2501 et
1566 2427 1655 2500 iuste
1682 2427 1731 2501 le·

176 2549 362 2645 gitirneque
399 2551 529 2644 patrem
569 2550 785 2639 damnatum,
815 2549 1012 2643 rosaeque
1040 2549 1222 2638 interiisse,
1253 2549 1388 2644 publiea
1414 2571 1493 2624 uoce
1521 2548 1730 2644 perhibet⁵),

175 2675 273 2748 etse
300 2671 395 2746 illius
422 2693 537 2746 necem
577 2694 644 2746 non
673 2674 784 2762 uerbo,
814 2694 880 2745 non
907 2673 1010 2762 facto,
1039 2695 1105 2746 non
1133 2671 1285 2766 publice,
1314 2694 1380 2746 uon
1407 2671 1557 2762 occulte,
1586 2671 1645 2745 sed
1673 2693 1731 2745 ne·

177 2817 242 2885 que
269 2795 355 2868 nutu
384 2795 657 2885 memoraturum,
686 2797 747 2868 aut
774 2795 944 2885 ulturum,
974 2794 1179 2885 molesteque
1213 2793 1383 2885 laturum,
1413 2793 1627 2867 iureiurando
1654 2815 1731 2868 cou-

176 2915 301 3006 firmat,
331 2918 508 2990 obsecrans
535 2915 718 2989 Henricum
745 2916 893 3007 Ducem,
922 2939 964 2990 ne
991 2937 1027 2990 se
1055 2916 1090 2989 et
1117 2915 1217 2990 tidem
1244 2937 1340 2989 suam
1365 2918 1559 3010 suspectum
1587 2913 1628 2988 iri
1657 2937 1732 3009 per·

178 3037 305 3129 mittat,
334 3059 371 3111 se
398 3059 438 3112 oa
462 3037 663 3128 conditione,
689 3059 793 3131 eaque
825 3037 938 3112 mento
966 3039 1091 3112 fretum
1118 3059 1210 3128 esse,
1240 3039 1279 3111 ut
1306 3036 1511 3129 fidelissime,
1540 3037 1735 3113 constanter

176 3159 211 3234 et
238 3157 378 3246 sincere,
406 3157 588 3233 obliterata
614 3160 756 3252 paterna
782 3181 872 3249 noce,
902 3159 948 3232 sit
976 3158 1029 3231 illi
1056 3159 1295 3232 farnulaturus.
1324 3158 1486 3234 Excussit
1512 3159 1596 3234 haec
1622 3159 1732 3232 Loth·

179 3279 277 3354 louis
304 3303 368 3354 uox
395 3278 541 3354 Henrico
568 3279 653 3353 Duoi
681 3279 859 3375 lacrymas,
888 3282 923 3354 et
950 3280 1176 3374 oonrpleotens
1203 3279 1302 3353 illum
1329 3280 1400 3355 ait:
1429 3282 1471 3354 In
1500 3281 1652 3375 parentis
1679 3303 1732 3356 ure

176 3400 315 3475 habebis
344 3401 425 3492 loco,
454 3423 494 3476 ea
521 3401 718 3494 sumpturus
745 3424 787 3476 ex
825 3424 877 3476 me
919 3402 1102 3492 beneficia,
1146 3423 1205 3496 pro
1245 3401 1367 3496 quibus
1393 3403 1429 3477 et
1455 3406 1495 3477 tu
1521 3405 1557 3476 et
1583 3402 1731 3496 cognati,

180 3521 427 3614 necessariique
454 3522 517 3614 tui,
547 3525 728 3618 perpetuas
757 3523 838 3597 milri
866 3545 967 3618 agero
994 3525 1124 3618 gratias
1152 3524 1319 3620 poteritis.
1348 3525 1417 3598 Neo
1444 3524 1589 3598 sermoni
1617 3524 1728 3598 druoali

178 3643 332 3736 viriosa
358 3643 488 3718 doluit:
518 3667 595 3718 nam
623 3648 658 3718 et
684 3645 857 3719 huthlroni
887 3646 1063 3740 plorasque
1090 3647 1287 3722 donationes
1314 3645 1501 3721 liberaliter
1519 3645 1676 3735 contulit,
1696 3647 1731 3720 et

176 3766 288 3860 ipsum
317 3765 388 3839 suis
415 3765 546 3840 intimis
582 3765 785 3841 consiliariis
813 3767 967 3858 inseruit,
996 3768 1154 3860 breuique
1181 3769 1301 3860 effecit,
1331 3770 1370 3842 ut
1396 3767 1600 3842 auctoritate
1626 3769 1662 3842 et
1680 3769 1731 3840 f-

178 3911 256 3962 rore
284 3889 354 3962 iere
380 3887 536 3983 singulos
564 3889 749 3963 excederet.
778 3890 880 3964 Hune
907 3889 1065 3985 irsoum)
1093 3891 1270 3966 Ounradus
1297 3887 1531 3985 Glogouiensis
1550 3891 1639 3981 Dux,
1661 3892 1731 3963 tam

174 4007 358 4104 promissis
387 4032 487 4102 quam
515 4009 703 4101 blanditiis,
733 4010 767 4084 iu
796 4011 1032 4105 captiuitatem
1071 4015 1132 4087 aul
1172 4035 1285 4089 necem
1322 4012 1373 4086 sui
1410 4011 1536 4087 domiui
1570 4013 1606 4086 et
1633 4013 1731 4086 bene·

174 4129 325 4221 factoris,
342 4129 481 4205 Henrioi
508 4130 632 4222 quinti,
660 4153 813 4206 asserens
840 4155 906 4206 non
933 4155 1005 4208 esse
1033 4134 1218 4225 ferendum,
1247 4136 1287 4208 ut
1313 4134 1366 4208 sui
1395 4133 1546 4228 parentis
1573 4132 1733 4228 indiguae

176 4275 242 4325 uon
271 4252 513 4346 parentetur⁸)
542 4253 652 4343 rruorti,
682 4255 855 4327 subornat.
904 4253 968 4348 Qui
995 4257 1220 4350 opportunum
1256 4259 1390 4350 tempus
1429 4255 1472 4329 ad
1500 4253 1731 4345 exequendum

176 4396 227 4462 ea,
256 4395 343 4466 quae
371 4395 446 4447 cnm
473 4373 626 4449 Ouarada
654 4376 744 4450 Duce
780 4375 995 4470 Glogovieusi
1038 4377 1225 4472 pepigerat,
1264 4379 1466 4468 observans,
1496 4375 1531 4450 in
1559 4375 1730 4450 dominum

175 4517 274 4568 suum
301 4495 484 4570 Hernicum
512 4495 682 4588 quintum,
712 4497 746 4570 in
774 4499 893 4572 balneo
929 4498 1125 4574 adfluente
1160 4501 1268 4574 Odrae
1311 4521 1412 4594 propo
1452 4497 1733 4574 Wratislauieuse

175 4618 325 4690 castrum
354 4639 474 4710 corpus
501 4619 686 4708 currentem,
716 4640 791 4692 curn
818 4619 1028 4694 satellitibus
1055 4621 1195 4694 armatis
1222 4619 1369 4696 aduenit.
1409 4620 1512 4696 (iuius
1539 4619 1644 4694 etsia
1667 4619 1731 4692 mi-

177 4737 296 4810 nistris
323 4737 461 4813 Henrioi
489 4738 601 4830 quinti
630 4739 803 4833 praevisus
831 4741 945 4831 inerit,
974 4745 1009 4816 et
1035 4743 1120 4817 Duci
1149 4741 1294 4818 Henrico
1314 4741 1535 4818 denuntiatus
1553 4741 1730 4831 adventus,

174 4859 298 4932 bouum
326 4861 440 4934 tamen
468 4863 503 4934 et
530 4859 682 4952 quietum
710 4883 766 4935 eos
793 4862 916 4938 habere
943 4861 1103 4955 animum,
1132 4865 1166 4938 et
1193 4886 1324 4938 ornnem
1348 4861 1547 4957 suspicionis
1575 4882 1730 4955 pavorem

176 4978 341 5073 deponere
368 4979 479 5074 iussit,
509 5003 584 5056 cum
611 4982 749 5057 Luthko
776 5004 858 5058 suus
884 4983 1065 5059 farniliaris
1091 4987 1128 5060 et
1153 4983 1316 5060 cauriensis
1355 5005 1394 5058 ac
1421 4981 1632 5060 consiliarius
1658 4980 1731 5056 exi·

289 5275 312 5355 1)
333 5279 443 5338 maiore
470 5273 540 5337 Ood.
564 5279 655 5340 Roar.
681 5275 707 5353 9)
730 5279 875 5338 Hernicus
899 5281 964 5338 Dux
987 5282 1065 5342 deest
1087 5283 1122 5340 ia
1149 5279 1220 5340 Ood.
1243 5277 1316 5341 Aul.
1349 5277 1376 5356 ³)
1398 5277 1516 5338 Luthlro
1544 5276 1615 5338 Ood.
1639 5277 1731 5339 Roer.

175 5377 203 5456 ⁴)
226 5381 348 5454 iureque
377 5379 447 5442 Ood.
470 5383 562 5442 Roar.
588 5377 615 5458 5)
637 5382 773 5456 prohibet
797 5383 857 5443 Ed.
880 5384 967 5460 Lupe.
1005 5381 1032 5464 ⁶)
1054 5386 1156 5457 virtus,
1178 5385 1346 5462 veritasque
1371 5381 1444 5444 Ood.
1465 5383 1558 5445 Roer.
1595 5377 1620 5461 ⁷)
1642 5381 1732 5458 igitrm

175 5485 236 5544 Ed.
260 5479 346 5560 Lips.
373 5483 401 5564 8)
427 5491 644 5560 compateretur
670 5484 740 5547 coo.
764 5487 857 5550 Rosr.
