4172 6278
155 558 211 654 (Α.
230 557 277 634 D.
299 557 420 654 mos.)
776 580 888 633 tmen
915 580 1067 633 sexsus.
1631 563 1701 632 lii

152 791 242 859 cens,
271 768 385 843 tondit
404 768 428 862 ¹)
455 790 531 843 euru
559 766 595 841 in
623 768 823 844 monachum
851 770 885 843 et
913 791 1051 843 uxorem
1081 767 1154 842 eius
1182 767 1216 842 in
1245 768 1464 859 monacham,
1494 767 1584 842 filias
1611 767 1705 842 insu·

152 893 210 986 per'
233 890 306 964 eius
335 890 461 965 liberas
497 889 695 980 dimittens,
733 889 821 964 filios
848 890 957 984 ipsius
984 889 1196 964 Roscislaum
1226 891 1260 963 ot
1286 889 1528 966 Wledimirum
1556 889 1709 985 captivat

153 1015 186 1087 et
211 1013 246 1087 in
275 1011 559 1088 Halice'doducit
586 1011 788 1107 captivatos.

583 1379 813 1454 titiumoruuu
840 1380 979 1452 nominis
1007 1380 1109 1472 primo
1137 1379 1273 1454 auditio.

253 1621 324 1694 Sub
343 1621 430 1696 idem
459 1623 593 1717 tempus
609 1621 636 1717 i)
664 1621 827 1696 Lithusni
852 1645 976 1717 inagna
1006 1623 1227 1697 multitudine
1255 1623 1433 1717 glomerati
1462 1622 1602 1696 ueniunt
1629 1645 1706 1696 con-

152 1745 205 1816 tra
230 1743 413 1832 Russiam3
441 1745 560 1818 contra
586 1765 670 1838 quos
697 1745 806 1819 Duces
834 1744 1013 1819 Ollrouicui
1031 1742 1057 1840 ³)
1085 1749 1269 1836 eremitae,
1299 1769 1375 1820 cum
1403 1745 1475 1818 illis
1502 1747 1708 1839 campestra·

151 1865 229 1939 litor
256 1865 533 1961 congrediuntur.
579 1867 626 1940 Et
652 1866 733 1940 licet
762 1867 860 1941 multi
888 1889 931 1941 ex
958 1867 1128 1941 Ruthenis
1156 1867 1374 1958 cecidissent,
1403 1867 1566 1941 Lithuani
1595 1869 1709 1942 tamen

151 1987 191 2062 ud
210 1987 373 2062 ultimum
399 1988 546 2063 conflicti
573 1991 665 2080 sunt,
685 1991 720 2064 et
738 1989 807 2064 lere
827 1989 992 2063 uniuersis
1019 1990 1130 2083 captis
1157 1994 1217 2064 aut
1244 1990 1373 2081 occisis,
1402 1990 1500 2085 pauci
1527 1989 1707 2084 effugiunt.

151 2110 234 2184 Turn
262 2133 397 2204 quoque
424 2111 570 2206 primum
597 2111 820 2187 Lithuanioae
847 2112 961 2207 gentis
989 2135 1129 2204 nomen,
1168 2115 1256 2204 quod
1283 2113 1317 2186 in
1346 2136 1422 2187 eum
1450 2113 1582 2187 latebat
1608 2111 1707 2202 diem,
1749 2171 1752 2176 .

149 2231 326 2307 auditum:
360 2233 447 2309 serui
474 2233 565 2308 enirn
593 2234 829 2309 linthenorum
856 2235 1043 2309 existentes
1071 2235 1169 2308 amris
1206 2236 1360 2329 pluribus
1387 2235 1612 2330 perizomata,
1651 2257 1708 2307 su·

150 2355 243 2429 beros
262 2355 458 2450 pendebant
473 2355 513 2450 4).
588 2405 590 2412 ,
1285 2449 1287 2456 y
1648 2441 1652 2446 ¹

253 2477 511 2552 Swanthoslaus
547 2477 764 2552 ddseislewicc
805 2479 883 2551 Dux
928 2478 1129 2574 intelligens
1161 2479 1386 2574 Kyoviensem
1423 2480 1533 2554 sedem
1570 2501 1709 2554 uacuam

150 2599 311 2696 Principe
338 2621 422 2690 esse,
450 2599 644 2676 fauontibus
671 2601 919 2696 Kyouiensibus
947 2623 1056 2674 arcem
1083 2601 1310 2696 Kpoviensem
1339 2601 1539 2696 ingreditur,
1569 2600 1710 2675 caeteris

152 2721 184 2797 id
212 2745 340 2797 munus
355 2721 383 2818 ⁵)
419 2723 590 2817 suscipere
617 2725 699 2798 tunc
725 2725 818 2799 metu
846 2723 991 2797 Romani
1018 2723 1235 2797 Mscislmrica
1263 2724 1488 2799 Halicziensis
1515 2723 1617 2798 Ducis
1644 2747 1710 2797 non

150 2845 367 2938 audentibus,
397 2845 432 2919 in
459 2845 522 2920 illa
549 2844 584 2918 in
611 2845 811 2920 Monarclme
840 2867 963 2919 morem
992 2845 1300 2941 principaturrus⁶).
1335 2846 1429 2941 Quod
1456 2869 1531 2921 cum
1559 2846 1711 2919 Romano

150 2967 370 3042 liscislarricc
407 2966 616 3042 Halicuiensi
643 2967 728 3042 Duci
757 2967 1034 3042 molestissimum
1072 2969 1176 3060 foret,
1215 2969 1340 3064 quippe
1380 2969 1438 3061 qui
1475 2969 1710 3043 Ruthenorum
1833 2979 1836 2984 ’

151 3089 336 3164 Monarcha
362 3089 513 3184 reputari
546 3093 581 3164 et
600 3112 764 3164 summam
793 3113 904 3164 rerum
932 3090 1202 3164 Ruthenicarum
1230 3091 1319 3185 apud
1338 3113 1374 3165 se
1393 3091 1573 3165 consistere
1591 3090 1709 3180 voluit,

150 3233 224 3284 cum
252 3210 419 3306 potentiis
445 3211 516 3285 suis
544 3213 580 3285 in
607 3212 713 3307 Kyow
739 3211 931 3303 advenient,
961 3212 1231 3286 Suuntlroslaum
1259 3213 1477 3287 Mscislawioz
1492 3211 1521 3306 l)
1545 3235 1596 3286 cx·
1606 3213 1711 3307 lipom

150 3355 225 3407 cnm
254 3333 446 3430 ignominia
472 3335 633 3409 exturbet
658 3337 693 3409 et
720 3335 883 3429 depellit,
922 3335 957 3408 in
984 3335 1128 3426 sedeque
1155 3335 1337 3430 Kpouiensi
1366 3335 1579 3409 Roscislaum
1607 3332 1710 3406 Ituri-

151 3455 287 3548 ionica,
317 3478 418 3547 quem
446 3455 536 3550 apud
563 3478 598 3530 se
625 3456 763 3531 tenebat
790 3457 960 3551 cepaticum
977 3455 1015 3550 Η),
1044 3457 1145 3531 locut.
1174 3455 1331 3532 Alterum
1355 3479 1486 3550 quoque
1514 3477 1711 3551 germanum

150 3598 248 3652 snum
276 3577 521 3655 Wlodimirum
547 3577 588 3652 do
615 3576 815 3673 captivitate
842 3578 998 3669 dimittit,
1028 3581 1067 3652 ut
1093 3579 1186 3652 sarua
1212 3581 1281 3653 tam
1311 3579 1493 3673 potentiue,
1523 3600 1624 3669 quam
1643 3577 1710 3650 cle·

152 3699 301 3776 mentius
340 3721 420 3775 suas
456 3699 565 3794 magis
600 3721 720 3775 sonora
755 3700 871 3790 fieret,
909 3702 943 3773 et
971 3701 1162 3774 aestimatio
1189 3701 1241 3775 sui
1270 3701 1415 3774 nominis
1443 3700 1643 3794 angeretur,
1673 3701 1712 3772 ut

150 3844 283 3916 quoque
312 3819 573 3916 expeditionem,
603 3843 705 3914 quam
733 3821 767 3896 in
796 3823 940 3895 Polonos
967 3845 1005 3896 eo
1032 3844 1119 3897 anno
1146 3824 1300 3896 moturus
1327 3825 1412 3913 erat,
1441 3821 1581 3895 liberius
1599 3822 1711 3893 trans·

151 3943 272 4039 igeret.

547 4313 630 4389 trio
658 4315 891 4390 dmciierorun
919 4317 952 4389 iu
978 4316 1110 4391 tironis
1137 4317 1332 4390 instituitur.

256 4557 422 4633 Albertns
448 4557 573 4634 tertius
600 4558 813 4634 livoniensis
841 4560 926 4634 alies
954 4559 1116 4656 Rigensis
1143 4560 1329 4655 episcopus
1359 4557 1417 4652 qui
1445 4557 1632 4632 Bartholdo
1654 4557 1712 4630 hi·

150 4680 307 4755 uoniensi
336 4681 480 4757 moundo
507 4681 662 4777 episcopo
681 4705 701 4757 a
719 4683 977 4758 Liuoniensibus
1005 4705 1107 4778 prope
1135 4683 1259 4777 Rigam
1288 4683 1465 4756 interfecto
1493 4682 1711 4770 successerat,

150 4804 307 4878 ordinem
334 4803 493 4878 Fratrum
521 4805 562 4880 do
581 4804 707 4880 militia
733 4805 860 4879 Christi
890 4809 1131 4900 nuncupatum,
1161 4806 1219 4896 qui
1238 4805 1391 4899 gladium
1420 4806 1455 4878 et
1478 4805 1620 4900 desuper
1637 4825 1712 4878 cru-

150 4927 287 5002 camin
319 4926 482 5002 mantello
510 4925 705 5023 insulamn
733 4929 949 5021 deferebant,
988 4929 1077 5023 apud
1110 4928 1285 5003 Liuuniam
1323 4927 1475 5002 instituit
1512 4949 1570 5022 pro
1599 4927 1713 5001 deien-

264 5243 445 5322 ¹)totondit
475 5244 546 5306 (lod.
570 5245 663 5305 Roar.
699 5241 862 5323 ⁹)Eodem
889 5251 1020 5319 tempore
1054 5242 1124 5306 Cod.
1155 5246 1247 5306 Rosr.
1287 5242 1313 5322 ³)
1337 5244 1508 5304 Olochouici
1537 5243 1596 5302 Ed.
1620 5243 1715 5302 Βοῦν.

152 5347 213 5411 Ed.
237 5351 339 5411 Dobr.
385 5345 413 5427 4)
435 5351 612 5425 pendebunt.
643 5351 722 5412 deest
743 5351 779 5410 iu
806 5349 877 5410 Ood.
902 5349 975 5410 Aut.
1023 5346 1048 5427 ὓ)
1071 5353 1165 5410 minus
1194 5351 1253 5408 Ed.
1277 5350 1371 5408 Dour.
1418 5345 1445 5425 6)
1467 5350 1498 5406 in
1520 5364 1629 5407 rnorem
1651 5347 1715 5406 Mo·

151 5456 296 5516 marchiae
312 5449 674 5530 Principetum'suseepit.
698 5455 758 5516 Ed.
781 5454 876 5515 Dour.
916 5451 1143 5532 ⁷)Mieesluwic
1167 5455 1226 5513 Ed.
1250 5454 1344 5513 Deir.
1392 5449 1420 5534 8)
1445 5455 1623 5528 captivatum
1643 5450 1715 5513 Cod.
1754 5527 1757 5532 Ι

153 5561 247 5622 Rosr.
298 5555 329 5639 ⁹)
352 5576 468 5620 crucem
490 5561 618 5620 monteio
641 5561 768 5620 insutum
789 5577 843 5634 pro
867 5560 1029 5633 insignibus
1052 5559 1112 5620 Ed.
1136 5559 1230 5623 Dobr.

203 5697 227 5740 J.
243 5695 342 5748 Diuum.
358 5695 441 5738 Hister.
455 5695 533 5738 Polou.
546 5695 572 5740 Τ,
587 5695 618 5738 11.
1528 5685 1560 5730 23
