4162 6288
414 515 490 589 432
1015 533 1127 588 nass
1153 534 1348 589 sanamus.
1521 459 1536 484 ⁸
1689 513 1960 608 (nomm.)
2047 600 2050 605 ,

414 720 545 796 Nicolai
573 721 834 795 Kassubitarum
861 719 974 809 Ducis,
1012 721 1146 794 nomine
1172 721 1373 808 bukerdem,
1401 721 1545 812 uisurus,
1582 721 1767 797 deseendit.
1812 722 1858 794 Ε)
1884 743 1958 795 eum

413 846 484 916 tam
513 863 619 915 mores
647 863 747 934 quam
784 843 892 916 forma
928 841 1072 935 uirginis
1099 841 1152 914 illi
1180 841 1471 934 complacuisseni,
1508 843 1632 937 accipit
1659 844 1754 917 illam
1782 843 1818 915 in
1845 842 1958 924 oosiu·
2073 823 2074 896 3

414 964 519 1058 glum,
548 964 790 1055 celebratisque
826 965 861 1036 in
896 963 1017 1057 oppido
1053 963 1166 1036 Stetin
1202 963 1353 1056 nuptiis,
1392 964 1486 1036 illam
1515 964 1548 1038 iu
1577 965 1779 1038 Posnaniam
1816 963 1961 1056 septima

412 1084 495 1157 Iulii
522 1083 576 1157 die
602 1084 757 1158 advehit:
795 1107 881 1174 quae
916 1086 950 1156 et
977 1083 1197 1177 processionis
1223 1084 1347 1157 honore
1373 1106 1393 1156 a
1419 1085 1605 1158 cathedrali
1634 1084 1851 1158 Posnaniensi
1878 1086 1962 1156 eta

414 1205 555 1278 caeteris
581 1205 742 1294 ecclesiis,
772 1207 807 1278 et
833 1228 854 1277 a
879 1206 1036 1278 Boleslao
1063 1205 1124 1279 Pio
1149 1204 1344 1278 Dalissiensi
1372 1207 1474 1294 Duce,
1511 1206 1593 1278 item
1630 1206 1769 1278 Nicolao
1795 1203 1958 1278 Posnani-

415 1327 485 1400 ensi
514 1327 680 1421 episcopo,
709 1327 791 1400 item
812 1326 834 1415 Ι)
861 1328 1042 1399 baronibus
1069 1329 1102 1398 et
1130 1326 1351 1419 optimatibus
1377 1326 1514 1400 Maioris
1542 1327 1710 1414 Poloniae,
1747 1325 1876 1398 obuiam
1905 1324 1958 1395 illi

414 1449 583 1536 euntibus,
612 1449 716 1542 digna
743 1447 931 1522 reverentia
958 1450 1100 1540 excepta
1127 1448 1192 1520 est.

871 1759 1092 1916 nunus
1113 1803 1336 1915 oomni
1373 1802 1508 1915 mro

439 2001 608 2122 boleslaus
635 2051 774 2122 lutiam
801 2051 1026 2123 bracariensis
1053 2055 1087 2122 ot
1113 2050 1312 2123 uladislaus
1339 2050 1520 2141 opoliensis
1546 2050 1649 2120 bacas
1677 2048 1933 2120 smouaiiisstur.

517 2289 783 2364 Iteorudesoebat
810 2290 900 2364 inter
926 2291 1118 2364 Boleslaum
1156 2289 1319 2365 Pudieum
1354 2290 1603 2364 cracoviensem
1639 2291 1674 2361 et
1709 2285 1959 2362 Sandomirien-

414 2432 483 2484 sem
510 2411 647 2501 Ducem,
675 2412 710 2485 et
737 2410 963 2484 wladislaum
992 2411 1203 2504 Opoliensem
1230 2412 1367 2500 Ducem,
1396 2433 1484 2484 anno
1511 2409 1673 2504 superiori
1701 2407 1898 2502 coeptum')
1924 2409 1962 2480 et

413 2534 548 2625 gestum
575 2531 714 2620 bollum,
743 2533 779 2604 et
805 2553 892 2605 uuus
920 2532 954 2604 in
982 2531 1124 2605 alterius
1152 2531 1330 2625 perniciem
1358 2531 1471 2625 copias
1496 2531 1697 2624 expediebat
1723 2533 1758 2603 et
1774 2552 1878 2616 arms,
1907 2528 1959 2602 si-

414 2652 571 2742 cinosque
598 2651 773 2745 Principes
799 2653 834 2725 et
860 2653 988 2726 uicinas
1027 2655 1146 2746 gentes
1182 2655 1241 2726 aut
1276 2652 1489 2725 necessitatis
1520 2653 1666 2740 uinculo,
1703 2653 1763 2724 aut
1790 2650 1958 2739 donatiuo,
2073 2685 2074 2692 κ

413 2795 543 2846 sumaim
569 2773 680 2846 studio
707 2773 936 2860 contrahebat,
966 2773 1147 2846 maioribus
1175 2796 1276 2866 propo
1303 2773 1388 2845 odiis
1414 2794 1514 2864 quam
1542 2773 1644 2846 armis
1670 2773 1797 2845 bellum
1815 2771 1959 2864 gesturi:

413 2915 488 2966 eum
525 2895 716 2968 Boleslaum
733 2891 772 2987 ³)·
788 2893 1037 2968 Gracoviensem
1075 2895 1200 2968 Ducem
1216 2895 1244 2986 4)
1281 2893 1467 2996 indignitas
1504 2894 1596 2980 iacti,
1632 2895 1719 2984 quod
1747 2893 1961 2966 Wladislaus

413 3015 490 3088 Dux
507 3013 536 3108 ⁵)
562 3014 596 3086 in
624 3036 761 3088 suumn
787 3017 954 3088 terramm
990 3014 1240 3107 occupationem
1273 3014 1483 3107 aspiraverat
1518 3015 1553 3088 et
1591 3012 1814 3087 anonnullis
1839 3013 1959 3086 Gnaeo·

413 3133 583 3208 aiensibus
611 3134 778 3208 militibus
805 3134 965 3209 iniustam
992 3133 1203 3208 deditionem'
1227 3137 1412 3228 acceperat,
1441 3133 1667 3210 Wladislaum
1695 3155 1772 3207 uero
1800 3133 1959 3226 Opolicn-

263 3275 269 3284 ·
414 3277 484 3328 sem
511 3256 636 3329 Ducem
664 3255 788 3346 exusti,
827 3255 1031 3349 spoliatique
1059 3255 1273 3349 principatus
1299 3258 1335 3328 et
1361 3258 1511 3330 recentes
1537 3255 1663 3328 cineres
1690 3257 1792 3345 atque
1820 3254 1961 3328 favillae
2072 3313 2074 3358 3

415 3376 450 3448 in
477 3397 538 3450 sua
564 3379 599 3452 et
625 3379 786 3450 baronum
815 3398 950 3452 suorum
977 3399 1035 3450 ora
1061 3377 1256 3467 recidentes,
1286 3377 1327 3450 ad
1354 3377 1565 3451 inferendum
1584 3378 1711 3450 bellum
1729 3375 1958 3449 stimularent.
2073 3415 2074 3452 1

413 3497 591 3570 Boleslaus
627 3496 763 3571 interim
800 3497 881 3570 Pius
916 3497 1129 3573 Dalissionais
1156 3497 1245 3587 Dur,
1283 3497 1436 3588 quamvis
1472 3497 1620 3590 partium
1656 3495 1804 3570 Boleslai
1841 3496 1960 3570 Pudici

413 3616 684 3711 Gramniensisb
712 3618 814 3692 Ducis
842 3620 940 3709 esset,
977 3617 1179 3692 dissidentes
1215 3619 1324 3692 Duces
1359 3619 1468 3710 coepit
1504 3620 1547 3692 ad
1579 3617 1671 3712 pacis
1706 3621 1742 3692 et
1776 3616 1960 3710 aequitatis
2073 3609 2074 3632 ³

413 3736 502 3812 uiam
529 3738 685 3812 reducere
711 3740 747 3812 et
772 3737 907 3830 utrique
934 3760 1050 3832 paoem
1078 3739 1296 3831 persuadere:
1325 3761 1464 3831 quorum
1493 3740 1691 3833 perplures
1725 3740 1893 3812 tractatus
1922 3739 1960 3812 et

413 3858 542 3951 fatigas
570 3859 705 3933 flamma
730 3860 867 3932 tandem
893 3860 1061 3950 restricta,
1106 3860 1224 3950 aequis
1251 3859 1510 3950 conditionibus,
1548 3861 1635 3952 quod
1662 3860 1750 3952 apud
1778 3861 1960 3934 nonnullos

413 3977 472 4051 uix
499 3978 658 4072 possibile
693 3978 879 4068 uidebatur,
916 3975 1057 4053 redditis
1091 3979 1171 4052 hinc
1206 3979 1284 4053 inde
1319 3980 1462 4073 captiuis
1493 3983 1529 4054 ot
1554 3981 1685 4054 damnis
1720 3980 1958 4074 compensatis,

413 4118 529 4190 paoem
555 4099 753 4193 composuit.

347 4545 350 4552 Ι
411 4457 567 4533 lanistis
595 4460 787 4532 montorii
822 4459 945 4532 ortium
981 4459 1206 4532 distortionis
1234 4460 1267 4531 iu
1294 4461 1447 4551 l’olplps,
1484 4463 1536 4534 sal
1563 4461 1674 4552 potius
1700 4463 1876 4534 translatio
1902 4481 1959 4552 per

895 4582 1093 4670 ssesugiun
1120 4581 1327 4654 Panormita
1353 4581 1479 4654 bucon

516 4783 641 4878 Quarto
677 4785 791 4860 Nonas
827 4783 997 4873 Ianuarii,
1035 4783 1236 4877 Matiuogius
1251 4785 1280 4877 7)
1315 4787 1394 4857 Dux
1430 4785 1647 4858 Pomeraniae
1682 4785 1718 4858 in
1754 4789 1863 4859 casim
1896 4809 1957 4858 suo

413 4903 626 4998 Sauyocaei)
654 4927 770 5000 agens,
808 4905 1046 4978 monasterium
1085 4905 1119 4978 in
1147 4905 1293 5000 Polplpn
1308 4906 1337 4998 9)
1363 4905 1398 4977 in
1425 4909 1517 4980 terra
1554 4906 1770 4980 Pomeraniae
1798 4911 1834 4980 et
1858 4907 1956 4980 torri-

523 5129 549 5210 ¹)
572 5149 626 5191 neo
649 5151 706 5192 non
733 5132 803 5193 (lod.
827 5133 919 5190 Roas.
959 5128 986 5205 Ω)
1009 5136 1131 5202 coeptae
1154 5130 1352 5190 dissensiones
1375 5131 1435 5190 Ed.
1459 5131 1546 5207 Ldpc.
1582 5129 1798 5208 ³)Boleslaum
1819 5131 1959 5191 Pudicam

414 5236 474 5294 md.
497 5235 586 5311 Lipe.
620 5232 647 5312 4)
669 5235 780 5294 Ducem
803 5235 881 5296 deest
902 5236 938 5293 ia
965 5233 1034 5293 eod.
1058 5232 1132 5291 Aut.
1173 5229 1199 5308 ⁵)
1223 5233 1390 5306 opoliensis
1412 5235 1480 5294 Dux
1503 5237 1563 5294 Ed.
1585 5237 1673 5310 Lipa.
1706 5232 1734 5311 6)
1757 5235 1956 5294 cracoviensis
2072 5223 2074 5226 ’

413 5344 444 5397 et
459 5337 703 5399 sandomiriensis
729 5339 799 5400 Ood.
823 5340 915 5400 Roas.
948 5334 973 5413 ⁷)
996 5337 1163 5410 Msczupius
1190 5335 1260 5397 Ood.
1285 5339 1377 5398 Roas.
1412 5336 1599 5416 ⁸)Szniecie
1625 5339 1696 5398 God.
1721 5340 1814 5399 Roas.
1844 5335 1955 5414 9)Ροί-

412 5444 464 5515 pin
489 5441 559 5504 coa.
581 5443 672 5504 Rosr.
