4140 6298
142 531 207 635 (Α.
228 531 276 611 D.
296 531 411 638 1241.)
748 559 861 612 arama
887 559 1082 616 aerumna.
1616 546 1690 618 267

139 744 299 841 oppidum
326 745 514 842 Polaupeca
540 747 584 821 ad
602 747 727 822 flumen
753 745 884 822 (baama
910 746 1251 858 situm-attigissent,
1280 752 1316 827 et
1341 751 1432 846 apud
1449 751 1581 844 uillam,
1610 774 1695 847 quae

139 866 247 942 maior
273 867 404 942 Tursko
431 870 580 960 uocatur,
619 869 746 944 statiua
777 867 959 962 habebant,
996 871 1076 946 dum
1111 871 1190 948 illos
1215 873 1439 950 Wlodimirus
1465 875 1695 950 Gracouieusis

139 989 315 1085 pustinm
341 1011 418 1065 oum
445 989 587 1068 cacteris
613 990 887 1068 dracouiensibus
924 991 1102 1084 militibus,
1132 993 1250 1089 paucis
1277 995 1392 1072 aman
1418 997 1608 1088 admodum,
1637 997 1695 1073 sed

138 1112 198 1186 aut
224 1110 369 1204 uincere,
397 1113 459 1186 aut
485 1111 569 1187 mori
596 1112 777 1208 persuasis,
806 1114 1006 1206 consecutis,
1034 1114 1146 1190 subito
1172 1137 1366 1211 aggressus,
1395 1118 1562 1212 praelium
1590 1119 1693 1194 auda-

138 1231 274 1310 cissime
299 1232 457 1309 macerit.
485 1233 610 1309 Verum
636 1233 702 1309 etsi
729 1236 869 1331 propter
886 1235 1034 1311 subitam
1052 1235 1259 1314 invasionem
1285 1238 1508 1314 wladimirus
1534 1261 1694 1336 magnam

138 1355 272 1432 caedem
301 1355 338 1430 in
364 1355 548 1432 Thartarcs
574 1355 718 1432 ediderit
744 1358 780 1433 et
811 1357 1044 1434 strenuissime
1070 1379 1147 1433 oum
1173 1358 1247 1433 illis
1273 1381 1423 1456 pugnam
1441 1361 1596 1457 gesserit,
1615 1363 1693 1437 tau·

138 1478 213 1553 dem
240 1479 357 1553 tamen
384 1499 446 1553 sua
466 1477 489 1573 ¹)
517 1478 688 1574 paucitate
724 1479 882 1555 Thartari
919 1482 1108 1576 conspecte,
1137 1503 1173 1556 se
1201 1479 1344 1558 invicem
1371 1483 1547 1574 cohortati,
1581 1485 1695 1558 turma

137 1597 272 1695 ingenti
299 1599 402 1691 facta,
440 1599 546 1676 aciem
573 1601 775 1677 Polonorum
802 1603 979 1698 frangunt,
1017 1603 1228 1696 Polonosque
1255 1601 1447 1679 devincunt.
1491 1603 1695 1682 Adolescens

138 1723 221 1796 tuuc
246 1723 361 1798 claras
387 1723 422 1798 et
448 1722 645 1817 spectabilis
671 1723 818 1799 llichael
845 1724 1125 1820 Praeduopouica
1156 1747 1232 1801 oum
1260 1725 1378 1800 multis
1405 1723 1483 1801 aliis
1510 1725 1695 1802 fortissime

138 1865 308 1940 pugnans,
345 1843 573 1939 pulcherrima
609 1846 716 1922 morte
751 1844 918 1922 occubuit.
964 1845 1402 1940 Palatinuswlodimirus,
1441 1871 1508 1924 non
1543 1847 1609 1924 sibi
1636 1849 1694 1924 sed

138 1963 268 2062 patriae
295 1966 520 2059 consulturus,
551 1969 591 2042 ut
617 1969 707 2044 esset
732 1967 791 2061 qni
819 1967 916 2043 illam
942 1969 1124 2061 tutaretur,
1154 1968 1332 2044 incolumis
1358 1968 1479 2046 evasit.
1507 1971 1603 2045 Inter
1629 1993 1693 2064 pu·

138 2088 311 2184 grandnm
338 2090 454 2164 mmen
481 2087 589 2164 omnis
615 2089 825 2185 captiuorum
859 2088 1042 2166 multitudo
1070 2090 1105 2165 iu
1133 2089 1339 2186 propinquas
1365 2093 1400 2167 et
1427 2091 1606 2186 contiguas
1631 2089 1693 2165 sil·

138 2229 197 2284 ras
224 2208 419 2305 diffugiens,
448 2233 484 2286 sc
509 2210 648 2306 recepit.
694 2211 832 2287 Poterat
867 2213 949 2288 tunc
985 2210 1122 2288 Polouis
1154 2213 1257 2307 plena
1283 2210 1424 2288 victoria
1450 2213 1491 2288 de
1517 2213 1694 2288 'l'hartaris
1738 2261 1745 2266 -
1818 2209 1821 2215 ’

138 2329 353 2426 prouenisso;
381 2332 440 2407 sed
467 2333 547 2406 dum
574 2331 693 2428 primis
728 2331 862 2408 aciebus
896 2334 1077 2428 prostratis
1112 2333 1365 2425 Thartarorum,
1405 2333 1523 2410 Poloui
1560 2332 1693 2408 auidius

137 2450 258 2547 spoliis
294 2451 449 2545 inhiant,
479 2452 661 2549 remissius
696 2454 872 2530 mactando
908 2476 1079 2550 pugnam,
1117 2453 1228 2550 gloria
1262 2453 1428 2550 triumphi
1463 2453 1573 2530 orbati
1600 2457 1691 2530 sunt.

138 2572 300 2650 Thartari
326 2573 391 2650 etsi
417 2576 508 2670 apud
540 2597 577 2652 ae
603 2574 781 2651 victoriam
816 2576 1019 2652 remansisse
1053 2576 1218 2668 uiderant,
1256 2577 1372 2672 strage
1407 2583 1523 2652 umen
1558 2599 1694 2652 suornm

140 2694 336 2792 multiplici,
364 2698 526 2792 tanquam
553 2697 714 2774 debellati
741 2700 777 2774 et
802 2697 884 2775 uicti
912 2700 1036 2790 emant,
1065 2697 1223 2794 perculsi,
1252 2719 1318 2774 oon
1346 2696 1494 2793 amplius
1519 2701 1578 2790 (ne
1595 2719 1617 2772 a
1633 2720 1692 2772 no-

138 2839 178 2894 ro
204 2819 242 2896 ct
268 2817 396 2896 recenti
423 2817 661 2896 invaderentur
687 2819 854 2916 exercitu)
885 2819 1068 2896 consistere
1094 2819 1129 2894 in
1156 2818 1308 2912 Polonio,
1337 2821 1399 2895 aut
1425 2821 1567 2916 praedas
1593 2841 1694 2915 agore

136 2939 222 3033 ansi,
258 2940 364 3016 citato
399 2940 545 3037 agmine,
583 2941 800 3018 morientium
835 2961 972 3018 suorum
1007 2941 1252 3018 Thartarorum
1287 2963 1332 3016 ox
1366 2941 1564 3017 uulneribus
1598 2963 1694 3016 secus

138 3061 226 3138 uiam
255 3060 472 3160 proiicientes
498 3064 672 3158 cadavera,
700 3064 737 3140 in
763 3063 962 3158 Zanichost,
995 3065 1031 3141 et
1057 3063 1181 3140 exinde
1208 3063 1244 3138 in
1270 3061 1463 3140 Secuechou
1479 3063 1508 3158 9)
1535 3061 1608 3138 sine
1635 3084 1692 3139 ou·

140 3183 281 3262 inslibet
308 3183 465 3262 molestia
490 3185 712 3282 perueniunt:
741 3187 799 3262 ubi
826 3187 862 3262 in
889 3187 976 3264 silua
1003 3209 1139 3283 magna,
1167 3207 1254 3281 quae
1281 3186 1455 3262 Stremech
1482 3184 1518 3259 iu
1536 3185 1694 3261 Poiouioo

138 3305 275 3399 dicitnr,
304 3307 438 3400 aliquot
463 3307 582 3385 diebus
609 3311 645 3385 ot
670 3308 826 3386 noctibus
852 3311 907 3402 (ut
934 3309 1150 3404 insequentes
1177 3307 1356 3403 fallerent)
1382 3305 1521 3383 dualem
1543 3307 1693 3402 stragem

139 3429 175 3506 et
197 3428 381 3522 excidium,
409 3453 497 3523 quae
523 3430 638 3508 diuina
665 3430 916 3527 propitiatione,
944 3431 975 3507 si
1002 3431 1079 3526 quis
1105 3429 1237 3508 uincere
1263 3431 1299 3506 et
1325 3427 1485 3526 congredi
1511 3449 1614 3504 ausus
1639 3449 1692 3503 es-

140 3552 201 3644 set,
231 3551 454 3647 provenisset,
492 3551 605 3646 veriti,
642 3554 829 3630 latuerunt.
873 3553 1156 3648 Exploratoribns
1191 3551 1312 3627 deinde
1339 3551 1410 3626 suis
1436 3549 1525 3624 nihil
1556 3548 1692 3640 hostile,

138 3673 196 3750 aed
222 3672 338 3750 omnia
373 3673 516 3770 pacifica
550 3674 836 3768 renuntiantibus,
875 3675 964 3752 silua
995 3675 1168 3752 Stramech
1194 3672 1320 3770 egressi
1348 3671 1384 3747 in
1410 3669 1572 3748 ltussiam
1598 3669 1692 3747 rede·
1752 3693 1754 3701 J

139 3796 212 3887 unt,
240 3797 278 3872 ct
303 3796 460 3892 ampliori
488 3796 524 3871 in
551 3798 824 3893 supplementum
851 3819 977 3890 eorum,
1005 3797 1064 3892 qui
1091 3797 1181 3893 apud
1203 3796 1334 3871 Turslro
1352 3793 1554 3883 ceciderant,
1582 3813 1692 3868 accer-

139 3915 204 3993 sito
230 3916 395 4010 exercitu,
431 3919 591 4014 repetunt
617 3919 803 4012 Polouiam,
829 3941 952 4016 magno
986 3918 1137 4010 fremitu,
1165 3938 1356 4014 magnaque
1382 3915 1434 3990 ira
1459 3914 1625 3990 ultionem
1651 3913 1693 3986 de

140 4037 278 4115 Polonis
305 4061 364 4134 pro
391 4040 483 4117 edita
509 4041 545 4117 in
571 4065 607 4118 se
633 4043 749 4138 strage
776 4040 958 4137 sumpturi.
1003 4041 1050 4116 Et
1076 4041 1202 4136 partes,
1239 4061 1323 4132 quas
1353 4035 1517 4133 superiori
1544 4034 1694 4111 transitu

139 4162 369 4254 imbuerant,
397 4161 535 4258 pacifice
561 4163 814 4260 praetergressi,
843 4164 923 4238 dum
949 4164 1040 4258 apud
1066 4159 1313 4238 Saudomiriam
1339 4159 1467 4236 duobus
1485 4157 1604 4234 diebus
1622 4159 1693 4232 sta·

139 4281 211 4358 tiva
237 4282 446 4376 habuissent,
484 4284 671 4362 exercitum
697 4305 808 4378 suum,
846 4284 1056 4362 considerata
1086 4283 1160 4360 eius
1187 4280 1418 4372 multitudiue,
1456 4279 1578 4356 bifarie
1604 4278 1691 4354 diui-

140 4404 246 4480 dunt:
275 4407 311 4482 ot
337 4404 498 4483 minorem
525 4407 659 4501 quidem
687 4409 829 4504 partem,
867 4405 964 4482 cuius
998 4406 1185 4502 Kapdanus
1219 4405 1337 4480 ductu
1363 4404 1400 4478 et
1425 4400 1582 4497 princeps
1608 4403 1693 4492 erat,

140 4547 259 4604 versus
284 4525 476 4605 Lanoiciam
503 4531 539 4605 et
565 4529 756 4626 (lupariam,
793 4527 964 4606 Rutlrenis
992 4527 1191 4622 quibusdam
1227 4525 1349 4622 oppido
1384 4522 1522 4600 Polouis
1559 4521 1694 4598 infestis

140 4669 279 4745 gresem
315 4671 429 4726 eorum
455 4653 490 4728 et
516 4650 640 4728 itinera
675 4650 912 4748 dirigentibus,
949 4648 1199 4741 tansmittunt,
1237 4645 1297 4742 qui
1331 4645 1485 4742 regiones
1511 4644 1592 4720 illas
1618 4644 1693 4719 sino

141 4771 257 4864 aliquo
284 4771 376 4848 obice
402 4772 632 4850 crudelissime
659 4773 739 4871 igne
765 4776 801 4851 et
827 4772 982 4850 caedibus
1007 4773 1203 4862 vastarunt3
1232 4769 1339 4846 maior
1364 4789 1456 4864 pars,
1484 4765 1520 4841 iu
1547 4788 1615 4861 qua
1641 4787 1693 4842 eo·

142 4893 196 4969 lus
222 4892 437 4989 praesidebat
462 4893 588 4992 Bathp,
617 4915 734 4972 uersus
760 4894 963 4988 bracouiam,
992 4892 1213 4990 populatione
1240 4889 1346 4968 latius
1373 4891 1526 4981 autenm,
1554 4887 1692 4964 muten-

129 5014 193 5090 ·dit
219 5017 255 5092 et
281 5037 413 5092 omnem
440 5037 532 5092 oram
559 5037 676 5093 versus
702 5016 869 5112 Islaamb
887 5015 1056 5113 oppidum
1081 5016 1118 5092 et
1143 5015 1269 5090 flumen
1294 5012 1471 5108 Kamyona
1501 5008 1602 5084 sitam
1619 5029 1695 5084 oae-

143 5136 184 5213 de
210 5139 246 5213 et
272 5135 427 5214 incendio
453 5139 639 5234 peruastat.
667 5138 770 5215 (luins
797 5140 832 5214 et
858 5138 894 5214 in
920 5137 1117 5214 hodiernum
1145 5135 1234 5213 diem
1251 5133 1485 5210 monstrantur
1510 5132 1547 5207 ot
1573 5131 1695 5207 camut

143 5257 308 5356 vestigia:
345 5259 456 5336 strata
490 5259 580 5338 euim
607 5260 697 5338 iuter
722 5259 824 5338 uillas
850 5258 1058 5338 Prandocain
1092 5260 1129 5335 ct
1154 5257 1316 5335 Rrechou
1348 5252 1557 5350 episcopales
1592 5251 1695 5348 prope

253 5519 277 5614 ¹)
300 5521 418 5598 andem
441 5527 524 5601 muta
549 5521 620 5603 God,
642 5523 734 5588 acar.
773 5519 801 5602 Ω)
824 5521 1003 5595 Sicciaclrou
1025 5520 1085 5594 Ed.
1108 5519 1195 5599 lopo.
1234 5509 1469 5602 'littamblitd-
1491 5513 1584 5584 soar.
