4162 6288
168 560 230 658 (Α.
251 559 299 637 D.
320 562 438 657 1250.)
780 586 891 639 nunna
918 587 1113 641 sosarmus.
1464 597 1469 604 ·
1642 573 1716 645 369

165 769 345 846 exactione
370 771 406 846 st
431 769 562 846 tributo
589 769 767 848 immunes.
809 772 887 846 Suis
914 773 1033 849 deinde
1059 773 1251 869 sumptibus
1277 775 1312 850 ot
1338 774 1515 852 eoelesiam
1542 777 1578 851 et
1605 797 1720 853 mona·

167 891 324 982 sterium,
351 891 647 984 habitationesque
669 893 862 968 famulabus
888 894 952 970 Dei
978 893 1134 971 aedificat
1152 897 1187 972 ot
1205 899 1425 990 consummat,
1455 897 1720 993 religionemque

168 1013 368 1088 monialium
395 1013 512 1089 Sanati
538 1013 707 1106 Damiani,
736 1014 863 1090 ordinis
890 1016 1007 1092 800011
1031 1016 1214 1110 Prandium,
1244 1040 1345 1110 quam
1363 1018 1399 1092 in
1418 1019 1683 1113 praesentiarum
1697 1019 1721 1115 ¹)

168 1134 315 1209 8000100
341 1133 459 1209 Olenon
485 1133 682 1227 roeitamus
712 1134 747 1209 in
774 1136 884 1212 looum
910 1159 932 1212 a
958 1159 993 1212 se
1010 1137 1190 1212 fundatum
1209 1139 1244 1213 et
1262 1139 1416 1213 dotatum
1443 1137 1585 1214 indunit.
1613 1139 1721 1234 Quam

167 1253 305 1347 quidem
333 1255 492 1330 Sanctam
527 1255 661 1331 illoram
695 1254 892 1334 Alexander
927 1259 1021 1353 Papa
1056 1261 1198 1349 quartus
1234 1281 1323 1334 anno
1359 1259 1552 1336 immediate
1585 1283 1720 1355 praeoe-

168 1375 264 1450 denti
291 1375 490 1451 Sanomrum
518 1377 673 1470 natalogo
700 1379 914 1472 ascripserat,
942 1379 1129 1474 religioque
1153 1380 1228 1474 ipsa
1246 1379 1380 1455 nomine
1408 1383 1549 1472 mutato,
1578 1381 1721 1456 Sanetus

169 1496 289 1572 Olarae
317 1497 504 1592 appellata.
536 1498 616 1572 Ideo
642 1501 756 1573 autem
783 1500 963 1574 Boloslaus
990 1500 1137 1574 Pudions
1165 1502 1287 1576 fratres
1314 1523 1392 1576 suos
1420 1503 1591 1596 patrueles
1617 1503 1720 1576 Kaul-

170 1617 294 1692 mirnm
321 1617 583 1714 Onpauienssrn,
621 1621 657 1694 et
692 1620 899 1695 Sernouitum
935 1621 1103 1696 blasoriae
1138 1623 1246 1697 Duoes
1261 1622 1289 1716 ²)
1325 1624 1368 1698 ad
1395 1623 1430 1697 id
1457 1623 1635 1698 eonsilium
1662 1625 1721 1697 ad·

169 1737 295 1828 hibuit,
324 1742 364 1813 ut
390 1739 545 1815 fundatio
572 1741 607 1815 et
634 1741 764 1816 dotatio
791 1742 986 1816 monasterii
1021 1742 1186 1837 praedioti
1213 1743 1494 1820 Zauiohostensis
1521 1767 1634 1820 eorum
1662 1767 1722 1840 sp·

171 1859 369 1955 probatione
392 1863 428 1936 st
447 1883 611 1937 consensu
638 1863 782 1938 ualidior
808 1865 911 1956 atquo
937 1863 1077 1938 solidior
1103 1864 1211 1939 fieret.
1240 1865 1323 1940 (lum
1350 1866 1440 1941 onim
1466 1867 1595 1942 sterilis
1621 1869 1724 1958 atque

170 1982 272 2056 orbus
299 1984 399 2072 esset,
428 1983 464 2056 et
491 2003 626 2057 snorum
654 1984 858 2074 Duoatuum‚
887 2006 923 2058 se
950 1987 1140 2081 absumpto,
1169 1985 1342 2060 Kaaimiro
1369 1987 1580 2089 Cnyauiensi,
1627 1988 1721 2062 180-

170 2101 299 2176 mouito
324 2102 494 2178 llasoriae
533 2103 683 2177 Duoibus
698 2101 726 2198 ³)
761 2106 798 2179 ot
823 2105 906 2178 filiis
932 2127 1045 2180 eornm
1081 2107 1247 2182 suoosssio
1274 2108 1463 2198 deberetur,
1500 2129 1619 2202 operae
1646 2129 1722 2202 pre·

170 2223 260 2297 tium
287 2222 397 2298 uisum
423 2224 486 2316 ost,
525 2243 732 2300 subsessores
759 2225 794 2299 in
821 2245 891 2300 rom
927 2228 1203 2322 approbationem
1239 2229 1401 2318 fauturos,
1439 2251 1481 2304 ne
1507 2228 1636 2304 irritari
1662 2233 1724 2303 ant

171 2344 317 2420 rosaindi
353 2345 548 2420 sterilitatis
583 2348 645 2421 aut
681 2368 890 2440 quorumque
917 2348 985 2422 alio
1012 2350 1121 2423 oolore
1149 2353 1274 2445 posset,
1303 2349 1417 2425 aooiri.
1458 2349 1528 2444 Quo
1556 2349 1722 2442 siquidem

171 2465 310 2560 negotio
345 2467 507 2558 eonfeoto,
544 2465 602 2560 pia
629 2469 738 2557 mutar
763 2467 913 2542 Boloslai
941 2469 1057 2543 Pudioi
1085 2469 1330 2561 Graimislawa,
1369 2491 1455 2563 quae
1482 2473 1518 2544 et
1544 2471 1618 2565 ipsa
1643 2470 1722 2545 fun·

171 2586 277 2662 dandi
304 2586 500 2690 monasterii
529 2587 675 2682 praefati
701 2588 980 2664 Zauiahostensis
1016 2590 1166 2665 ardorem
1202 2591 1320 2668 sedula
1346 2590 1573 2666 admonitione
1600 2590 1722 2666 inione-

173 2709 243 2799 rat,
276 2707 436 2782 delunata
470 2709 523 2783 est
553 2709 590 2782 et
615 2707 651 2782 in
678 2709 882 2785 monasterio
917 2711 1076 2786 Fratrum
1103 2709 1271 2786 Minorum
1298 2711 1333 2786 in
1360 2711 1550 2788 Zaniohost
1576 2711 1722 2807 sepulta,

172 2828 305 2903 duobus
330 2830 367 2903 et
391 2827 540 2923 triginta
565 2829 665 2903 annis
692 2829 727 2902 in
755 2830 922 2906 uiduitate
948 2831 1092 2907 exaotis.

279 2947 377 3024 Anno
403 2949 519 3024 eodem
546 2951 656 3024 motus
682 2951 793 3026 terrae
819 2973 880 3045 per
912 2953 1103 3028 nniversam
1130 2950 1305 3027 Poloniam
1331 2955 1470 3029 exortus
1497 2955 1569 3029 est:
1597 2975 1641 3028 ex
1659 2975 1725 3045 quo
1787 2970 1793 2978 ’

172 3087 331 3165 processu
367 3071 530 3166 temporis
561 3070 721 3146 Polonian
751 3072 1025 3168 repugnante,
1063 3073 1326 3149 dissensionibus
1353 3076 1389 3149 et
1415 3073 1572 3168 plurimis
1598 3073 1724 3149 incom-

174 3190 284 3266 modis
317 3192 439 3267 uexata
465 3193 531 3267 ost.
568 3191 663 3268 Idem
694 3214 827 3286 quoqne
860 3195 972 3269 motus
1004 3196 1115 3270 burae
1141 3194 1178 3269 in
1204 3194 1376 3290 Bolromia,
1413 3194 1724 3270 1101001001Ηο0-

174 3312 275 3407 garia
305 3313 429 3388 fnemt.
1385 3308 1429 3344 *¹*
1669 3302 1674 3316 ’

139 3437 142 3446 “
280 3433 484 3530 Stroynatus
518 3433 724 3510 Litbuaniae
755 3435 835 3508 Dux
869 3435 1000 3530 partem
1035 3437 1146 3511 terrae
1178 3437 1346 3513 llasouiae
1372 3437 1462 3512 airas
1488 3437 1642 3532 anmyn
1668 3437 1726 3512 do·

175 3555 357 3650 praedatus
383 3557 447 3648 est,
476 3556 511 3630 et
538 3556 687 3630 oestrum
714 3554 876 3631 Oraimou
903 3556 1113 3650 oonquirons‚
1152 3557 1241 3632 uiros
1268 3559 1304 3632 et
1330 3561 1473 3652 puberes
1500 3557 1633 3647 oooidit,
1662 3557 1725 3630 irn-

177 3678 319 3771 pnberes
343 3697 422 3751 uero
448 3675 529 3772 igno
555 3676 780 3752 oonarsmarit
814 3679 851 3752 st
877 3679 992 3772 plures
1029 3677 1165 3754 feminei
1192 3699 1294 3754 sexns
1329 3699 1490 3774 personas
1517 3678 1553 3752 in
1580 3678 1725 3772 eaptivi-

174 3799 283 3874 tatsm
318 3796 473 3891 abduxit,
509 3797 695 3873 maximam
723 3800 758 3872 et
784 3798 966 3892 crudelem,
994 3799 1074 3894 plus
1105 3821 1205 3893 quarn
1231 3799 1442 3876 barbarioam
1478 3799 1515 3874 in
1542 3797 1726 3874 eatholioos

174 3939 337 3994 exardens
363 3916 578 4015 tyrannidem
605 3921 641 3995 at
667 3917 891 4014 impietatem.

628 4275 836 4394 ANNUS
871 4277 1097 4394 dommi
1132 4279 1271 4395 1259.

472 4526 673 4602 Wrrolrlrur
699 4527 771 4600 bu
798 4527 979 4601 slavorum
1005 4527 1228 4602 bononorum
1254 4527 1436 4620 populator.

283 4765 494 4845 Wareislaus
530 4768 715 4844 Slauornm
742 4769 777 4844 et
803 4766 1068 4842 Kasaubitarum
1102 4767 1182 4841 Dux
1217 4765 1477 4859 iniuriosaque,
1516 4764 1729 4860 frequentius

179 4887 506 4984 afluantopellrone
533 4887 751 4966 Pomeraniao
777 4889 869 4965 Duos
896 4888 961 4964 sibi
987 4890 1024 4964 et
1040 4887 1142 4967 tende
1168 4888 1241 4962 suis
1267 4889 1444 4984 irrogatas,
1473 4888 1621 4979 ulturus,
1650 4911 1729 4963 oon·

179 5009 278 5102 gesto
306 5030 349 5081 ex
375 5008 531 5083 omnibus
567 5007 713 5084 subditis
748 5007 818 5084 suis
849 5007 1012 5099 exereitu,
1049 5009 1178 5083 habens
1214 5007 1351 5102 insuper
1385 5005 1489 5084 Dnois
1515 5005 1730 5082 (lalissiensis

179 5127 332 5202 Boloslai
367 5129 434 5204 sibi
470 5128 709 5223 eonfoederati,
745 5127 901 5226 gentium
936 5130 972 5204 ot
1006 5127 1156 5203 militum
1191 5126 1426 5222 expeditorum
1461 5126 1586 5201 solatia
1601 5127 1641 5221 ⁴),
1670 5148 1731 5221 pro

293 5403 319 5485 ¹)
341 5407 528 5481 impraesens
553 5404 625 5469 Ood.
648 5405 739 5468 Reor.
777 5401 807 5486 ²)
829 5405 928 5466 Duces
946 5405 1076 5468 medio
1093 5401 1254 5466 000100.
1294 5400 1322 5482 Ι)
1344 5404 1476 5466 Ducibus
1498 5403 1577 5466 deest
1597 5403 1634 5465 io
1658 5401 1730 5464 God.

183 5507 259 5572 Aoo.
298 5505 326 5588 ⁴)
347 5511 459 5571 0011110
485 5507 556 5571 (dod.
579 5510 673 5571 Rorr.

233 5643 256 5685 o.
271 5641 364 5694 nrm.
379 5641 464 5686 mnas.
477 5641 555 5684 aenou
568 5641 594 5688 u.
608 5642 640 5690 ιι,
1545 5629 1577 5684 at
