4172 6278
166 535 226 631 (Α.
246 533 294 612 D.
314 531 419 632 1217.)
786 557 899 614 amna
926 560 1081 618 saxrue.
1637 550 1711 626 203

179 767 182 774 ·
266 743 421 822 Andreas
446 745 629 843 Pragensis
654 746 842 844 episcopus,
871 748 943 824 tam
970 749 1214 827 aPrzemislao
1232 751 1338 849 Rege,
1367 774 1468 848 quam
1496 777 1518 830 a
1543 755 1715 833 nobilibus

162 867 198 943 et
224 865 431 943 militaribus
456 866 639 945 Bohemiae
665 870 781 964 plures
807 868 950 945 iniurias
977 873 1012 946 et
1038 871 1269 968 oppressiones
1296 875 1369 949 tum
1396 875 1431 949 iu
1450 875 1610 951 uillarum
1643 879 1714 953 cal-

162 987 390 1064 culationibus
417 988 683 1065 attributorum
718 990 964 1084 exactionibus,
1000 993 1075 1067 tum
1110 993 1147 1068 in
1182 993 1386 1070 decimarum
1421 996 1712 1093 derogationibus,

164 1131 251 1202 quas
277 1111 313 1187 et
339 1107 404 1184 sibi
431 1110 466 1185 et
493 1110 708 1187 monasteriis
735 1113 771 1186 et
797 1111 864 1208 piis
903 1113 987 1188 locis
1021 1135 1061 1189 ac
1087 1113 1242 1190 universo
1277 1117 1365 1192 clero
1392 1116 1597 1213 irrogabant,
1636 1142 1713 1214 por·

163 1251 295 1327 possus,
323 1233 404 1308 dum
430 1231 559 1308 uideret
585 1234 621 1308 et
646 1233 776 1328 Regem
802 1235 837 1309 et
864 1233 993 1310 nobiles
1028 1234 1255 1312 inexorabiles
1291 1237 1328 1312 in
1355 1239 1521 1334 ampliora
1555 1240 1712 1316 ecclesia-

160 1375 237 1428 rum
265 1353 466 1450 gravamina
501 1352 669 1450 grassari,
707 1356 742 1428 et
776 1355 855 1449 plus
889 1355 990 1432 solito
1017 1356 1060 1430 ud
1086 1357 1236 1433 facinora
1270 1358 1340 1455 legi
1377 1359 1512 1436 divinae
1547 1361 1717 1436 contraria

162 1473 329 1568 proclives
346 1497 430 1568 esse,
459 1477 495 1551 et
512 1496 574 1550 neo
600 1474 765 1570 precibus,
794 1497 903 1570 noque
930 1476 1216 1554 admonitionibus
1242 1479 1434 1556 salubribus
1455 1481 1479 1576 ¹)
1506 1482 1715 1574 acquiescere

159 1597 261 1687 uelle,
290 1597 349 1673 sed
376 1596 542 1673 deteriora
567 1595 677 1671 indies
704 1596 848 1690 sectari,
884 1599 1021 1674 boatum
1057 1597 1279 1676 adalbertum
1315 1603 1484 1696 quondam
1510 1605 1715 1700 Prageusem

159 1716 357 1814 episcopum
375 1717 585 1810 imitatums,
615 1717 735 1795 merito
763 1717 816 1794 oui
846 1719 1045 1797 successisse
1073 1743 1109 1796 se
1136 1721 1264 1798 sciebat
1281 1721 1317 1797 in
1336 1725 1419 1816 loco,
1447 1725 1595 1820 primum
1614 1729 1714 1802 Prae

159 1837 322 1914 mislaum
348 1839 479 1936 Regem
505 1841 541 1915 et
566 1841 708 1916 barones
743 1839 924 1916 Bohemiae
961 1841 1318 1920 excommunicationis
1350 1845 1520 1922 sententia
1546 1847 1713 1941 percellit;

159 1960 282 2038 deinde
309 1983 384 2036 cum
411 1962 488 2038 Rex
514 1963 549 2037 et
576 1961 629 2036 sui
655 1983 815 2038 censuras
842 1961 1011 2039 irridendo
1027 1963 1056 2059 ²)
1082 1967 1346 2059 contemnerent,
1384 1967 1578 2044 uniuersum
1604 1971 1714 2046 Bobe-

160 2082 250 2158 miae
276 2083 436 2179 Regnum
463 2082 690 2159 ecclesiastico
718 2083 880 2179 supponit
915 2083 1107 2160 interdicto.
1152 2087 1199 2161 Et
1230 2087 1376 2164 furorem
1411 2089 1542 2184 regium
1570 2091 1712 2166 extime—
1776 2169 1779 2174 ,

158 2223 258 2279 scens
284 2205 388 2295 atque
414 2203 575 2295 militum,
612 2202 737 2299 Quarto
766 2204 849 2278 Idus
874 2203 1017 2300 Aprilis,
1037 2206 1169 2282 deserta
1196 2207 1274 2283 sede
1299 2231 1372 2301 sua,
1401 2232 1443 2285 ne
1469 2210 1714 2288 contaminare-

156 2328 223 2400 tur
251 2323 404 2399 sordibus
432 2324 683 2418 sceleratorum,
720 2325 872 2418 Romam,
910 2325 1080 2421 aliquibus
1102 2327 1341 2404 ecclesiasticis
1376 2332 1411 2406 et
1437 2330 1607 2406 timoratis
1633 2332 1716 2407 uiris

158 2467 238 2522 eum
274 2445 588 2538 concomitantibus,
626 2447 782 2540 secessit,
819 2469 881 2524 nec
908 2449 951 2523 ad
978 2450 1111 2544 plebem
1148 2450 1364 2543 obstinatam,
1402 2453 1497 2527 ouius
1533 2453 1653 2528 duram
1680 2455 1715 2530 et

158 2567 433 2664 irrefragabilem
459 2568 622 2645 ceruicem
649 2571 788 2644 nouerat
815 2568 1001 2646 difficulter
1028 2571 1167 2662 domari,
1205 2593 1408 2667 quamquam
1435 2575 1716 2670 metropolitanus

158 2711 245 2765 suus
271 2687 545 2786 archiepiscopus
572 2689 846 2786 liaguntinensis
872 2691 1028 2786 pluribus
1055 2691 1231 2768 instantiis
1257 2695 1465 2772 elaborasset
1479 2693 1519 2790 ³),
1548 2698 1716 2789 usquead

158 2811 249 2886 diem
279 2810 398 2886 mortis
425 2833 506 2887 suae
533 2811 642 2888 redire
669 2811 850 2906 acquievit.
895 2811 988 2888 Adeo
1019 2813 1109 2890 enim
1145 2815 1344 2911 gravamina
1369 2816 1476 2912 Regis
1503 2819 1538 2894 et
1565 2817 1715 2892 militum

158 2933 197 3008 111
223 2933 352 3009 elerum
380 2934 617 3025 efferbuerant,
646 2936 685 3009 ut
711 2933 747 3008 in
775 2933 983 3029 quibuslibet
1008 2935 1175 3027 teloneis,
1195 2935 1231 3009 in
1258 2937 1381 3032 quibus
1407 2939 1551 3015 Iudaeus
1578 2938 1713 3014 nonnisi

158 3077 222 3150 pro
248 3053 361 3150 capite
387 3077 563 3129 nummum
590 3054 761 3147 reddebat,
801 3055 990 3152 presbyteri
1017 3057 1051 3132 et
1078 3056 1191 3134 elerici
1217 3058 1349 3136 ratione
1375 3081 1515 3136 coronae
1542 3060 1612 3135 sive
1638 3062 1716 3135 oona

158 3198 261 3252 surae
287 3174 436 3272 triginta
463 3176 593 3252 solvere
629 3178 845 3271 cogebantur,
883 3201 991 3271 neque
1027 3201 1067 3254 ea
1092 3179 1337 3273 tantummodo,
1374 3182 1433 3257 sed
1459 3185 1495 3257 et
1521 3182 1621 3276 plura
1648 3167 1717 3256 alia

158 3299 306 3373 barbara
322 3298 411 3374 ferre
430 3297 523 3390 adeo,
552 3299 592 3372 ut
611 3297 788 3393 plerosquo
806 3298 957 3375 auderet
975 3299 1097 3392 virere,
1126 3299 1390 3397 impellebantur
1404 3302 1443 3398 ⁴),
1472 3325 1548 3378 cum
1563 3301 1592 3397 ⁵)
1618 3301 1714 3377 (11111-

157 3418 206 3494 sti
242 3418 378 3494 Domini
413 3419 448 3496 et
482 3418 672 3496 sacerdotes
697 3421 733 3496 et
766 3419 931 3513 uiliorem,
969 3421 1375 3518 contemptibilioremque
1412 3425 1502 3520 apud
1537 3424 1714 3516 Bohemos,

159 3563 265 3632 quam
292 3539 409 3618 Iudaei
436 3539 635 3617 obtinebant
656 3541 779 3616 locum.

621 3899 833 4015 ANNUS
868 3899 1093 4016 DOMINI
1128 3901 1260 4018 1217.

225 4148 488 4223 amrelmum
514 4150 678 4224 11111111
704 4150 879 4224 tustinum
905 4151 1085 4242 palatinum
1111 4151 1328 4239 llocaemsu,
1355 4152 1458 4225 1111111
1485 4155 1662 4242 strennua,

275 4272 460 4346 1111111111
488 4271 594 4345 acciti
621 4289 694 4346 cun
720 4291 838 4364 uagm
864 4277 1024 4356 tamarum
1051 4291 1183 4347 suumn
1210 4273 1405 4348 detrimento
1433 4273 1610 4348 11111111).
1704 4311 1706 4316 v

266 4511 503 4607 Tyrannidem,
532 4534 601 4604 qua
626 4511 773 4588 bumudi
799 4511 968 4590 liasoviaa
986 4515 1021 4588 et
1039 4511 1197 4589 (baiariae
1211 4512 1325 4606 Ducis,
1354 4513 1508 4609 germani
1534 4514 1716 4590 Lestkonis

156 4632 254 4726 Albi,
281 4636 398 4728 peetus
423 4634 587 4710 refertum
614 4637 698 4728 orat,
729 4657 831 4727 quam
859 4635 894 4709 in
921 4635 1033 4711 aetate
1060 4633 1202 4711 iuuenili
1228 4635 1358 4729 effudit,
1401 4657 1568 4730 quamque
1595 4639 1716 4732 expost

157 4756 328 4832 effusums
354 4757 439 4848 erat,
476 4755 662 4832 horrendus
697 4777 834 4832 suarum
870 4756 1117 4852 prouinciarum
1152 4779 1248 4832 casus
1284 4757 1497 4834 monstrauit.
1550 4759 1635 4832 Erat
1661 4757 1716 4832 illi

156 4878 241 4953 baro
266 4877 302 4952 et
327 4876 426 4950 miles
452 4875 600 4974 insignis
627 4876 796 4953 Gristinus
822 4877 968 4970 nomine,
996 4879 1117 4955 haeres
1144 4876 1185 4955 de
1211 4877 1401 4969 (1111111111,
1430 4878 1622 4954 Plooaensis
1653 4901 1713 4973 pa·

157 4997 310 5090 latinum,
348 5019 470 5093 genere
505 4997 629 5074 nobilis
656 4999 697 5075 de
724 5000 819 5075 domo
846 5001 882 5076 et
908 4999 1060 5093 familia,
1097 5023 1184 5092 quae
1210 5021 1271 5096 pro
1298 4999 1426 5096 insigni
1452 4999 1580 5074 Lilinm
1607 4999 1716 5076 defert

159 5117 457 5212 Gosndouitarum,
485 5120 545 5224 sed
571 5141 671 5215 opere
696 5121 732 5197 et
749 5119 887 5215 virtute,
916 5121 1048 5213 quoties
1075 5121 1157 5212 quid
1184 5121 1354 5218 agendum
1380 5122 1442 5196 aut
1467 5119 1716 5217 expediendum

268 5395 294 5477 ¹)
317 5397 496 5461 salutaribus
526 5397 587 5461 Eri.
616 5397 711 5462 chr.
751 5393 779 5482 ²)
801 5398 959 5462 irridentes
989 5399 1050 5462 Eoi.
1079 5397 1174 5462 Dobr.
1213 5395 1240 5477 ³)
1263 5398 1447 5462 elaborasset
1477 5415 1543 5461 enm
1572 5398 1715 5462 reducere

166 5498 237 5569 coe.
263 5499 357 5566 noar.
397 5498 425 5582 ⁴)
447 5503 546 5567 subire
568 5503 795 5582 impellebantur
820 5501 891 5574 0111,
912 5502 1003 5571 soar.
1019 5527 1024 5535 ·
1043 5499 1072 5590 ⁶)
1095 5519 1161 5572 cum
1183 5503 1261 5570 deca
1282 5505 1319 5572 ic
1342 5503 1413 5570 Occi.
1435 5500 1510 5571 Aut.
