4172 6278
175 543 235 638 (Α.
255 542 304 640 D,
325 541 444 642 1228.)
805 566 917 618 ursan
944 567 1097 619 essene.
1649 545 1738 662 227ν

172 774 359 843 oeeurrens,
389 754 511 827 durum
538 752 704 848 praelium
732 773 842 828 seeum
870 752 1063 844 committit,
1093 757 1128 828 et
1154 752 1311 849 plurimis
1347 752 1426 830 hine
1462 753 1540 829 inde
1575 753 1726 850 andenti-

173 879 246 966 bne,
277 873 369 948 filius
396 897 527 968 quoque
554 873 700 948 (lauradi
727 873 894 950 Maeoniae
921 874 1024 949 Dueie
1045 875 1068 968 ¹)
1095 874 1301 950 Premislaue
1328 875 1521 950 adoleeeens
1548 875 1637 950 inter
1656 877 1726 970 pri-

174 1018 244 1072 moe
272 1017 431 1092 pugnans
449 994 615 1087 oooubnit,
642 995 816 1071 Gunradus
843 995 939 1091 signo
967 996 1116 1090 receptui
1145 997 1233 1087 dato,
1263 1020 1322 1090 pro
1350 995 1437 1071 nieto
1465 996 1560 1088 abiit,
1590 999 1624 1072 et
1653 999 1728 1072 leus

172 1117 333 1194 niotoriae
360 1139 462 1212 penes
490 1117 675 1192 Henrioum
711 1119 885 1193 remansit.
931 1118 1067 1194 Gladem
1104 1120 1217 1194 autem
1243 1123 1278 1193 et
1305 1117 1525 1214 ignominiam
1562 1122 1644 1196 tuua
1669 1142 1725 1194 ao-

173 1242 306 1336 eeptum
333 1239 507 1314 dunradne
533 1237 703 1314 Maeoniae
730 1241 808 1314 Dux
836 1242 1055 1332 eorreoturus,
1084 1263 1199 1316 nereus
1226 1241 1369 1316 alteram
1389 1240 1609 1316 munitionem
1636 1243 1725 1316 Mez-

172 1364 253 1438 bona
268 1361 308 1455 ²),
337 1361 510 1436 fortunam
537 1360 618 1436 belli
647 1383 690 1437 err
717 1362 788 1436 loeo
815 1363 1021 1453 tentaturus,
1050 1362 1199 1437 advenit.
1229 1363 1294 1436 Sed
1316 1363 1459 1458 ,fortuna
1486 1384 1547 1436 sua
1573 1385 1648 1438 oum
1675 1365 1725 1439 lo-

172 1505 209 1560 eo
237 1483 371 1558 mutata
398 1483 563 1558 nonest:
593 1482 711 1556 maiori
738 1483 828 1558 enim
856 1484 955 1560 oaede
981 1487 1022 1559 ab
1047 1484 1193 1558 Henrioo
1220 1483 1349 1558 Sleeiae
1376 1484 1468 1558 Duae
1495 1487 1529 1558 et
1560 1484 1630 1558 saie
1650 1508 1726 1580 pro·

172 1629 223 1704 pa¹
241 1605 362 1680 nillum
388 1603 608 1680 Wroonirnisn
623 1601 652 1699 ³)
679 1603 852 1680 eonfiietue
868 1602 972 1700 ⁴),in
1000 1606 1173 1700 proximae
1200 1606 1305 1680 silnae
1332 1608 1366 1680 et
1393 1606 1496 1680 eolles
1524 1607 1664 1702 refugit,
1694 1610 1728 1683 et

171 1731 353 1819 utramque
381 1725 601 1802 munitionem
630 1725 909 1822 inexpugnatam,
940 1727 1094 1822 pluribus
1122 1729 1161 1804 de
1189 1727 1260 1802 sule
1286 1729 1347 1801 aut
1369 1726 1499 1818 oaeieis,
1527 1731 1587 1802 aut
1605 1730 1725 1826 eaptie,

170 1848 326 1944 reliquit.
354 1851 493 1923 Duobus
519 1848 669 1924 adnereis
697 1848 836 1943 praeliis
863 1850 1037 1924 Gunradue
1063 1848 1230 1924 Maeoniae
1257 1851 1335 1924 Dux
1362 1851 1405 1924 ab
1423 1849 1569 1924 Henrieo
1597 1851 1727 1926 Sleeise

171 1975 264 2050 Duos
280 1971 309 2065 ⁵)
337 1971 443 2062 fusus,
473 1972 679 2066 fugatusque
707 1969 741 2044 iu
769 1971 952 2046 Massurium
980 1974 1173 2060 senesserat,
1203 1972 1246 2046 ad
1273 1971 1547 2066 reintegrandum
1576 1973 1616 2047 de
1643 1995 1727 2047 nono

170 2093 300 2172 bellum
328 2091 456 2168 milites
483 2092 519 2166 in
547 2092 820 2186 supplementum
847 2093 1009 2168 lecturus.
1038 2093 1164 2166 Verum
1191 2114 1265 2167 eum
1284 2093 1319 2166 in
1338 2115 1411 2167 eam
1440 2091 1598 2167 militiam
1626 2115 1726 2188 aegre

171 2218 208 2290 at
246 2213 360 2292 minue
400 2213 593 2290 obedienter
633 2235 710 2288 suos
750 2213 914 2306 transire,
961 2217 1096 2308 tempus
1137 2237 1268 2308 quoque
1308 2213 1449 2290 aestatis
1488 2215 1725 2290 transduxisse
1817 2205 1821 2211 ’

171 2335 475 2427 animadverteret,
513 2359 644 2411 omnem
681 2339 883 2430 apparatum
920 2336 1078 2410 bellioum
1106 2336 1149 2409 ad
1176 2336 1269 2409 doles
1305 2339 1339 2412 et
1371 2335 1509 2430 ingenia
1544 2336 1723 2428 conventit,

171 2457 309 2534 feeilius
336 2479 372 2533 se
399 2456 471 2532 illis
508 2480 610 2550 quam
647 2457 750 2533 armis
785 2459 879 2532 ratus
907 2457 1091 2534 Henrioum
1128 2456 1256 2532 Sleeine
1291 2459 1418 2531 lluoem
1435 2457 1462 2551 6)
1499 2457 1726 2534 adversarium

171 2565 269 2658 suum
298 2601 547 2675 oppressurum.
593 2581 667 2654 lam
694 2579 860 2672 siqnidem
895 2579 1063 2654 Hemieus
1099 2578 1226 2654 Slesiae
1262 2580 1341 2652 Dux
1355 2578 1384 2672 ⁷)
1419 2579 1637 2670 debellatum,
1666 2605 1726 2675 pro

171 2701 367 2778 Menambis
393 2707 428 2778 et
442 2701 665 2778 >cracoviensi
695 2700 905 2796 Prineipatu,
943 2702 1073 2776 hostem
1090 2701 1118 2794 ⁸)
1145 2701 1293 2791 eredens,
1332 2699 1441 2774 filium
1476 2723 1572 2776 suum
1602 2701 1725 2776 Henri·

171 2847 249 2902 eum
276 2847 353 2902 eum
380 2823 485 2920 oopiis
512 2823 548 2898 in
575 2823 730 2913 Sleeiam,
768 2823 895 2898 solonis
922 2825 963 2898 ab
991 2823 1132 2918 utroque
1168 2821 1320 2898 exercitu
1346 2821 1479 2898 renatis
1514 2845 1719 2918 eompassus,

171 2945 371 3037 remittens,
407 2966 544 3022 seourns
571 2949 606 3020 et
632 2944 841 3039 tranquillus
869 2945 904 3018 in
931 2944 1142 3020 Oraooniensi
1169 2945 1322 3035 Duoatu,
1360 2943 1444 3018 fidos
1470 2943 1536 3018 sibi
1563 2947 1598 3020 et
1626 2967 1727 3040 puros

172 3067 387 3168 singulorum
413 3066 543 3144 animos
580 3068 753 3162 reputans,
791 3068 1042 3142 obversabatur.
1087 3067 1136 3142 De
1163 3089 1228 3160 quo
1256 3066 1429 3142 Corradus
1455 3066 1623 3142 Maeoniae
1648 3067 1727 3146 Dux

172 3193 216 3268 ab
241 3189 512 3286 exploratoribus
548 3188 671 3265 sentior
707 3191 829 3280 faetus,
864 3189 899 3266 in
927 3188 1177 3265 cracoviensem
1204 3187 1410 3284 proninoiam
1437 3188 1584 3280 advenit,
1612 3191 1649 3264 et
1675 3190 1725 3266 aa,

172 3311 330 3390 rentibus
358 3310 412 3384 illi
439 3310 613 3386 nonnullis
640 3309 915 3385 Graoonieneibue
943 3309 1110 3384 militibus
1145 3309 1189 3384 ad
1215 3309 1402 3385 nonandum
1419 3309 1447 3404 9)
1475 3332 1528 3404 ree
1555 3309 1724 3408 proelinin,

171 3432 358 3512 Henrionm
394 3431 522 3508 Slesiae
558 3433 684 3508 Dnoem
721 3431 757 3506 in
784 3431 1030 3528 Spithkonioze
1065 3430 1304 3506 consistentem
1341 3434 1376 3507 et
1411 3419 1576 3506 auditioni
1603 3431 1726 3506 missae

174 3555 337 3646 deditum,
376 3553 411 3630 in
438 3554 579 3630 eeelesia
606 3554 758 3650 eaptinat
793 3556 828 3629 et
856 3553 890 3628 in
917 3553 1102 3630 Maeoniam
1139 3553 1180 3627 ad
1208 3555 1357 3641 oestrum
1392 3553 1580 3644 Ploozenee,
1610 3555 1654 3644 et,
1686 3555 1725 3628 ut

150 3677 234 3762 ¹alii
260 3677 429 3768 asserunt,
458 3675 494 3750 in
521 3675 677 3751 ozirzsko
699 3674 740 3770 1η)
767 3676 923 3770 deportat
950 3674 1171 3770 eaptinatum.
1200 3675 1325 3750 Verum
1345 3697 1420 3749 eum
1438 3673 1606 3750 Henriaus
1633 3674 1726 3750 filius

173 3821 267 3890 suus,
297 3797 356 3892 qui
381 3796 517 3874 Annam
544 3797 701 3873 Ottekari
728 3797 814 3872 aliae
841 3797 1039 3872 Prnemislai
1069 3795 1250 3871 Bohomiae
1276 3795 1383 3890 Regis
1409 3794 1515 3872 liliam
1542 3819 1585 3871 ex
1608 3817 1725 3872 seeun-

172 3921 217 3998 da
243 3942 347 4000 uxore
374 3919 571 3996 Consentia
598 3920 633 3994 et
654 3918 697 4014 ¹¹)
725 3918 797 3994 filia
824 3918 930 4014 Regis
965 3919 1172 4014 Hungariae,
1211 3917 1355 4008 nomine,
1393 3916 1545 4012 genitam
1581 3919 1727 3994 habebat

172 4043 209 4118 in
236 4065 387 4136 uxorem,
416 4044 452 4118 et
478 4044 622 4136 quatuor
648 4040 749 4133 filios,
787 4039 944 4117 videlieet
970 4042 1175 4132 Boleslaum,
1203 4039 1443 4130 Wladislaurn,
1480 4039 1665 4114 Henrioum
1692 4041 1727 4114 et

173 4165 376 4256 cunradum,
406 4165 441 4239 et
469 4161 617 4255 quinque
645 4162 746 4255 filiae,
776 4161 933 4238 videlieet
950 4162 1143 4258 Hadrigim,
1172 4161 1352 4257 Agnetem,
1382 4159 1624 4269 Constantiam,
1652 4159 1725 4234 Eli-

173 4285 295 4362 sabeth
321 4287 356 4361 et
383 4283 578 4360 Gertrudim
606 4308 648 4362 ex
676 4285 792 4360 eadem
820 4283 1032 4378 suscepisset,
1071 4285 1247 4378 paternam
1274 4280 1507 4358 liberationem
1535 4281 1725 4370 effecturus,

173 4406 338 4502 grandem
365 4405 550 4482 exereitum
577 4409 648 4481 tam
676 4429 719 4482 err
746 4405 891 4501 propriis
918 4405 1096 4494 militibus,
1134 4425 1234 4497 quam
1263 4403 1411 4478 rneroede
1447 4402 1621 4478 oondnetis
1648 4424 1725 4509 eon-

173 4531 361 4626 gregasset,
390 4527 508 4603 hostili
536 4527 713 4605 vexatione
740 4527 924 4604 Maeoniam
951 4529 985 4602 et
1012 4525 1195 4618 (lnianiarn,
1222 4525 1258 4598 ni
1286 4527 1383 4620 pater
1410 4526 1444 4598 in
1463 4524 1657 4600 libertatem
1675 4546 1726 4599 re-

173 4650 374 4728 stitueretur
394 4648 448 4744 Η),
479 4649 678 4726 innaeurus:
706 4651 805 4726 beata
831 4649 997 4744 Hednigie
1025 4647 1172 4743 plurima
1199 4649 1301 4737 mala,
1335 4647 1446 4721 elades
1471 4645 1640 4738 videlieet,
1669 4668 1726 4721 ne·

173 4795 238 4866 ees,
268 4771 446 4870 sanguinis
481 4771 660 4848 ebrietisni
693 4771 866 4866 produnia,
904 4770 1139 4862 desolationes,
1177 4768 1383 4861 exustiones,
1420 4767 1666 4861 rastitatesque
1686 4765 1727 4860 ¹³)

172 4898 353 4985 terrarum,
380 4896 416 4970 et
442 4894 632 4991 agrestium
659 4916 910 4990 pauperumque
937 4892 1111 4969 hominnm
1143 4890 1375 4987 oppressiones
1401 4892 1437 4966 et
1463 4888 1640 4985 angustias
1667 4911 1727 4962 ex·

282 5103 307 5180 ¹)
329 5104 421 5164 Dnois
451 5105 529 5166 deest
559 5107 595 5166 tn
629 5104 698 5168 Ood.
725 5103 798 5164 Aoo.
838 5099 865 5180 Β)
887 5103 1026 5163 Merbore
1050 5103 1109 5162 Ed.
1134 5102 1228 5162 Dobr.
1268 5097 1513 5180 ³)Wiwezirzisz
1547 5096 1617 5158 Geel.
1647 5095 1727 5158 Ceto.

174 5207 203 5286 ⁴)
227 5209 390 5280 condictus,
416 5226 479 5269 eum
504 5212 564 5270 suis
588 5211 647 5270 Eoi.
671 5211 766 5269 Dobr.
807 5205 832 5285 ὗ)
854 5209 938 5268 Duce
961 5209 1039 5268 deest
1061 5209 1103 5280 ie·
1122 5205 1193 5267 Cori.
1210 5203 1283 5265 Aut.
1323 5201 1351 5280 ⁶)
1374 5205 1485 5262 Dueem
1508 5203 1585 5262 deest
1601 5203 1635 5261 aba
1650 5199 1728 5261 ¹Cod.

172 5311 248 5375 Ant.
289 5309 405 5389 ⁷)Dax
428 5313 504 5376 deest
527 5316 562 5374 tn
597 5313 667 5376 Cart.
691 5312 765 5373 Aut.
806 5311 969 5390 ⁸)hostem
1000 5311 1077 5374 deest
1107 5312 1143 5371 in
1174 5307 1244 5372 Geel.
1269 5307 1342 5368 Aut.
1383 5303 1410 5384 ⁰)
1432 5306 1627 5366 innovandum
1656 5303 1726 5366 Ood.

172 5418 267 5482 Beer.
310 5413 351 5494 ¹⁰)
374 5415 503 5491 crya-sko
534 5419 594 5480 Ed.
617 5418 712 5492 θοὸν,
756 5415 795 5504 ¹¹)
820 5434 855 5478 ex
882 5413 952 5480 eoa.
976 5413 1050 5480 Aut.
1093 5411 1132 5494 19)
1155 5417 1373 5474 restauraretur
1395 5410 1454 5471 Ed.
1478 5409 1574 5471 Dobr.
1617 5405 1656 5488 13)
1678 5425 1729 5470 na·

174 5521 377 5612 stationesque
403 5519 474 5597 (lod.
497 5521 591 5599 liner.
1276 5503 1295 5508 '¹
