4208 6282
156 563 215 662 (Α.
236 563 282 641 Β.
303 561 409 660 1182.)
780 589 891 642 urana
918 590 1070 644 saxeus.
1624 571 1696 645 113

156 775 251 871 quasi
273 775 308 852 in
326 778 528 852 Polcnorum
555 777 735 872 perniciem
763 777 936 854 universas
963 778 1197 854 Ruthenorum
1224 777 1411 874 prouincias
1437 779 1531 855 uelut
1549 801 1593 853 err
1610 801 1698 855 com·

155 898 263 996 posito
290 899 493 977 convenisse.
538 901 715 975 Ruthenos
750 903 885 996 praeter
920 901 1030 975 odium
1067 901 1102 976 in
1130 902 1272 977 Polonos
1308 901 1461 995 insitum,
1498 901 1698 976 Polonorum

156 1025 333 1118 conspecta
358 1023 511 1118 paucitas
529 1022 563 1118 ¹),
606 1045 806 1116 suorumque
833 1023 1024 1117 frequentia
1049 1027 1084 1100 et
1111 1024 1256 1100 consulti
1283 1025 1323 1099 de
1350 1024 1464 1100 futuro
1491 1025 1572 1100 belli
1600 1047 1698 1100 eren·

154 1147 192 1219 tn
219 1145 425 1242 haruspices,
455 1147 546 1222 laeta
572 1147 685 1221 omnia
711 1147 787 1238 sibi,
823 1147 959 1222 Polonis
993 1147 1109 1222 tristia
1136 1147 1344 1239 nuntiantes,
1382 1146 1418 1222 in
1450 1147 1615 1242 praelium
1642 1170 1696 1223 ac·

155 1268 350 1343 candebant.
379 1269 571 1344 Karimirus
599 1269 685 1344 nihil
712 1271 850 1365 aspectu
878 1273 913 1344 et
939 1270 1158 1346 multitudine
1184 1269 1332 1345 hostium
1358 1270 1509 1362 territus
1537 1270 1699 1345 ordinatis

155 1388 299 1483 aciebus,
336 1391 463 1467 milites
498 1393 638 1484 animat,
675 1393 770 1468 docet
797 1392 834 1467 in
860 1393 1094 1469 Ruthenorum
1118 1392 1346 1484 multitudine,
1384 1392 1500 1488 paucis
1535 1392 1696 1488 exceptis

154 1511 236 1588 uilia
262 1534 334 1588 esse
369 1514 547 1610 mancipia,
584 1517 619 1589 at
654 1513 684 1588 si
721 1539 839 1611 parum
875 1514 1083 1608 adnitantur,
1123 1517 1256 1591 facilem
1291 1515 1467 1590 uictoriam
1493 1515 1696 1610 praebitura,

153 1635 352 1731 saepiusque
388 1637 641 1711 mult'tudinem
670 1659 690 1713 a
716 1637 887 1733 paucitate
922 1639 1032 1712 fusam
1068 1637 1233 1733 extitisse.
1280 1635 1330 1713 Ac
1356 1637 1404 1714 sic
1430 1637 1598 1713 militibus
1624 1636 1697 1712 ani·

156 1758 256 1833 matis
272 1758 301 1854 ²)
335 1760 369 1834 et
409 1781 467 1855 spe
493 1759 653 1836 uictoriae
679 1760 846 1836 alacribus
862 1759 905 1856 ³),
943 1762 1036 1836 laeuo
1051 1760 1079 1856 ⁴)
1106 1775 1207 1837 cornu
1235 1761 1370 1837 Nicolao
1406 1760 1611 1837 cracoviensi
1639 1783 1698 1856 pa-

154 1880 262 1956 latino
288 1881 473 1973 commisso,
503 1883 659 1958 doxtrum
687 1883 758 1979 ipse
784 1907 914 1980 regens,
943 1883 1052 1979 signis
1070 1907 1188 1960 canere
1206 1882 1319 1976 iussis,
1347 1907 1422 1960 cum
1449 1883 1603 1959 hostibus
1621 1906 1698 1959 con·

153 2003 319 2098 graditur.
364 2004 516 2081 Ruthcni
542 2006 686 2082 clamore
713 2007 858 2098 sublato,
895 2006 1086 2082 uehementi
1113 2009 1147 2082 et
1174 2006 1240 2103 ipsi
1267 2006 1396 2103 impetn
1431 2007 1609 2103 capessunt
1636 2030 1715 2102 pu·¹

153 2147 268 2222 gnam,
298 2127 483 2222 durumque
510 2131 679 2205 certamen
706 2127 796 2204 inter
821 2132 1001 2222 utrumque
1028 2131 1189 2226 populum
1225 2129 1401 2223 aliquanto
1427 2131 1575 2226 tompore
1602 2151 1698 2224 gore-

153 2251 266 2325 batur.
312 2251 385 2326 Iam
413 2273 545 2345 quoquo
579 2253 713 2328 laeuum
740 2275 852 2345 cornu,
890 2253 943 2329 cui
979 2253 1150 2348 palatinas
1186 2253 1344 2328 Nicolaus
1376 2253 1540 2348 praeerat,
1568 2275 1589 2327 a
1614 2251 1699 2327 laris

152 2375 344 2448 armaturae
379 2373 578 2468 sagittariis,
619 2374 714 2468 equis
740 2377 800 2449 aut
827 2374 988 2450 confossis
1019 2377 1079 2450 aut
1105 2374 1305 2467 vulneratis,
1342 2375 1466 2451 referre
1501 2377 1654 2470 coeperat
1671 2375 1699 2468 ⁶)

152 2496 282 2589 pedem,
312 2497 390 2570 dum
417 2496 612 2571 Kanimirus
639 2497 837 2572 denuntiato
873 2497 936 2572 sibi
973 2497 1133 2594 periculo,
1170 2500 1316 2573 turmam
1351 2520 1452 2572 unam
1488 2497 1635 2572 militum
1663 2496 1699 2570 in

151 2617 287 2693 laeuum
314 2641 417 2694 cornu
452 2619 650 2711 subducens,
689 2621 797 2716 pulsis
833 2621 1066 2696 Ruthenorum
1103 2620 1303 2716 sagittariis,
1341 2620 1507 2716 praelium
1534 2618 1697 2706 restituit

150 2762 190 2815 ao
218 2739 256 2815 in
284 2741 403 2817 dextro
430 2763 531 2816 ccmo
558 2741 759 2818 Polonorurn
787 2743 950 2839 phalanx,
987 2744 1220 2818 Ruthenorum
1252 2742 1385 2818 aciebus
1420 2742 1594 2838 disruptis,
1623 2765 1699 2837 pro·

150 2863 373 2956 calcatisque,
402 2863 438 2939 in
465 2867 613 2941 castoras
639 2866 873 2941 Ruthenorum
899 2868 1028 2941 turmas
1055 2866 1186 2962 gladios
1209 2865 1408 2963 stringebat,
1438 2865 1517 2940 dum
1544 2865 1578 2940 in
1606 2867 1700 2940 laeuo

150 3008 257 3062 cornu
284 2987 436 3062 Rutheni
463 3009 484 3062 a
510 2987 648 3063 Nicolao
675 2987 826 3082 palatino
854 2987 931 3080 fusi,
969 2988 1137 3084 pulsique,
1174 2987 1209 3062 in
1237 2988 1354 3083 fugam
1381 2987 1588 3064 dilabuntur.
1634 2987 1700 3061 Sed

150 3131 211 3182 nec
240 3108 289 3200 hi,
318 3108 376 3203 qui
403 3111 520 3185 contra
545 3111 701 3185 dextrum
728 3133 830 3186 cornu
858 3134 1006 3207 pugnam
1025 3111 1247 3201 sustinebant,
1276 3110 1407 3186 faciunt
1433 3133 1579 3185 moram:
1608 3111 1699 3184 metu

147 3231 244 3306 enim
271 3231 476 3327 fngientium
511 3232 667 3327 perculsi,
706 3233 741 3306 in
776 3234 894 3330 fugam
928 3235 1106 3308 uertuntur
1120 3233 1160 3328 6).
1188 3233 1417 3309 Wsaeuoldus
1448 3231 1637 3309 Belszensis
1663 3233 1698 3304 et

148 3353 378 3431 Wladimirus
397 3354 619 3430 Halicniensis
637 3356 755 3448 Duces,
784 3379 826 3430 ne
853 3355 889 3430 in
907 3357 1107 3452 potestatem
1134 3355 1300 3430 Karimiri
1327 3357 1480 3432 uenirent
1498 3353 1577 3446 uiri,
1598 3375 1700 3448 equos

148 3476 317 3552 mutando
352 3477 565 3571 sequentium
601 3500 636 3554 so
669 3501 788 3554 monus
820 3480 978 3555 eradunt.
1023 3479 1256 3554 Ruthenorum
1291 3501 1434 3574 magnus
1470 3501 1627 3553 numerus
1662 3499 1700 3550 eo

146 3599 284 3696 praelio
311 3601 372 3675 aut
397 3599 525 3674 occisus
552 3603 611 3676 aut
637 3601 776 3696 captus;
812 3604 922 3677 castra
947 3603 1181 3678 Ruthenorum
1217 3601 1324 3676 omnis
1359 3601 1551 3697 opulentiae
1587 3600 1698 3696 plena,

146 3747 209 3820 per
241 3724 385 3798 Polonos
412 3723 547 3798 iubente
574 3705 745 3799 Kanimiro
772 3725 923 3820 direpta:
951 3725 1009 3800 sed
1026 3727 1061 3800 ot
1079 3727 1225 3801 castrum
1252 3727 1287 3800 et
1305 3723 1462 3820 oppidum
1490 3723 1700 3798 Halicaienso

145 3845 246 3921 illico
273 3844 447 3920 Kaaimiro
483 3845 601 3922 uictori
639 3847 788 3922 deditum
820 3850 884 3939 ost,
921 3847 979 3940 qni
1007 3847 1093 3921 illud
1120 3846 1295 3922 Msceislao
1321 3847 1466 3922 Russiae
1492 3844 1577 3920 Duci
1603 3843 1700 3918 affini

145 3991 222 4054 suo,
253 3969 462 4044 sacramento
489 3969 643 4065 perprius
669 3970 797 4062 adacto,
826 3969 913 4063 quod
941 3993 1110 4062 nunquam
1138 3993 1173 4044 se
1199 3971 1235 4044 ot
1260 3951 1460 4044 Polonorum
1493 3971 1628 4065 gentem
1663 3967 1699 4040 in

144 4091 305 4168 adrerms
330 4093 365 4168 et
392 4091 558 4188 prosperis
585 4075 761 4183 desereret,
799 4093 1022 4184 committens,
1051 4091 1086 4166 in
1105 4092 1317 4168 Halicniense
1339 4093 1496 4187 Regnum
1523 4091 1632 4186 ipsum
1660 4090 1700 4164 de

144 4215 290 4312 integro
316 4213 478 4307 restituit,
507 4215 669 4307 rebusque
695 4215 840 4290 Rrrssiao
867 4215 1039 4305 ordinatis,
1068 4215 1103 4288 in
1130 4214 1303 4290 Polonicm
1330 4215 1430 4290 redit.
1457 4217 1502 4289 Et
1520 4214 1700 4290 Wsneuol·

146 4339 213 4414 dus
243 4337 382 4432 quidem
409 4337 600 4413 Belsaensis
626 4339 705 4412 Dux
740 4361 783 4412 ex
815 4337 940 4432 praelio
967 4337 1113 4432 fugiens,
1141 4336 1177 4412 in
1203 4337 1303 4413 Bolon
1330 4341 1476 4414 castrum
1502 4360 1599 4412 suum
1626 4359 1702 4412 curn

143 4461 270 4557 paucis
299 4461 467 4557 perrenit;
496 4460 717 4538 Wladimirus
744 4483 819 4535 nero
848 4459 1070 4535 Halicaionsis
1100 4461 1179 4534 Dux
1205 4459 1241 4534 in
1268 4460 1478 4556 Hungariam
1505 4458 1654 4549 divertit,
1682 4481 1702 4532 a

142 4585 247 4680 Rege
269 4583 516 4680 ,Hungarorum
543 4584 627 4659 Belo
653 4578 863 4678 suffragium,
892 4583 1229 4678 supplementumque
1256 4583 1405 4658 militum
1423 4585 1457 4658 ot
1476 4581 1701 4678 impensarum

143 4729 209 4804 pro
240 4729 307 4782 sua
334 4705 369 4780 in
396 4703 643 4781 Halicaionsem
669 4705 836 4781 barcetum
863 4705 1080 4782 restitutione
1107 4706 1286 4801 petiturus.

263 5002 288 5084 ¹)
311 5009 461 5082 paucitate
489 5005 550 5069 Ed.
574 5005 669 5068 Βοῦν.
708 5000 864 5084 ⁹)milites
887 5005 1030 5066 animatos
1063 5004 1134 5068 Ood.
1157 5002 1230 5066 Aut.
1260 5005 1353 5066 milite
1376 5005 1502 5066 animato
1525 5001 1584 5064 Ed.
1607 5001 1701 5064 Βοῦν.

145 5107 176 5194 ⁸)
201 5114 325 5175 alacres
355 5111 427 5173 Βοά.
450 5109 523 5173 Aut.
555 5113 646 5172 alacri
677 5112 736 5172 Ed.
760 5113 854 5172 Βοῦν.
893 5107 922 5190 ⁴)
945 5113 1064 5172 sinistro
1100 5110 1170 5172 θοοῦ.
1194 5112 1285 5172 Roar.
1325 5106 1536 5190 ⁶)·.retrorsum
1565 5111 1704 5183 coeperat

142 5218 269 5280 referre
292 5217 353 5278 Ed.
376 5217 470 5279 Dobr.
508 5213 537 5297 ⁶)
561 5217 670 5291 stipsi
691 5222 852 5277 vertantur.
875 5217 936 5277 Ed.
958 5216 1052 5279 Dobr.

197 5595 223 5650 1.
238 5595 335 5658 ΒΙοςοι.
348 5595 434 5646 moos.
449 5596 526 5646 eorm.
541 5595 567 5644 Τ.
580 5595 612 5648 11.
