4172 6278
381 551 453 643 198
1014 586 1127 640 omna
1153 587 1307 642 smnus.
1673 563 1737 662 (Α.
1756 563 1804 643 Da
1823 553 1930 664 mla.)

378 776 551 853 cunradus
577 775 693 865 ferret,
720 775 757 850 et
782 795 825 848 ex
852 773 1002 849 naturali
1029 774 1195 850 instinotu
1222 774 1360 851 Polonie
1384 774 1511 851 amious
1530 775 1555 870 ¹)
1581 777 1618 850 et
1644 776 1799 868 blandus,
1841 776 1926 851 'leu-

378 897 500 974 toniois
526 919 603 973 uero
629 894 738 970 hostie
774 895 1017 972 infestissimus
1045 899 1142 989 foret,
1180 899 1358 994 parentum
1394 895 1638 974 ordinationem
1672 897 1777 977 armis
1803 898 1927 998 resoin-

378 1021 466 1110 dere,
495 1019 575 1093 dum
603 1039 718 1114 preoes
745 1017 915 1093 invalidae
942 1019 1067 1112 essent,
1093 1017 1282 1112 eonstituit,
1315 1021 1350 1094 et
1376 1043 1444 1095 non
1470 1021 1542 1095 tam
1569 1019 1671 1115 putri,
1701 1041 1802 1114 quam
1830 1019 1928 1095 fratri

378 1142 496 1230 iratus,
533 1140 646 1236 ipsum
673 1142 708 1216 et
734 1163 849 1217 omnes
884 1140 1096 1234 Teutonioos,
1133 1141 1190 1236 qui
1227 1143 1343 1237 partes
1369 1163 1449 1216 suas
1485 1143 1723 1235 sequebantur,
1752 1141 1793 1216 de
1820 1141 1929 1217 Slesia

377 1262 605 1340 exterminare
638 1261 827 1354 eonstituit,
865 1262 1082 1358 exercituque
1117 1263 1261 1340 notabili
1288 1287 1332 1338 ex
1358 1263 1560 1339 Polonorum
1594 1265 1630 1340 et
1661 1263 1927 1340 Lubuonensium

379 1384 546 1461 militibus
572 1387 608 1461 et
634 1383 829 1480 agminibus
855 1387 1058 1482 comparato,
1096 1387 1237 1462 fratrem
1273 1384 1412 1461 invasit.
1457 1387 1504 1461 Et
1529 1385 1611 1463 lieet
1638 1387 1780 1478 uterque
1806 1373 1947 1481 parent·

377 1509 498 1584 tollere
517 1506 695 1583 dissidium
712 1508 898 1582 fraternum
917 1509 946 1603 ²)
972 1511 1008 1583 et
1034 1507 1186 1600 quietare
1215 1507 1302 1583 filios
1330 1507 1489 1583 ruaximis
1511 1507 1687 1584 senatibus
1705 1508 1928 1600 laborassent,

377 1630 530 1706 videntes
556 1631 670 1706 tamen
697 1630 828 1705 labores
853 1652 931 1705 suos
958 1630 1126 1706 ineassum
1161 1629 1326 1722 renidere,
1364 1633 1546 1722 utrumque
1584 1629 1693 1704 filium
1720 1629 1930 1726 propositum

378 1775 477 1828 suum
504 1753 596 1847 (Dux
623 1751 793 1827 Henrious
820 1751 856 1826 in
882 1751 1092 1848 Glogouiam,
1121 1755 1157 1828 et
1174 1751 1317 1827 Duoissa
1342 1751 1509 1848 Heduigis
1536 1752 1571 1826 in
1599 1753 1767 1848 Nyempoa
1782 1751 1812 1847 ³)
1839 1773 1927 1828 sece-

378 1875 476 1970 dens)
502 1873 624 1966 exequi
651 1872 743 1968 passi
772 1876 864 1948 suut.
909 1875 984 1950 Nou
1012 1875 1097 1949 tulit
1122 1876 1158 1950 et
1183 1873 1352 1949 Henrious
1388 1873 1494 1949 maior
1529 1876 1613 1949 natu
1639 1871 1758 1948 fratris
1785 1859 1931 1949 duuradi

377 1995 596 2088 iuvasionem,
625 1995 684 2071 sed
710 1995 897 2071 exereitum
924 1999 959 2071 et
985 2019 1028 2072 ex
1055 1997 1193 2072 Polonis
1221 1997 1256 2075 et
1283 2019 1327 2072 ex
1353 1995 1547 2072 'leutouiois
1574 1994 1748 2091 oolligens,
1777 1994 1930 2071 (luurado

378 2120 469 2194 inter
491 2117 699 2216 legnioaum
725 2120 761 2193 et
787 2117 936 2193 Aureum
964 2121 1111 2195 montem
1139 2119 1175 2194 iu
1201 2121 1284 2212 looo,
1314 2117 1372 2211 qui
1400 2117 1524 2193 dieitur
1551 2117 1734 2193 Studnioau
1752 2138 1811 2193 seu
1828 2117 1931 2193 Bulla

377 2241 530 2333 eoelesia,
559 2239 723 2316 ooourrit:
751 2239 810 2314 ubi
836 2241 915 2314 dum
934 2262 1116 2336 eongrossu
1143 2243 1245 2333 laeto,
1273 2241 1408 2316 sortiter
1435 2243 1477 2316 ab
1504 2243 1647 2334 unaque
1674 2241 1771 2335 parte
1798 2261 1945 2335 pugna.

376 2367 450 2440 turn
478 2365 577 2456 foret,
608 2361 766 2458 plurimis
795 2362 830 2436 in
857 2383 913 2438 ore
940 2363 1047 2459 gladii
1075 2364 1284 2455 cadentibus,
1313 2361 1459 2439 llenrioo
1486 2361 1589 2438 cessit
1613 2361 1767 2437 viatoria.
1803 2361 1931 2437 cunra-

377 2488 441 2561 dus
467 2485 606 2581 Grispus
633 2507 709 2560 oum
736 2483 855 2559 multis
891 2507 1027 2560 suorum
1064 2485 1211 2575 emissis,
1248 2509 1292 2562 ex
1327 2484 1454 2580 praelio
1490 2482 1692 2580 diffugisset,
1729 2484 1772 2558 ad
1798 2485 1929 2579 patrem

377 2607 563 2685 Henrioum
598 2606 634 2681 in
671 2606 870 2703 dlugoviam
897 2607 1054 2698 divertit,
1094 2611 1190 2684 ratus
1222 2610 1339 2703 (prout
1364 2605 1492 2700 euenit)
1519 2627 1555 2682 so
1581 2605 1655 2682 illio
1679 2607 1795 2681 tutum
1821 2604 1930 2682 oonsi-

377 2733 477 2806 stere.
505 2730 631 2806 Verum
658 2750 734 2803 oum
761 2728 891 2805 dierum
918 2751 1073 2824 praeessu
1101 2729 1268 2806 insilias
1295 2729 1538 2805 momentaneos
1564 2727 1709 2805 uenandi
1737 2726 1852 2824 gretie
1877 2747 1930 2804 ae-

377 2851 534 2930 oessisset
550 2850 590 2946 ⁴),
619 2851 726 2928 ieram
752 2851 899 2947 agitans,
928 2873 972 2926 ex
985 2873 1070 2944 equo
1098 2874 1265 2944 amnuens,
1287 2851 1405 2928 lraotis
1420 2850 1448 2947 ὅ)
1475 2851 1659 2928 oervioilrus
1673 2850 1704 2946 6)
1730 2848 1929 2946 exspiravit,

377 2975 415 3050 in
441 2972 748 3068 maeoniansequo
774 2971 1016 3050 monasterium
1042 2974 1224 3070 rolatum),
1252 2976 1412 3070 operante
1440 2995 1551 3050 sorore
1579 2995 1640 3050 sua
1666 2973 1800 3070 Agnete
1827 2973 1929 3048 abba·

378 3097 463 3178 tissa
489 3094 736 3188 Traebnioensi,
774 3117 862 3190 quae
898 3118 976 3171 oum
1002 3096 1182 3173 tenerrime
1208 3095 1323 3176 uiuum
1338 3097 1365 3193 8)
1393 3095 1571 3189 dilexerat,
1608 3094 1645 3172 in
1681 3093 1824 3194 capituli
1858 3095 1930 3175 looo

377 3219 552 3315 sepelitur.
580 3217 651 3314 Quo
678 3217 726 3293 sio
752 3219 942 3314 absumpto,
972 3219 1162 3293 fraternum
1190 3219 1225 3295 et
1252 3219 1472 3296 domestioum
1498 3219 1637 3311 bellum,
1666 3217 1754 3313 quod
1782 3217 1930 3312 quando-

378 3363 442 3436 que
469 3339 594 3417 resumi
621 3343 657 3416 et
682 3339 886 3436 reintegrari
914 3363 1011 3417 nemo
1038 3341 1228 3433 dubitabat,
1257 3341 1460 3436 conquievit.
1503 3342 1554 3417 Ne
1581 3343 1695 3416 autom
1722 3339 1824 3416 matri
1851 3339 1931 3416 reli·

378 3463 588 3560 glosissimae
615 3462 775 3539 Duoissae
810 3462 957 3558 Heduigi
986 3485 1075 3538 mors
1101 3463 1167 3537 filii
1194 3463 1340 3538 (iunradi
1367 3463 1476 3559 Grispi
1511 3463 1703 3559 praeoordia
1737 3463 1852 3538 dolore
1878 3461 1930 3536 in-

378 3585 473 3681 genti
500 3589 639 3680 repente
665 3585 867 3660 denuntiata
894 3585 1079 3661 sauoiassot
1093 3585 1134 3680 9),
1164 3609 1231 3661 nou
1258 3585 1301 3660 ad
1327 3585 1478 3661 funarius
1503 3583 1580 3677 filii,
1608 3585 1666 3662 sed
1693 3585 1735 3660 ad
1761 3583 1931 3661 visitatio·

375 3729 456 3784 nom
482 3707 612 3803 aegroti
639 3707 754 3784 uenire
781 3710 901 3804 rogata
927 3709 991 3784 est.
1020 3707 1090 3783 Illa
1116 3709 1230 3784 autem
1257 3709 1293 3783 et
1318 3707 1448 3784 sladem
1475 3706 1623 3804 primum
1649 3707 1685 3783 et
1707 3707 1850 3783 mortem
1867 3704 1931 3781 dlii

378 3829 504 3905 dudum
531 3829 567 3904 in
594 3828 718 3924 spiritu
746 3851 1042 3926 praeeognosoeus,
1072 3831 1107 3905 et
1124 3829 1224 3904 illurn
1251 3829 1318 3905 iam
1345 3829 1535 3906 extinctum
1561 3851 1633 3905 osee
1652 3828 1772 3921 ueiens,
1801 3827 1932 3904 nuntiis

378 3949 572 4047 rospondit:
608 3951 727 4046 Quare,
767 3951 890 4046 inquit,
927 3951 1128 4048 languidum
1155 3951 1265 4027 filium
1292 3973 1402 4028 meum
1429 3951 1621 4028 dunradum
1647 3949 1860 4043 simulantes,
1888 3949 1931 4024 il·

378 4073 450 4148 lum
469 4072 580 4149 uivere
598 4071 804 4168 oondngitls,
833 4073 930 4149 auius
948 4095 1085 4150 ooousus
1111 4075 1237 4149 dudum
1264 4076 1343 4149 aute
1370 4073 1454 4149 mihi
1481 4073 1549 4148 fuit
1576 4073 1743 4170 ooguitus,
1773 4071 1930 4166 quoniam

379 4217 441 4270 sua
468 4193 662 4270 temeritate
688 4193 829 4291 sanguis
857 4195 1056 4272 funderetur
1083 4194 1317 4290 plurimorum.
1355 4195 1426 4271 Irit
1451 4193 1571 4272 deinde
1596 4195 1639 4271 ad
1666 4193 1828 4288 exequias
1855 4191 1929 4286 dlii,

379 4320 415 4394 et
441 4316 534 4391 iusta
559 4315 614 4390 illi
640 4318 675 4391 et
703 4338 762 4411 pro
788 4317 918 4393 duoalis
945 4317 1124 4414 dignitatis
1152 4316 1376 4409 exoelleutia,
1405 4321 1441 4394 et
1467 4339 1527 4413 pro
1554 4318 1726 4395 maternae
1753 4313 1929 4393 eharitatis

380 4441 503 4515 allento
530 4437 709 4534 impendit.

489 4733 513 4812 ¹)
536 4737 647 4798 amicus
669 4733 765 4797 facilis
792 4733 863 4798 (iod.
886 4737 980 4798 Βοῦν.
1014 4734 1187 4814 lllratrum
1210 4736 1270 4796 Ed.
1293 4737 1388 4796 Βοῦν.
1420 4732 1447 4814 ³)
1469 4736 1582 4814 Neptem
1606 4735 1666 4796 Ed.
1689 4734 1784 4796 Βοῦν.
1821 4729 1848 4813 ⁴)
1863 4751 1928 4810 pro·

380 4841 521 4900 cessisset
543 4841 602 4901 Ed.
625 4841 721 4902 Βοῦν.
754 4837 780 4919 ⁵)
803 4841 922 4912 sonuit,
945 4839 1106 4916 fractisque
1132 4839 1203 4902 Cod.
1226 4841 1319 4902 Βοῦν.
1351 4837 1378 4917 ⁶)
1401 4841 1534 4902 eruribus
1551 4841 1611 4902 Ed.
1634 4839 1729 4902 Βοῦν.
1766 4836 1928 4918 ⁷)delatas

384 4942 455 5006 Ood.
478 4945 571 5007 Βοῦν.
612 4942 804 5023 ⁸)rirentem
831 4945 901 5007 Ood.
925 4947 1018 5007 Roas.
1056 4941 1086 5024 9)
1110 4945 1259 5007 sauciaret
1281 4945 1340 5007 Ed.
1363 4945 1458 5009 Βοῦν.
