4172 6278
360 545 435 620 230
988 565 1100 616 ursus
1127 563 1280 620 sexsus,
1625 537 1693 642 (Α.
1713 541 1760 619 D.
1781 539 1907 645 1229.)

359 753 505 842 omnis,
533 750 691 828 iniuriam
719 750 784 826 sibi
810 773 898 825 anno
925 750 1088 846 superiori
1116 750 1249 826 illatam
1276 751 1422 825 ulturus.
1450 753 1520 827 Nec
1537 751 1747 828 Wladislaus
1774 753 1907 829 Ottonis

359 875 525 971 prioribus
552 874 658 950 fideus
685 872 894 948 successibus
922 873 1125 948 detractavit
1151 873 1296 966 bellum,
1333 873 1389 948 scd
1418 873 1613 949 adventanti
1634 875 1657 968 ¹)
1685 877 1806 970 patruo
1833 897 1917 969 cum,-

358 997 429 1072 suis
456 995 622 1072 militibus
649 995 803 1087 occurrit,
832 997 867 1071 et
894 995 1048 1088 quamvis
1084 994 1206 1070 acriter
1233 1019 1406 1091 pugnans,
1444 1019 1519 1070 curn
1555 1000 1644 1072 esset
1670 999 1705 1072 et
1732 999 1848 1072 robore
1874 999 1908 1073 et

359 1141 496 1195 nurnero
523 1119 671 1194 militurn
699 1117 849 1208 inferior,
879 1143 898 1190 a
924 1117 1113 1194 Wladislao
1140 1117 1354 1214 Lp¹askonogi
1383 1119 1504 1213 patruo
1523 1140 1583 1193 suo
1606 1118 1726 1211 victua,
1755 1119 1908 1214 pluribus

358 1241 429 1317 suis
456 1240 656 1318 desideratis
683 1242 743 1314 aut
769 1239 891 1334 captis,
930 1239 1031 1314 etiam
1068 1238 1140 1334 ipse
1176 1237 1384 1315 Wladislaus
1413 1239 1547 1314 Ottonis
1583 1241 1701 1336 fugere
1737 1241 1907 1336 epraelio

358 1367 458 1459 turpe
485 1365 592 1455 ratus,
630 1364 750 1463 captus
778 1365 830 1436 est
865 1363 900 1438 at
936 1385 956 1435 a
992 1365 1113 1457 patruo
1140 1361 1328 1437 Wladislao
1364 1361 1579 1458 Lyaslonogi
1606 1362 1642 1436 in
1668 1362 1805 1438 vincula
1830 1386 1906 1438 con-

359 1484 478 1562 iectus
506 1486 572 1561 Sed
599 1507 674 1560 cum
701 1505 857 1579 processu
884 1483 1046 1579 temporis
1073 1483 1259 1560 faventium
1286 1483 1352 1558 sibi
1379 1483 1540 1580 suffragio
1571 1483 1806 1579 captivitatem
1832 1507 1906 1562 eva-

359 1607 471 1700 sisset,
500 1607 536 1684 in
563 1605 794 1682 Pomeraniam
822 1607 864 1680 ad
892 1608 1207 1700 Svantopelkouem
1235 1606 1350 1680 vexeris
1377 1629 1457 1681 suae
1484 1606 1635 1698 fratrem,
1664 1606 1720 1700 qui
1739 1607 1908 1682 Lestlrone

264 1743 266 1748 '
359 1727 446 1805 Albo
476 1729 564 1824 apud
592 1729 807 1804 Gansnauam
834 1726 951 1819 occiso,
980 1727 1085 1802 totius
1113 1729 1176 1803 sibi
1204 1728 1420 1804 Pomeraniae
1447 1727 1654 1804 dominatum
1677 1732 1906 1824 usurpaverat,

359 1851 483 1926 solatia
517 1852 558 1924 ab
586 1873 624 1925 eo
651 1849 862 1924 instaurandi
900 1851 1016 1924 contra
1052 1849 1278 1926 Wladislaum
1314 1849 1527 1945 Lyaskonogi
1564 1850 1647 1925 belli
1684 1849 1906 1944 quaesiturus

359 1972 516 2049 divertit:
553 1971 611 2065 qui
638 1995 705 2047 non
733 1972 842 2046 solum
869 1971 923 2044 illi
950 1973 1072 2066 gentes
1107 1995 1185 2046 suas
1221 1971 1455 2048 Pomeranicas
1490 1972 1674 2064 concessit,
1712 1973 1770 2048 sod
1807 1971 1907 2048 etiam

359 2093 581 2189 personaliter
609 2115 684 2170 cum
712 2117 750 2168 eo
777 2095 894 2168 contra
920 2093 1147 2170 Wladislaum
1183 2094 1400 2189 Lpaskonogi
1437 2093 1542 2169 venit.
1589 2095 1737 2186 Quorum
1764 2095 1909 2170 adventu

358 2215 569 2294 Wladislaus
595 2215 811 2312 Lpaskonogi
839 2215 1032 2308 deterritus,
1067 2239 1142 2292 cum
1170 2216 1205 2290 iu
1233 2215 1303 2290 suis
1330 2237 1411 2311 erga
1439 2235 1475 2290 se
1501 2217 1628 2290 fluxam
1655 2217 1690 2292 et
1716 2216 1907 2312 ambiguam

358 2340 471 2412 nosset
497 2338 567 2413 fore
596 2337 705 2429 fidem,
744 2337 801 2431 qui
830 2337 929 2412 illum
958 2340 1094 2433 propter
1121 2337 1279 2413 libidines
1306 2341 1341 2412 et
1367 2337 1548 2434 spurcitias
1580 2360 1669 2430 snas,
1694 2339 1908 2432 caeterasque

359 2459 509 2536 actiones
536 2459 694 2555 Principe
722 2459 881 2556 indignas
908 2460 943 2533 in
971 2459 1076 2534 livore
1103 2461 1273 2535 habebant
1299 2463 1334 2536 et
1356 2461 1561 2556 contemptu,
1591 2461 1765 2536 desumere
1780 2460 1809 2556 ²)
1836 2483 1910 2536 oum

360 2580 558 2658 adveniente
599 2583 720 2676 nepote
747 2583 782 2656 et
808 2581 905 2656 hoste
932 2581 1065 2672 infesto,
1104 2604 1146 2656 no
1172 2605 1192 2655 a
1219 2577 1290 2655 suis
1326 2581 1478 2656 desertus
1514 2581 1748 2676 captivitatem
1785 2581 1908 2657 incide-

362 2705 426 2796 rot,
456 2726 523 2778 non
549 2725 662 2795 ausus,
700 2701 821 2778 castris
849 2705 884 2778 et
910 2702 1156 2778 munitionibus
1187 2702 1222 2776 in
1249 2701 1367 2778 Maiori
1407 2702 1548 2778 Polonia
1582 2703 1721 2794 relictis
1758 2703 1912 2780 discessit

359 2827 395 2901 et
420 2825 455 2899 in
483 2825 631 2900 castrum
657 2823 825 2900 Rathibor
852 2845 888 2900 se
915 2823 1051 2920 recepit,
1081 2825 1295 2899 aKaaimiro
1313 2823 1540 2900 lliesakovicn
1560 2823 1813 2903 Ratbiboriensi
1839 2827 1912 2928 Dur

359 2969 402 3036 oe
422 2946 528 3022 amice
554 2945 692 3022 habitus
718 2948 753 3022 et
780 2947 953 3042 exceptus
985 2947 1129 3041 Propter
1156 2947 1244 3040 quod
1270 2946 1481 3023 Wludislsus
1509 2946 1654 3039 ottonis,
1683 2946 1851 3022 militibus
1877 2950 1913 3022 et

360 3068 480 3144 castris
507 3091 543 3144 se
570 3067 622 3142 illi
651 3090 757 3163 prona
783 3071 817 3144 et
845 3068 1042 3160 obsequenti
1078 3069 1254 3144 voluntate
1281 3068 1491 3160 dedentibus,
1519 3071 1554 3144 et
1581 3069 1752 3164 propriam
1788 3069 1911 3144 sortem

360 3190 517 3267 rehabuit
531 3188 560 3285 ³)
588 3192 622 3265 et
649 3192 837 3286 patruelem
865 3191 1052 3287 occupavit.
1097 3192 1212 3268 Habet
1229 3195 1255 3284 ⁵)
1282 3193 1317 3266 et
1342 3189 1486 3266 aliorum
1513 3189 1666 3282 assertio,
1699 3193 1786 3285 quod
1812 3191 1910 3268 Wla-

360 3313 490 3388 disluus
516 3313 732 3409 Lyuskonogi
759 3311 1007 3408 quintadecima
1034 3311 1116 3388 lnlii
1144 3313 1276 3388 fortiter
1304 3311 1486 3404 dimicans,
1522 3313 1698 3390 succubuit
1732 3315 1768 3389 et
1794 3315 1913 3410 fugere

360 3435 507 3529 turpiter
536 3435 695 3511 confusus
720 3438 772 3511 est
797 3436 943 3530 coactus,
973 3435 1125 3532 palatino
1153 3435 1373 3510 Posnaniensi
1393 3457 1467 3510 cum
1487 3433 1606 3510 multis
1624 3435 1703 3510 aliis
1722 3435 1911 3526 interfecto,

361 3804 414 3876 lvo
443 3803 667 3876 trudoniensis
695 3803 869 3895 episcopus
896 3806 1011 3894 gratus
1038 3803 1184 3878 Pontifici
1212 3804 1354 3876 bonane
1382 3802 1533 3894 Gregorio
1553 3822 1637 3876 nono
1656 3822 1712 3896 pro
1731 3795 1913 3878 relabendo

303 4004 307 4013 ,
361 3924 521 3997 ccclesiae
548 3944 627 3998 suae
655 3925 897 4016 metropolibus
925 3924 1097 4016 dignitate,
1125 3924 1166 3998 ad
1187 3944 1260 3997 cunr
1286 3925 1386 4012 vadit,
1415 3926 1628 4019 omnibusque
1655 3926 1812 4014 obtentis,
1840 3925 1915 3998 duvn

362 4045 481 4120 lonae
501 4046 616 4137 exiret,
639 4046 779 4120 natiuae
806 4047 952 4121 moritur.
980 4047 1078 4120 dulus
1107 4064 1223 4140 corpur
1250 4066 1306 4139 per
1333 4049 1451 4120 tratres
1479 4045 1603 4120 ordinis
1630 4047 1739 4122 Sancti
1757 4047 1914 4122 boninici

958 4168 1144 4244 braceolum
1171 4168 1321 4242 rarorum.

466 4406 735 4484 cracoviensium
762 4409 906 4484 antistes
922 4411 950 4505 5)
977 4411 1036 4486 lvo
1064 4409 1193 4505 aliquot
1229 4409 1508 4486 monasteriorum
1539 4409 1575 4482 in
1603 4432 1664 4484 sua
1690 4409 1834 4502 diocesi,
1865 4411 1913 4486 vi-

362 4529 486 4606 delicet
513 4528 548 4604 in
574 4529 713 4626 Mogila,
743 4530 778 4606 in
806 4532 973 4627 Dlubnpa,
1002 4532 1038 4605 in
1064 4532 1218 4623 Msthov,
1243 4531 1324 4608 item
1352 4531 1532 4628 hospitalis
1560 4554 1743 4626 pauperum
1771 4530 1806 4606 in
1834 4531 1912 4607 Ora·

362 4650 468 4744 covia,
498 4649 579 4726 iteru
604 4651 819 4728 ecclesiarum
847 4651 1090 4748 parochialium
1117 4651 1152 4726 in
1180 4654 1412 4748 Deperaasuna
1426 4652 1466 4747 ⁶),
1496 4651 1774 4730 Wavmincaicae
1793 4655 1828 4728 et
1847 4653 1914 4728 Ds-

363 4771 559 4869 lpeschicze,
598 4773 715 4850 Sancti
743 4776 840 4850 Pauli
869 4775 904 4848 in
932 4774 1144 4850 Sondomiria
1174 4775 1334 4850 fundator
1361 4777 1396 4850 et
1422 4775 1566 4864 dotatm
1604 4774 1817 4870 splendorem
1845 4797 1911 4850 me-

363 4895 595 4990 tropoliticum
630 4897 789 4974 ecclesiae
824 4919 905 4974 susc
940 4895 1160 4989 cracoviensi,
1188 4899 1231 4972 ab
1258 4896 1337 4971 aliis
1365 4896 1672 4992 praedecessoribus
1698 4896 1770 4972 suis
1798 4898 1912 4993 negle-

355 5019 466 5108 ctum,
504 5019 665 5114 satagens
701 5019 891 5110 restituere,
929 5017 1095 5114 optimum
1122 5020 1157 5092 et
1184 5021 1385 5113 oportunum
1417 5021 1551 5113 tempus
1578 5021 1684 5110 ratus,
1721 5039 1788 5112 quo
1816 5018 1912 5094 resti-

363 5137 452 5214 tutio
480 5138 553 5235 ipsa
579 5141 696 5236 posset
731 5141 917 5236 provenire,
956 5140 990 5214 in
1027 5139 1168 5215 Italiam
1203 5141 1246 5214 od
1281 5139 1481 5236 Gregorium
1517 5142 1642 5235 Papam
1679 5131 1818 5232 nonum,
1852 5139 1914 5214 sibi

364 5312 448 5320 .—..-.
452 5315 486 5320 --

356 5467 361 5476 .
475 5416 498 5495 ¹)
521 5419 688 5482 advenienti
714 5418 785 5482 Occi.
808 5421 900 5481 Beer.
940 5417 969 5498 9)
992 5417 1145 5483 decertare
1171 5417 1243 5480 Cori.
1266 5419 1359 5480 Rorr.
1397 5415 1424 5495 ³)
1448 5417 1575 5482 obtinuit
1597 5419 1657 5479 Ed.
1680 5419 1775 5479 Dobr.
1812 5415 1912 5508 ‘vaa-

364 5523 457 5590 bebct
483 5521 554 5592 Geel.
577 5525 671 5594 Beer.
713 5520 739 5607 5)
764 5524 967 5600 cracoviensis
989 5525 1145 5614 episcopus
1168 5523 1227 5602 Ed.
1250 5523 1344 5585 Dobr.
1383 5519 1410 5614 6)
1432 5524 1613 5614 Dzierzazna
1642 5521 1713 5586 Geel.
1736 5523 1829 5596 Beer,
