4162 6288
981 550 1094 608 aman
1120 549 1314 606 snnrnrus.
1656 529 1719 627 (Α.
1738 529 1787 608 D.
1804 528 1929 624 1262.)
1955 602 1959 606 ,

539 911 833 1057 depellerentur
859 968 995 1059 eremus
1024 963 1168 1056 neuter,
1200 965 1252 1040 cui
1277 966 1422 1041 litterae
1449 969 1587 1060 paenae
1612 965 1769 1042 mecona

479 1223 604 1300 Octauo
630 1223 796 1300 delendas
823 1223 915 1300 lunii
947 1226 1037 1320 apud
1072 1224 1273 1319 Viterbium,
1297 1225 1491 1301 Alexander
1525 1227 1620 1321 Papa
1654 1227 1796 1318 quartus
1824 1225 1926 1301 mori·
1969 1245 1972 1250 ·

375 1347 444 1436 tur,
473 1368 549 1422 cum
584 1345 683 1420 annis
718 1348 847 1441 septem
883 1347 918 1422 et
954 1347 1125 1422 mensibus
1161 1348 1290 1422 duobus
1316 1347 1468 1441 sedisset,
1506 1349 1541 1422 ct
1567 1347 1603 1422 in
1630 1347 1773 1424 ecclesia
1808 1348 1926 1422 Sancti

375 1467 551 1543 Laurentii
584 1468 771 1543 cathedrali
808 1468 953 1544 Viterbii
988 1469 1162 1564 sepelitur.
1194 1468 1255 1542 dui
1282 1469 1441 1544 Urbanus
1469 1470 1621 1563 quartus,
1649 1469 1786 1545 notione
1813 1469 1924 1544 (talli-

226 1677 230 1684 ,
376 1611 435 1664 cus
461 1589 649 1682 Tricensis,
684 1589 879 1686 patriarcha
914 1591 1263 1688 Hierosolymitanus,
1292 1614 1335 1667 ex
1362 1593 1465 1667 Terra
1492 1591 1616 1667 Sancta
1642 1613 1816 1684 reuersus,
1844 1592 1928 1666 eta

377 1711 613 1787 dardinalihus
640 1711 847 1788 concorditer
873 1713 1002 1788 electus
1028 1714 1063 1804 et
1090 1713 1126 1786 in
1154 1713 1207 1789 die
1233 1712 1476 1789 Decollationis
1493 1713 1587 1788 boati
1613 1713 1777 1789 Iohannis
1804 1711 1925 1807 Bapti-

376 1835 448 1909 stae
476 1835 681 1930 assumptus,
709 1834 869 1910 succedit.
914 1834 978 1929 Qui
1005 1834 1191 1910 exercitum
1219 1835 1460 1910 Saracenorum
1496 1835 1648 1911 Siciliam
1679 1835 1923 1926 devastantem,

376 1955 596 2030 ahlanfredo
623 1955 660 2029 in
687 1955 929 2050 patrimonium
955 1956 1115 2031 ccclesiae
1143 1955 1341 2048 immissum,
1379 1979 1438 2051 per
1464 1957 1772 2052 crucesignatorum
1799 1955 1948 2032 exerui--

376 2077 451 2152 tum
478 2077 588 2171 fugat,
617 2078 651 2151 et
677 2077 835 2172 Regnum
871 2077 1063 2171 praefatum
1098 2077 1235 2153 Siciliae
1270 2079 1388 2152 darolo
1427 2078 1549 2153 (domiti
1583 2077 1790 2170 Provinciae,
1827 2075 1927 2151 frutm

376 2198 484 2293 Regis
510 2197 685 2291 Francius,
713 2199 753 2272 ut
779 2221 800 2274 a
826 2199 999 2275 llantredo
1025 2199 1113 2274 illud
1139 2202 1323 2296 recuperet,
1351 2199 1491 2276 confort.

825 2557 1034 2674 ANNUS
1069 2555 1294 2672 DOMINI
1330 2559 1469 2675 1262.

283 2894 288 2902 ¹
335 2803 339 2812 '
376 2806 525 2880 tithueni
552 2823 625 2880 een
651 2807 807 2912 llutheme
834 2808 950 2882 iterum
978 2809 1155 2883 heecrienr
1181 2809 1323 2901 ingrcssi
1349 2810 1467 2882 Bucen
1494 2809 1696 2883 sementen
1726 2807 1924 2882 intericiunt
2069 2855 2080 2868 -

377 2932 411 3001 ct
437 2927 540 3011 hlium
577 2929 647 3002 ciue
683 2929 831 3038 eupiunt,
867 2931 1102 3023 nobilitateque
1137 2929 1309 3022 profligate
1337 2948 1376 3003 ec
1403 2930 1551 3004 omnitae
1586 2933 1697 3020 exuta,
1723 2929 1766 3002 ed
1797 2930 1924 3022 proprie

456 3067 459 3074 ’
1047 3055 1260 3126 revertuntur.

480 3291 716 3390 Gonglutinati
733 3291 779 3400 in
805 3313 910 3367 unum
936 3291 1090 3370 Rutheni
1117 3293 1151 3369 et
1178 3291 1353 3387 Lithuani,
1382 3293 1451 3367 iam
1478 3291 1569 3368 inter
1595 3311 1630 3368 sc
1658 3291 1767 3387 pactis
1794 3294 1830 3368 et
1855 3291 1926 3388 liga

377 3413 550 3507 foederati,
579 3435 656 3490 cum
683 3413 837 3490 omnibus
863 3414 1027 3510 potentiis
1049 3414 1215 3511 algentis
1242 3415 1418 3509 utriusque
1444 3411 1549 3509 copiis
1575 3413 1748 3489 hostiliter
1773 3435 1834 3510 par
1864 3415 1923 3489 sil-

377 3537 437 3612 vas
463 3537 499 3612 ct
524 3557 672 3628 nemora,
701 3537 843 3613 silenter
868 3538 904 3612 ct
931 3537 1150 3629 clandestino,
1184 3559 1249 3629 quo
1276 3536 1412 3612 facilius
1439 3535 1592 3611 incautos
1618 3536 1779 3611 fallerent
1805 3536 1841 3610 et
1866 3558 1924 3630 op·

377 3641 573 3750 primorent,
602 3657 639 3731 in
665 3657 832 3733 Maeoniae
859 3659 967 3733 terras
1002 3657 1155 3748 veniunt,
1187 3659 1312 3734 Ducem
1348 3679 1479 3752 quoque
1513 3655 1684 3733 illusoriae
1719 3655 1924 3732 Semuritum

377 3777 534 3871 (lauradi,
563 3778 599 3852 in
626 3778 711 3854 uilla
737 3800 799 3854 sua
826 3781 861 3854 et
887 3780 981 3854 curis
1008 3779 1208 3872 Icenowslro,
1236 3778 1324 3853 alias
1351 3779 1499 3869 Iuscdou
1524 3779 1581 3853 vol
1607 3778 1760 3870 Iascdcn,
1790 3797 1826 3854 sc
1844 3779 1924 3852 tunc

377 3899 616 3992 continentem,
653 3899 836 3992 antequam
863 3901 956 3976 fama
981 3923 1096 3976 corum
1121 3899 1258 3975 hostilis
1294 3899 1469 3996 ingressus
1496 3899 1690 3975 denuntiari
1717 3898 1772 3972 illi
1799 3901 1922 3994 posset,

376 4021 474 4097 nocto
500 4021 536 4096 in
563 4021 685 4117 vigilia
718 4022 809 4098 beati
845 4021 1008 4098 Iohannis
1034 4021 1213 4117 Baptistae
1239 4021 1405 4118 aggressi,
1442 4023 1619 4116 occupant,
1656 4023 1692 4097 et
1717 4023 1790 4096 tam
1815 4020 1924 4116 ipsum

376 4142 583 4218 Semoritum
609 4144 748 4235 Ducem,
786 4165 888 4237 quarn
922 4142 1033 4219 filium
1066 4143 1139 4220 eius
1165 4144 1357 4219 dunradum
1406 4144 1441 4220 et
1468 4142 1596 4217 milites
1631 4165 1700 4218 una
1734 4143 1925 4237 praesentes

376 4261 562 4358 captivant,
592 4265 812 4357 ducalemquc
838 4265 1086 4360 supellectilem
1113 4265 1290 4360 diripiunt.
1328 4265 1475 4338 'I'antum
1502 4267 1616 4341 autem
1637 4263 1873 4340 Ruthenorum
1891 4263 1925 4336 in

377 4385 520 4460 Polonos
546 4385 659 4460 odium
685 4387 769 4462 tunc
804 4389 1042 4482 expromptum
1068 4387 1133 4480 est,
1162 4388 1202 4460 ut
1227 4385 1331 4461 etiam
1358 4385 1526 4462 saevirent
1552 4385 1588 4459 in
1615 4385 1746 4462 uinctos
1772 4388 1809 4461 et
1835 4384 1924 4460 dedi-

375 4507 442 4581 tos.
487 4505 567 4581 Dux
602 4506 728 4583 etenim
763 4507 908 4584 Russiae
943 4507 1125 4584 Suomirus
1151 4507 1222 4584 siue
1248 4508 1394 4600 Suamo,
1432 4528 1536 4603 nepos
1562 4528 1743 4583 exsorore
1774 4505 1924 4582 Danielis

376 4626 483 4723 Regis
508 4627 665 4721 Russiae,
694 4628 730 4702 in
757 4628 964 4707 Semonitum
1000 4630 1125 4704 Ducem
1152 4629 1319 4704 illusoriae
1350 4627 1558 4705 truculentia
1584 4615 1766 4724 plusquam
1792 4625 1925 4704 carnifi-

375 4747 453 4824 cina
479 4748 713 4843 debacchatus,
750 4751 889 4846 captum
915 4751 950 4826 et
976 4749 1123 4846 ligatum
1150 4750 1202 4842 (in
1228 4750 1462 4825 Ruthonorum
1488 4748 1578 4825 enim
1605 4751 1730 4826 sortem
1768 4751 1925 4844 cesserat)

376 4869 488 4966 capito
514 4871 754 4948 miserabiliter
780 4873 970 4948 obtruncat.
1015 4871 1095 4946 Pari
1122 4871 1222 4947 ccede
1248 4873 1283 4946 et
1309 4870 1480 4948 carnificio
1511 4870 1548 4945 in
1574 4870 1684 4946 tilium
1711 4893 1811 4947 suum
1837 4872 1924 4947 dun·

375 4993 495 5067 radum
521 5014 655 5086 usurus,
693 4992 761 5067 nisi
787 4995 877 5069 sorte
896 4994 920 5088 ¹)
946 4993 1091 5088 hlondog
1117 4993 1202 5070 Duci
1229 4994 1264 5067 et
1289 4991 1482 5084 Lithuanis,
1512 5015 1533 5066 a
1559 4979 1682 5086 quinus
1709 4995 1864 5069 serratus
1890 4994 1924 5067 ot

376 5135 464 5190 anno
490 5115 605 5191 codem
631 5113 775 5210 pecunie
800 5115 994 5210 redemptus
1021 5117 1083 5207 cst,
1114 5113 1315 5190 obuenisset.
1353 5115 1503 5190 Berones
1530 5115 1565 5190 ct
1591 5113 1719 5191 milites
1746 5113 1923 5206 hlasoriae,

376 5257 455 5311 casu
481 5257 617 5313 suorum
643 5237 775 5312 Ducum
814 5239 849 5313 ot
874 5237 984 5313 torrae
1012 5258 1093 5312 suae
1119 5235 1237 5312 hostili
1264 5234 1536 5330 depraedatione,
1565 5235 1735 5328 adquam
1762 5258 1924 5333 peregen-

484 5497 509 5580 ¹)
531 5497 608 5562 torte
637 5499 697 5564 Ed.
719 5499 805 5578 Iope.
