<?xml version="1.0" encoding="UTF-8"?>
<!DOCTYPE html PUBLIC "-//W3C//DTD XHTML 1.0 Transitional//EN"
    "http://www.w3.org/TR/xhtml1/DTD/xhtml1-transitional.dtd">
<html xmlns="http://www.w3.org/1999/xhtml" xml:lang="en" lang="en">
 <head>
  <title>
</title>
<meta http-equiv="Content-Type" content="text/html;charset=utf-8" />
  <meta name='ocr-system' content='tesseract 3.04.00' />
  <meta name='ocr-capabilities' content='ocr_page ocr_carea ocr_par ocr_line ocrx_word'/>
</head>
<body>
  <div class='ocr_page' id='page_1' title='image "./operaomnia02paulgoog_0477.png"; bbox 0 0 4192 6272; ppageno 0'>
   <div class='ocr_carea' id='block_1_1' title="bbox 140 522 1694 616">
    <p class='ocr_par' dir='ltr' id='par_1_1' title="bbox 140 522 1694 616">
     <span class='ocr_line' id='line_1_1' title="bbox 140 522 1694 616; baseline 0 -20"><span class='ocrx_word' id='word_1_1' title='bbox 140 522 205 614; x_wconf 88' lang='grc' dir='ltr'><strong>(Α.</strong></span> <span class='ocrx_word' id='word_1_2' title='bbox 229 522 276 598; x_wconf 81' lang='lat' dir='ltr'><strong>u.</strong></span> <span class='ocrx_word' id='word_1_3' title='bbox 296 522 404 616; x_wconf 80' lang='grc'><strong>1281.)</strong></span> <span class='ocrx_word' id='word_1_4' title='bbox 746 543 859 596; x_wconf 78' lang='lat' dir='ltr'><strong>arasa</strong></span> <span class='ocrx_word' id='word_1_5' title='bbox 886 543 1080 596; x_wconf 78' lang='lat' dir='ltr'><strong>susurrares.</strong></span> <span class='ocrx_word' id='word_1_6' title='bbox 1339 539 1341 542; x_wconf 89' lang='grc'><strong><em>·</em></strong></span> <span class='ocrx_word' id='word_1_7' title='bbox 1421 573 1423 576; x_wconf 91' lang='grc'>-</span> <span class='ocrx_word' id='word_1_8' title='bbox 1619 525 1694 596; x_wconf 88' lang='grc'><strong>461</strong></span> 
     </span>
    </p>
   </div>
   <div class='ocr_carea' id='block_1_2' title="bbox 138 729 1698 1173">
    <p class='ocr_par' dir='ltr' id='par_1_2' title="bbox 138 729 1698 1173">
     <span class='ocr_line' id='line_1_2' title="bbox 138 729 1697 820; baseline -0.001 -14"><span class='ocrx_word' id='word_1_9' title='bbox 138 732 232 806; x_wconf 92' lang='lat' dir='ltr'><strong>nunt</strong></span> <span class='ocrx_word' id='word_1_10' title='bbox 258 732 294 806; x_wconf 93' lang='lat' dir='ltr'><strong>et</strong></span> <span class='ocrx_word' id='word_1_11' title='bbox 319 730 493 820; x_wconf 81' lang='lat' dir='ltr'><strong>claudunt,</strong></span> <span class='ocrx_word' id='word_1_12' title='bbox 521 730 623 806; x_wconf 92' lang='lat' dir='ltr'><strong>oertis</strong></span> <span class='ocrx_word' id='word_1_13' title='bbox 649 729 830 805; x_wconf 76' lang='lat' dir='ltr'><strong>baronibus</strong></span> <span class='ocrx_word' id='word_1_14' title='bbox 866 751 927 804; x_wconf 87' lang='lat' dir='ltr'><strong>sua</strong></span> <span class='ocrx_word' id='word_1_15' title='bbox 951 732 987 805; x_wconf 90' lang='lat' dir='ltr'><strong>et</strong></span> <span class='ocrx_word' id='word_1_16' title='bbox 1013 731 1116 808; x_wconf 87' lang='lat' dir='ltr'><strong>oustri</strong></span> <span class='ocrx_word' id='word_1_17' title='bbox 1154 730 1307 806; x_wconf 78' lang='lat' dir='ltr'><strong>eustolia</strong></span> <span class='ocrx_word' id='word_1_18' title='bbox 1341 730 1539 806; x_wconf 89' lang='lat' dir='ltr'><strong>oommissa:</strong></span> <span class='ocrx_word' id='word_1_19' title='bbox 1577 732 1617 805; x_wconf 85' lang='lat' dir='ltr'><strong>ut</strong></span> <span class='ocrx_word' id='word_1_20' title='bbox 1642 732 1697 806; x_wconf 86' lang='lat' dir='ltr'><strong>uel</strong></span> 
     </span>
     <span class='ocr_line' id='line_1_3' title="bbox 138 851 1697 942; baseline 0.001 -16"><span class='ocrx_word' id='word_1_21' title='bbox 138 853 191 927; x_wconf 91' lang='lat' dir='ltr'><strong>sio</strong></span> <span class='ocrx_word' id='word_1_22' title='bbox 218 852 414 928; x_wconf 79' lang='lat' dir='ltr'>lubricitate</span> <span class='ocrx_word' id='word_1_23' title='bbox 441 873 504 927; x_wconf 85' lang='lat' dir='ltr'><strong>suu</strong></span> <span class='ocrx_word' id='word_1_24' title='bbox 530 852 687 942; x_wconf 89' lang='lat' dir='ltr'><strong>inhibita,</strong></span> <span class='ocrx_word' id='word_1_25' title='bbox 716 853 759 927; x_wconf 85' lang='lat' dir='ltr'><strong>ad</strong></span> <span class='ocrx_word' id='word_1_26' title='bbox 786 851 861 927; x_wconf 90' lang='lat' dir='ltr'><strong>iura</strong></span> <span class='ocrx_word' id='word_1_27' title='bbox 889 852 1094 928; x_wconf 77' lang='lat' dir='ltr'><strong>matrimonii</strong></span> <span class='ocrx_word' id='word_1_28' title='bbox 1121 853 1340 928; x_wconf 79' lang='lat' dir='ltr'><strong>eustodiendo</strong></span> <span class='ocrx_word' id='word_1_29' title='bbox 1364 854 1514 927; x_wconf 90' lang='lat' dir='ltr'><strong>animum</strong></span> <span class='ocrx_word' id='word_1_30' title='bbox 1542 853 1697 928; x_wconf 88' lang='lat' dir='ltr'><strong>intende·</strong></span> 
     </span>
     <span class='ocr_line' id='line_1_4' title="bbox 138 973 1698 1071; baseline 0.001 -21"><span class='ocrx_word' id='word_1_31' title='bbox 138 977 206 1065; x_wconf 86' lang='lat' dir='ltr'><strong>rel,</strong></span> <span class='ocrx_word' id='word_1_32' title='bbox 237 975 440 1068; x_wconf 89' lang='lat' dir='ltr'><strong>dareturque</strong></span> <span class='ocrx_word' id='word_1_33' title='bbox 465 974 618 1069; x_wconf 87' lang='lat' dir='ltr'><strong>Reginae</strong></span> <span class='ocrx_word' id='word_1_34' title='bbox 645 973 874 1068; x_wconf 65' lang='lat' dir='ltr'><strong>foecunditas,</strong></span> <span class='ocrx_word' id='word_1_35' title='bbox 910 976 946 1053; x_wconf 90' lang='lat' dir='ltr'><strong>st</strong></span> <span class='ocrx_word' id='word_1_36' title='bbox 972 977 1130 1071; x_wconf 80' lang='lat' dir='ltr'>Regnum</span> <span class='ocrx_word' id='word_1_37' title='bbox 1167 975 1255 1056; x_wconf 86' lang='lat' dir='ltr'><strong>iusto</strong></span> <span class='ocrx_word' id='word_1_38' title='bbox 1282 976 1423 1050; x_wconf 74' lang='lat' dir='ltr'><strong>hmrade</strong></span> <span class='ocrx_word' id='word_1_39' title='bbox 1449 979 1484 1052; x_wconf 86' lang='lat' dir='ltr'><strong>ot</strong></span> <span class='ocrx_word' id='word_1_40' title='bbox 1510 997 1698 1052; x_wconf 89' lang='lat' dir='ltr'><strong>suooessore</strong></span> 
     </span>
     <span class='ocr_line' id='line_1_5' title="bbox 139 1079 1443 1173; baseline -0.004 -2"><span class='ocrx_word' id='word_1_41' title='bbox 139 1121 210 1171; x_wconf 87' lang='lat' dir='ltr'><strong>non</strong></span> <span class='ocrx_word' id='word_1_42' title='bbox 238 1098 473 1173; x_wconf 70' lang='lat' dir='ltr'><strong>frustraretur.</strong></span> <span class='ocrx_word' id='word_1_43' title='bbox 537 1125 540 1132; x_wconf 91' lang='lat'>·</span> <span class='ocrx_word' id='word_1_44' title='bbox 1439 1079 1443 1086; x_wconf 75' lang='grc'><strong>’</strong></span> 
     </span>
    </p>
   </div>
   <div class='ocr_carea' id='block_1_3' title="bbox 174 1495 1671 1710">
    <p class='ocr_par' dir='ltr' id='par_1_3' title="bbox 174 1495 1671 1710">
     <span class='ocr_line' id='line_1_6' title="bbox 174 1495 1671 1590; baseline 0.001 -20"><span class='ocrx_word' id='word_1_45' title='bbox 174 1497 353 1590; x_wconf 80' lang='lat' dir='ltr'><strong>l’rugensir</strong></span> <span class='ocrx_word' id='word_1_46' title='bbox 375 1497 483 1570; x_wconf 79' lang='lat' dir='ltr'><strong>maior</strong></span> <span class='ocrx_word' id='word_1_47' title='bbox 509 1497 652 1570; x_wconf 85' lang='lat' dir='ltr'><strong>eoolorla</strong></span> <span class='ocrx_word' id='word_1_48' title='bbox 678 1515 698 1567; x_wconf 84' lang='lat' dir='ltr'><strong>u</strong></span> <span class='ocrx_word' id='word_1_49' title='bbox 725 1495 906 1568; x_wconf 68' lang='lat' dir='ltr'><strong>neroniano</strong></span> <span class='ocrx_word' id='word_1_50' title='bbox 933 1495 1210 1588; x_wconf 80' lang='lat' dir='ltr'><strong>lrsnleturganai</strong></span> <span class='ocrx_word' id='word_1_51' title='bbox 1236 1501 1347 1570; x_wconf 81' lang='lat' dir='ltr'><strong>tutore</strong></span> <span class='ocrx_word' id='word_1_52' title='bbox 1374 1499 1553 1588; x_wconf 74' lang='lat' dir='ltr'><strong>telonias,</strong></span> <span class='ocrx_word' id='word_1_53' title='bbox 1580 1499 1671 1571; x_wconf 88' lang='lat' dir='ltr'><strong>nullo</strong></span> 
     </span>
     <span class='ocr_line' id='line_1_7' title="bbox 596 1617 1256 1710; baseline 0.003 -20"><span class='ocrx_word' id='word_1_54' title='bbox 596 1618 765 1706; x_wconf 77' lang='lat' dir='ltr'><strong>obstante,</strong></span> <span class='ocrx_word' id='word_1_55' title='bbox 794 1617 944 1690; x_wconf 80' lang='lat' dir='ltr'><strong>omullus</strong></span> <span class='ocrx_word' id='word_1_56' title='bbox 972 1617 1089 1710; x_wconf 74' lang='lat' dir='ltr'><strong>unitur</strong></span> <span class='ocrx_word' id='word_1_57' title='bbox 1117 1618 1256 1692; x_wconf 83' lang='lat' dir='ltr'><strong>exuitur.</strong></span> 
     </span>
    </p>
   </div>
   <div class='ocr_carea' id='block_1_4' title="bbox 139 1877 1702 3170">
    <p class='ocr_par' dir='ltr' id='par_1_4' title="bbox 139 1877 1702 3170">
     <span class='ocr_line' id='line_1_8' title="bbox 249 1877 1698 1974; baseline 0.001 -22"><span class='ocrx_word' id='word_1_58' title='bbox 249 1877 409 1954; x_wconf 79' lang='lat' dir='ltr'><strong>Maiorem</strong></span> <span class='ocrx_word' id='word_1_59' title='bbox 437 1879 643 1974; x_wconf 83' lang='lat' dir='ltr'><strong>Prageusem</strong></span> <span class='ocrx_word' id='word_1_60' title='bbox 678 1877 855 1953; x_wconf 80' lang='lat' dir='ltr'><strong>ecelesiam</strong></span> <span class='ocrx_word' id='word_1_61' title='bbox 883 1877 962 1953; x_wconf 91' lang='lat' dir='ltr'><strong>Otto</strong></span> <span class='ocrx_word' id='word_1_62' title='bbox 989 1877 1305 1972; x_wconf 83' lang='lat' dir='ltr'><strong>Brandoburgensis</strong></span> <span class='ocrx_word' id='word_1_63' title='bbox 1341 1879 1490 1954; x_wconf 82' lang='lat' dir='ltr'><strong>Marohio</strong></span> <span class='ocrx_word' id='word_1_64' title='bbox 1527 1883 1561 1954; x_wconf 89' lang='lat' dir='ltr'><strong>et</strong></span> <span class='ocrx_word' id='word_1_65' title='bbox 1589 1881 1698 1954; x_wconf 88' lang='lat' dir='ltr'><strong>Bohe-</strong></span> 
     </span>
     <span class='ocr_line' id='line_1_9' title="bbox 139 1999 1699 2096; baseline 0 -22"><span class='ocrx_word' id='word_1_66' title='bbox 139 2001 232 2075; x_wconf 86' lang='lat' dir='ltr'><strong>miae</strong></span> <span class='ocrx_word' id='word_1_67' title='bbox 260 2003 372 2091; x_wconf 92' lang='lat' dir='ltr'><strong>tutor,</strong></span> <span class='ocrx_word' id='word_1_68' title='bbox 401 2001 491 2074; x_wconf 90' lang='lat' dir='ltr'><strong>oerto</strong></span> <span class='ocrx_word' id='word_1_69' title='bbox 519 1999 645 2074; x_wconf 88' lang='lat' dir='ltr'><strong>eortius</strong></span> <span class='ocrx_word' id='word_1_70' title='bbox 672 2022 893 2094; x_wconf 80' lang='lat' dir='ltr'><strong>cognossem,</strong></span> <span class='ocrx_word' id='word_1_71' title='bbox 933 1999 1051 2072; x_wconf 89' lang='lat' dir='ltr'><strong>multis</strong></span> <span class='ocrx_word' id='word_1_72' title='bbox 1078 1999 1197 2093; x_wconf 84' lang='lat' dir='ltr'><strong>opibus</strong></span> <span class='ocrx_word' id='word_1_73' title='bbox 1224 2003 1259 2075; x_wconf 87' lang='lat' dir='ltr'><strong>et</strong></span> <span class='ocrx_word' id='word_1_74' title='bbox 1286 1999 1380 2074; x_wconf 85' lang='lat' dir='ltr'><strong>uaria</strong></span> <span class='ocrx_word' id='word_1_75' title='bbox 1406 2022 1446 2074; x_wconf 87' lang='lat' dir='ltr'><strong>ao</strong></span> <span class='ocrx_word' id='word_1_76' title='bbox 1474 1999 1621 2096; x_wconf 85' lang='lat' dir='ltr'><strong>pretiosa</strong></span> <span class='ocrx_word' id='word_1_77' title='bbox 1647 2024 1699 2075; x_wconf 90' lang='lat' dir='ltr'><strong>re-</strong></span> 
     </span>
     <span class='ocr_line' id='line_1_10' title="bbox 139 2119 1700 2218; baseline 0 -22"><span class='ocrx_word' id='word_1_78' title='bbox 139 2145 219 2196; x_wconf 92' lang='lat' dir='ltr'><strong>rum</strong></span> <span class='ocrx_word' id='word_1_79' title='bbox 247 2119 456 2197; x_wconf 84' lang='lat' dir='ltr'><strong>diuersarum</strong></span> <span class='ocrx_word' id='word_1_80' title='bbox 484 2121 703 2218; x_wconf 81' lang='lat' dir='ltr'><strong>supellectili,</strong></span> <span class='ocrx_word' id='word_1_81' title='bbox 732 2143 817 2214; x_wconf 88' lang='lat' dir='ltr'><strong>quas</strong></span> <span class='ocrx_word' id='word_1_82' title='bbox 844 2124 915 2195; x_wconf 89' lang='lat' dir='ltr'><strong>tam</strong></span> <span class='ocrx_word' id='word_1_83' title='bbox 943 2120 1073 2195; x_wconf 89' lang='lat' dir='ltr'><strong>nobiles</strong></span> <span class='ocrx_word' id='word_1_84' title='bbox 1100 2144 1199 2214; x_wconf 84' lang='lat' dir='ltr'><strong>quam</strong></span> <span class='ocrx_word' id='word_1_85' title='bbox 1228 2122 1318 2196; x_wconf 82' lang='lat' dir='ltr'><strong>oiues</strong></span> <span class='ocrx_word' id='word_1_86' title='bbox 1345 2123 1380 2196; x_wconf 92' lang='lat' dir='ltr'><strong>et</strong></span> <span class='ocrx_word' id='word_1_87' title='bbox 1407 2125 1570 2217; x_wconf 81' lang='lat' dir='ltr'><strong>agrestes,</strong></span> <span class='ocrx_word' id='word_1_88' title='bbox 1594 2123 1700 2197; x_wconf 84' lang='lat' dir='ltr'><strong>ecole-</strong></span> 
     </span>
     <span class='ocr_line' id='line_1_11' title="bbox 139 2241 1700 2340; baseline 0.001 -24"><span class='ocrx_word' id='word_1_89' title='bbox 139 2241 275 2317; x_wconf 85' lang='lat' dir='ltr'><strong>siastioi</strong></span> <span class='ocrx_word' id='word_1_90' title='bbox 303 2244 338 2317; x_wconf 95' lang='lat' dir='ltr'><strong>et</strong></span> <span class='ocrx_word' id='word_1_91' title='bbox 365 2243 554 2317; x_wconf 79' lang='lat' dir='ltr'><strong>saeculares</strong></span> <span class='ocrx_word' id='word_1_92' title='bbox 582 2242 666 2318; x_wconf 86' lang='lat' dir='ltr'><strong>illus</strong></span> <span class='ocrx_word' id='word_1_93' title='bbox 692 2243 786 2317; x_wconf 81' lang='lat' dir='ltr'><strong>velut</strong></span> <span class='ocrx_word' id='word_1_94' title='bbox 813 2241 848 2316; x_wconf 93' lang='lat' dir='ltr'><strong>in</strong></span> <span class='ocrx_word' id='word_1_95' title='bbox 876 2243 985 2317; x_wconf 91' lang='lat' dir='ltr'><strong>looum</strong></span> <span class='ocrx_word' id='word_1_96' title='bbox 1013 2245 1124 2316; x_wconf 90' lang='lat' dir='ltr'><strong>tutum</strong></span> <span class='ocrx_word' id='word_1_97' title='bbox 1154 2243 1396 2340; x_wconf 85' lang='lat' dir='ltr'><strong>deposuerunt,</strong></span> <span class='ocrx_word' id='word_1_98' title='bbox 1425 2245 1585 2318; x_wconf 82' lang='lat' dir='ltr'><strong>refertam</strong></span> <span class='ocrx_word' id='word_1_99' title='bbox 1617 2267 1700 2335; x_wconf 90' lang='lat' dir='ltr'><strong>esse,</strong></span> 
     </span>
     <span class='ocr_line' id='line_1_12' title="bbox 140 2363 1701 2459; baseline 0.001 -21"><span class='ocrx_word' id='word_1_100' title='bbox 140 2365 254 2439; x_wconf 88' lang='lat' dir='ltr'><strong>mittit</strong></span> <span class='ocrx_word' id='word_1_101' title='bbox 281 2366 442 2455; x_wconf 84' lang='lat' dir='ltr'><strong>Saxones,</strong></span> <span class='ocrx_word' id='word_1_102' title='bbox 475 2364 534 2456; x_wconf 91' lang='lat' dir='ltr'><strong>qui</strong></span> <span class='ocrx_word' id='word_1_103' title='bbox 562 2363 715 2439; x_wconf 87' lang='lat' dir='ltr'><strong>omnibus</strong></span> <span class='ocrx_word' id='word_1_104' title='bbox 751 2363 834 2439; x_wconf 91' lang='lat' dir='ltr'><strong>seris</strong></span> <span class='ocrx_word' id='word_1_105' title='bbox 871 2364 1061 2459; x_wconf 81' lang='lat' dir='ltr'><strong>perfractis,</strong></span> <span class='ocrx_word' id='word_1_106' title='bbox 1091 2367 1232 2459; x_wconf 85' lang='lat' dir='ltr'><strong>etopus</strong></span> <span class='ocrx_word' id='word_1_107' title='bbox 1259 2365 1492 2456; x_wconf 89' lang='lat' dir='ltr'><strong>etolouodia,</strong></span> <span class='ocrx_word' id='word_1_108' title='bbox 1521 2388 1701 2457; x_wconf 87' lang='lat' dir='ltr'><strong>ouuresque</strong></span> 
     </span>
     <span class='ocr_line' id='line_1_13' title="bbox 140 2485 1700 2581; baseline 0 -21"><span class='ocrx_word' id='word_1_109' title='bbox 140 2485 276 2562; x_wconf 91' lang='lat' dir='ltr'><strong>nobiles</strong></span> <span class='ocrx_word' id='word_1_110' title='bbox 302 2486 337 2560; x_wconf 89' lang='lat' dir='ltr'><strong>et</strong></span> <span class='ocrx_word' id='word_1_111' title='bbox 356 2485 521 2579; x_wconf 86' lang='lat' dir='ltr'><strong>pretiosas</strong></span> <span class='ocrx_word' id='word_1_112' title='bbox 548 2485 702 2560; x_wconf 81' lang='lat' dir='ltr'><strong>sarsinas.</strong></span> <span class='ocrx_word' id='word_1_113' title='bbox 725 2487 885 2560; x_wconf 87' lang='lat' dir='ltr'><strong>auferunt</strong></span> <span class='ocrx_word' id='word_1_114' title='bbox 922 2488 957 2560; x_wconf 85' lang='lat' dir='ltr'><strong>ut</strong></span> <span class='ocrx_word' id='word_1_115' title='bbox 983 2485 1018 2559; x_wconf 92' lang='lat' dir='ltr'><strong>in</strong></span> <span class='ocrx_word' id='word_1_116' title='bbox 1047 2486 1228 2560; x_wconf 73' lang='lat' dir='ltr'><strong>Samonium</strong></span> <span class='ocrx_word' id='word_1_117' title='bbox 1265 2487 1465 2581; x_wconf 81' lang='lat' dir='ltr'><strong>deportant,</strong></span> <span class='ocrx_word' id='word_1_118' title='bbox 1504 2485 1700 2561; x_wconf 88' lang='lat' dir='ltr'><strong>Bohemiam</strong></span> 
     </span>
     <span class='ocr_line' id='line_1_14' title="bbox 141 2605 1701 2703; baseline 0.001 -22"><span class='ocrx_word' id='word_1_119' title='bbox 141 2609 216 2682; x_wconf 86' lang='lat' dir='ltr'><strong>lere</strong></span> <span class='ocrx_word' id='word_1_120' title='bbox 243 2606 332 2681; x_wconf 92' lang='lat' dir='ltr'><strong>omni</strong></span> <span class='ocrx_word' id='word_1_121' title='bbox 362 2629 452 2699; x_wconf 86' lang='lat' dir='ltr'><strong>auro,</strong></span> <span class='ocrx_word' id='word_1_122' title='bbox 483 2609 637 2702; x_wconf 87' lang='lat' dir='ltr'><strong>argento,</strong></span> <span class='ocrx_word' id='word_1_123' title='bbox 667 2605 872 2702; x_wconf 83' lang='lat' dir='ltr'><strong>margaritis,</strong></span> <span class='ocrx_word' id='word_1_124' title='bbox 901 2607 1045 2702; x_wconf 91' lang='lat' dir='ltr'><strong>gemmis</strong></span> <span class='ocrx_word' id='word_1_125' title='bbox 1073 2611 1108 2682; x_wconf 92' lang='lat' dir='ltr'><strong>et</strong></span> <span class='ocrx_word' id='word_1_126' title='bbox 1136 2607 1295 2701; x_wconf 85' lang='lat' dir='ltr'><strong>quioquid</strong></span> <span class='ocrx_word' id='word_1_127' title='bbox 1323 2607 1507 2703; x_wconf 88' lang='lat' dir='ltr'><strong>pretiosum</strong></span> <span class='ocrx_word' id='word_1_128' title='bbox 1534 2610 1595 2682; x_wconf 89' lang='lat' dir='ltr'><strong>aut</strong></span> <span class='ocrx_word' id='word_1_129' title='bbox 1622 2631 1701 2682; x_wconf 90' lang='lat' dir='ltr'><strong>oon-</strong></span> 
     </span>
     <span class='ocr_line' id='line_1_15' title="bbox 140 2727 1702 2824; baseline -0.001 -20"><span class='ocrx_word' id='word_1_130' title='bbox 140 2729 341 2824; x_wconf 87' lang='lat' dir='ltr'><strong>oupisoibile</strong></span> <span class='ocrx_word' id='word_1_131' title='bbox 369 2727 404 2802; x_wconf 93' lang='lat' dir='ltr'><strong>in</strong></span> <span class='ocrx_word' id='word_1_132' title='bbox 431 2751 471 2804; x_wconf 89' lang='lat' dir='ltr'><strong>ea</strong></span> <span class='ocrx_word' id='word_1_133' title='bbox 497 2731 581 2820; x_wconf 88' lang='lat' dir='ltr'><strong>erat,</strong></span> <span class='ocrx_word' id='word_1_134' title='bbox 610 2729 703 2804; x_wconf 86' lang='lat' dir='ltr'><strong>faoili</strong></span> <span class='ocrx_word' id='word_1_135' title='bbox 732 2728 866 2824; x_wconf 88' lang='lat' dir='ltr'><strong>negotio</strong></span> <span class='ocrx_word' id='word_1_136' title='bbox 902 2732 1034 2804; x_wconf 85' lang='lat' dir='ltr'><strong>exuunt</strong></span> <span class='ocrx_word' id='word_1_137' title='bbox 1068 2731 1103 2805; x_wconf 86' lang='lat' dir='ltr'><strong>et</strong></span> <span class='ocrx_word' id='word_1_138' title='bbox 1130 2730 1313 2804; x_wconf 88' lang='lat' dir='ltr'><strong>denudant.</strong></span> <span class='ocrx_word' id='word_1_139' title='bbox 1351 2731 1415 2805; x_wconf 85' lang='lat' dir='ltr'><strong>Sed</strong></span> <span class='ocrx_word' id='word_1_140' title='bbox 1452 2752 1513 2804; x_wconf 91' lang='lat' dir='ltr'><strong>neo</strong></span> <span class='ocrx_word' id='word_1_141' title='bbox 1548 2732 1702 2823; x_wconf 91' lang='lat' dir='ltr'><strong>repertus</strong></span> 
     </span>
     <span class='ocr_line' id='line_1_16' title="bbox 141 2849 1702 2947; baseline 0.001 -23"><span class='ocrx_word' id='word_1_142' title='bbox 141 2855 198 2924; x_wconf 90' lang='lat' dir='ltr'><strong>est</strong></span> <span class='ocrx_word' id='word_1_143' title='bbox 225 2849 350 2944; x_wconf 85' lang='lat' dir='ltr'><strong>aliquis</strong></span> <span class='ocrx_word' id='word_1_144' title='bbox 377 2873 420 2924; x_wconf 86' lang='lat' dir='ltr'><strong>ex</strong></span> <span class='ocrx_word' id='word_1_145' title='bbox 448 2849 618 2942; x_wconf 91' lang='lat' dir='ltr'><strong>Bohemis,</strong></span> <span class='ocrx_word' id='word_1_146' title='bbox 648 2851 706 2943; x_wconf 89' lang='lat' dir='ltr'><strong>qui</strong></span> <span class='ocrx_word' id='word_1_147' title='bbox 733 2852 805 2924; x_wconf 90' lang='lat' dir='ltr'><strong>tam</strong></span> <span class='ocrx_word' id='word_1_148' title='bbox 832 2849 972 2946; x_wconf 88' lang='lat' dir='ltr'><strong>grandis</strong></span> <span class='ocrx_word' id='word_1_149' title='bbox 999 2850 1143 2926; x_wconf 90' lang='lat' dir='ltr'><strong>iniuriae</strong></span> <span class='ocrx_word' id='word_1_150' title='bbox 1170 2874 1288 2947; x_wconf 90' lang='lat' dir='ltr'><strong>genus,</strong></span> <span class='ocrx_word' id='word_1_151' title='bbox 1317 2851 1464 2947; x_wconf 89' lang='lat' dir='ltr'><strong>singulis</strong></span> <span class='ocrx_word' id='word_1_152' title='bbox 1491 2873 1552 2927; x_wconf 89' lang='lat' dir='ltr'><strong>neo</strong></span> <span class='ocrx_word' id='word_1_153' title='bbox 1579 2851 1702 2929; x_wconf 85' lang='lat' dir='ltr'><strong>musei·</strong></span> 
     </span>
     <span class='ocr_line' id='line_1_17' title="bbox 139 2971 1702 3068; baseline 0 -20"><span class='ocrx_word' id='word_1_154' title='bbox 139 2975 219 3048; x_wconf 89' lang='lat' dir='ltr'><strong>tare</strong></span> <span class='ocrx_word' id='word_1_155' title='bbox 248 2971 462 3066; x_wconf 85' lang='lat' dir='ltr'><strong>audentibus,</strong></span> <span class='ocrx_word' id='word_1_156' title='bbox 491 2973 623 3068; x_wconf 87' lang='lat' dir='ltr'><strong>peteret</strong></span> <span class='ocrx_word' id='word_1_157' title='bbox 649 2971 807 3065; x_wconf 89' lang='lat' dir='ltr'><strong>resoindi,</strong></span> <span class='ocrx_word' id='word_1_158' title='bbox 844 2971 999 3048; x_wconf 91' lang='lat' dir='ltr'><strong>omnibus</strong></span> <span class='ocrx_word' id='word_1_159' title='bbox 1027 2995 1067 3048; x_wconf 91' lang='lat' dir='ltr'><strong>ea</strong></span> <span class='ocrx_word' id='word_1_160' title='bbox 1093 2974 1296 3068; x_wconf 84' lang='lat' dir='ltr'><strong>tempestate</strong></span> <span class='ocrx_word' id='word_1_161' title='bbox 1323 2973 1494 3056; x_wconf 76' lang='lat' dir='ltr'><strong>Saxonum</strong></span> <span class='ocrx_word' id='word_1_162' title='bbox 1522 2971 1702 3050; x_wconf 86' lang='lat' dir='ltr'><strong>formidine</strong></span> 
     </span>
     <span class='ocr_line' id='line_1_18' title="bbox 143 3092 353 3170; baseline -0.005 -2"><span class='ocrx_word' id='word_1_163' title='bbox 143 3092 353 3170; x_wconf 89' lang='lat' dir='ltr'><strong>oonstriotis.</strong></span> 
     </span>
    </p>
   </div>
   <div class='ocr_carea' id='block_1_5' title="bbox 402 3495 1457 3594">
    <p class='ocr_par' dir='ltr' id='par_1_5' title="bbox 402 3495 1457 3594">
     <span class='ocr_line' id='line_1_19' title="bbox 402 3495 1457 3594; baseline 0 -24"><span class='ocrx_word' id='word_1_164' title='bbox 402 3495 555 3570; x_wconf 86' lang='lat' dir='ltr'><strong>lmtleui</strong></span> <span class='ocrx_word' id='word_1_165' title='bbox 582 3495 615 3570; x_wconf 87' lang='lat' dir='ltr'><strong>ir</strong></span> <span class='ocrx_word' id='word_1_166' title='bbox 642 3499 731 3571; x_wconf 82' lang='lat' dir='ltr'><strong>lorrr</strong></span> <span class='ocrx_word' id='word_1_167' title='bbox 759 3496 922 3570; x_wconf 76' lang='lat' dir='ltr'><strong>taluensi</strong></span> <span class='ocrx_word' id='word_1_168' title='bbox 949 3497 1089 3590; x_wconf 70' lang='lat' dir='ltr'><strong>quinque</strong></span> <span class='ocrx_word' id='word_1_169' title='bbox 1117 3501 1230 3571; x_wconf 81' lang='lat' dir='ltr'><strong>oestro</strong></span> <span class='ocrx_word' id='word_1_170' title='bbox 1257 3497 1457 3594; x_wconf 76' lang='lat' dir='ltr'><strong>oonuuimrl</strong></span> 
     </span>
    </p>
   </div>
   <div class='ocr_carea' id='block_1_6' title="bbox 141 3754 1707 4560">
    <p class='ocr_par' dir='ltr' id='par_1_6' title="bbox 141 3754 1707 4560">
     <span class='ocr_line' id='line_1_20' title="bbox 250 3754 1703 3850; baseline 0.002 -22"><span class='ocrx_word' id='word_1_171' title='bbox 250 3755 498 3830; x_wconf 87' lang='lat' dir='ltr'><strong>Prothenorum</strong></span> <span class='ocrx_word' id='word_1_172' title='bbox 526 3755 693 3830; x_wconf 86' lang='lat' dir='ltr'><strong>exereitus</strong></span> <span class='ocrx_word' id='word_1_173' title='bbox 720 3754 867 3849; x_wconf 83' lang='lat' dir='ltr'><strong>pedestri</strong></span> <span class='ocrx_word' id='word_1_174' title='bbox 893 3757 929 3832; x_wconf 88' lang='lat' dir='ltr'><strong>et</strong></span> <span class='ocrx_word' id='word_1_175' title='bbox 956 3756 1104 3848; x_wconf 85' lang='lat' dir='ltr'><strong>equestri</strong></span> <span class='ocrx_word' id='word_1_176' title='bbox 1124 3756 1233 3832; x_wconf 87' lang='lat' dir='ltr'><strong>milite</strong></span> <span class='ocrx_word' id='word_1_177' title='bbox 1253 3758 1277 3850; x_wconf 86' lang='grc' dir='ltr'><strong>Ι)</strong></span> <span class='ocrx_word' id='word_1_178' title='bbox 1303 3758 1455 3849; x_wconf 90' lang='lat' dir='ltr'><strong>oolleoto,</strong></span> <span class='ocrx_word' id='word_1_179' title='bbox 1476 3760 1601 3833; x_wconf 87' lang='lat' dir='ltr'><strong>terram</strong></span> <span class='ocrx_word' id='word_1_180' title='bbox 1623 3758 1703 3832; x_wconf 78' lang='lat' dir='ltr'><strong>(lul-</strong></span> 
     </span>
     <span class='ocr_line' id='line_1_21' title="bbox 143 3875 1703 3974; baseline 0 -22"><span class='ocrx_word' id='word_1_181' title='bbox 143 3897 296 3952; x_wconf 89' lang='lat' dir='ltr'><strong>mensem</strong></span> <span class='ocrx_word' id='word_1_182' title='bbox 323 3875 509 3971; x_wconf 89' lang='lat' dir='ltr'><strong>ingressus,</strong></span> <span class='ocrx_word' id='word_1_183' title='bbox 538 3879 637 3952; x_wconf 84' lang='lat' dir='ltr'><strong>tanta</strong></span> <span class='ocrx_word' id='word_1_184' title='bbox 663 3878 782 3969; x_wconf 86' lang='lat' dir='ltr'><strong>oaede,</strong></span> <span class='ocrx_word' id='word_1_185' title='bbox 820 3876 995 3970; x_wconf 86' lang='lat' dir='ltr'><strong>tantisque</strong></span> <span class='ocrx_word' id='word_1_186' title='bbox 1022 3877 1166 3952; x_wconf 86' lang='lat' dir='ltr'><strong>flammis</strong></span> <span class='ocrx_word' id='word_1_187' title='bbox 1192 3882 1228 3953; x_wconf 91' lang='lat' dir='ltr'><strong>et</strong></span> <span class='ocrx_word' id='word_1_188' title='bbox 1255 3879 1374 3973; x_wconf 81' lang='lat' dir='ltr'><strong>spoliis</strong></span> <span class='ocrx_word' id='word_1_189' title='bbox 1400 3878 1434 3952; x_wconf 91' lang='lat' dir='ltr'><strong>in</strong></span> <span class='ocrx_word' id='word_1_190' title='bbox 1463 3901 1557 3969; x_wconf 89' lang='lat' dir='ltr'><strong>eam,</strong></span> <span class='ocrx_word' id='word_1_191' title='bbox 1593 3879 1703 3974; x_wconf 82' lang='lat' dir='ltr'><strong>Magi-</strong></span> 
     </span>
     <span class='ocr_line' id='line_1_22' title="bbox 142 3997 1704 4096; baseline 0.003 -24"><span class='ocrx_word' id='word_1_192' title='bbox 142 4001 218 4072; x_wconf 91' lang='lat' dir='ltr'><strong>stro</strong></span> <span class='ocrx_word' id='word_1_193' title='bbox 245 3998 281 4071; x_wconf 88' lang='lat' dir='ltr'><strong>et</strong></span> <span class='ocrx_word' id='word_1_194' title='bbox 307 3997 487 4073; x_wconf 79' lang='lat' dir='ltr'><strong>(truoiferis</strong></span> <span class='ocrx_word' id='word_1_195' title='bbox 513 4021 622 4092; x_wconf 87' lang='lat' dir='ltr'><strong>nequa</strong></span> <span class='ocrx_word' id='word_1_196' title='bbox 649 4000 826 4075; x_wconf 84' lang='lat' dir='ltr'><strong>deseruere</strong></span> <span class='ocrx_word' id='word_1_197' title='bbox 853 4021 961 4092; x_wconf 88' lang='lat' dir='ltr'><strong>neque</strong></span> <span class='ocrx_word' id='word_1_198' title='bbox 988 3999 1145 4075; x_wconf 85' lang='lat' dir='ltr'><strong>resistere</strong></span> <span class='ocrx_word' id='word_1_199' title='bbox 1180 3999 1400 4092; x_wconf 85' lang='lat' dir='ltr'><strong>audentibus,</strong></span> <span class='ocrx_word' id='word_1_200' title='bbox 1437 4003 1614 4096; x_wconf 83' lang='lat' dir='ltr'><strong>grassatus</strong></span> <span class='ocrx_word' id='word_1_201' title='bbox 1640 4004 1704 4090; x_wconf 87' lang='lat' dir='ltr'><strong>est,</strong></span> 
     </span>
     <span class='ocr_line' id='line_1_23' title="bbox 143 4118 1705 4224; baseline 0.001 -30"><span class='ocrx_word' id='word_1_202' title='bbox 143 4121 187 4194; x_wconf 89' lang='lat' dir='ltr'><strong>ut</strong></span> <span class='ocrx_word' id='word_1_203' title='bbox 213 4118 364 4224; x_wconf 87' lang='lat' dir='ltr'><strong>quinque</strong></span> <span class='ocrx_word' id='word_1_204' title='bbox 390 4119 524 4212; x_wconf 84' lang='lat' dir='ltr'><strong>eastris,</strong></span> <span class='ocrx_word' id='word_1_205' title='bbox 553 4120 713 4198; x_wconf 84' lang='lat' dir='ltr'><strong>videlieet</strong></span> <span class='ocrx_word' id='word_1_206' title='bbox 739 4121 935 4198; x_wconf 77' lang='lat' dir='ltr'><strong>Grudaanoz</strong></span> <span class='ocrx_word' id='word_1_207' title='bbox 950 4121 990 4215; x_wconf 73' lang='lat'><strong>²),</strong></span> <span class='ocrx_word' id='word_1_208' title='bbox 1018 4121 1257 4212; x_wconf 82' lang='lat' dir='ltr'><strong>llarieuerder,</strong></span> <span class='ocrx_word' id='word_1_209' title='bbox 1278 4121 1439 4198; x_wconf 75' lang='lat' dir='ltr'><strong>Gnanthir</strong></span> <span class='ocrx_word' id='word_1_210' title='bbox 1453 4120 1493 4216; x_wconf 83' lang='lat'><strong>³),</strong></span> <span class='ocrx_word' id='word_1_211' title='bbox 1526 4121 1705 4217; x_wconf 78' lang='lat' dir='ltr'><strong>(iriatburg</strong></span> 
     </span>
     <span class='ocr_line' id='line_1_24' title="bbox 141 4241 1706 4338; baseline 0.001 -22"><span class='ocrx_word' id='word_1_212' title='bbox 141 4244 182 4316; x_wconf 92' lang='lat' dir='ltr'><strong>et</strong></span> <span class='ocrx_word' id='word_1_213' title='bbox 208 4241 385 4315; x_wconf 76' lang='lat' dir='ltr'><strong>Olemanth</strong></span> <span class='ocrx_word' id='word_1_214' title='bbox 411 4241 618 4336; x_wconf 80' lang='lat' dir='ltr'><strong>expugnatis</strong></span> <span class='ocrx_word' id='word_1_215' title='bbox 643 4245 679 4318; x_wconf 88' lang='lat' dir='ltr'><strong>et</strong></span> <span class='ocrx_word' id='word_1_216' title='bbox 705 4241 918 4335; x_wconf 85' lang='lat' dir='ltr'><strong>oonquisitis,</strong></span> <span class='ocrx_word' id='word_1_217' title='bbox 946 4242 1101 4338; x_wconf 92' lang='lat' dir='ltr'><strong>singulos</strong></span> <span class='ocrx_word' id='word_1_218' title='bbox 1119 4243 1271 4318; x_wconf 90' lang='lat' dir='ltr'><strong>homines</strong></span> <span class='ocrx_word' id='word_1_219' title='bbox 1289 4243 1470 4337; x_wconf 84' lang='lat' dir='ltr'><strong>permissui</strong></span> <span class='ocrx_word' id='word_1_220' title='bbox 1488 4263 1602 4334; x_wconf 83' lang='lat' dir='ltr'><strong>sexus,</strong></span> <span class='ocrx_word' id='word_1_221' title='bbox 1622 4265 1706 4334; x_wconf 88' lang='lat' dir='ltr'><strong>quos</strong></span> 
     </span>
     <span class='ocr_line' id='line_1_25' title="bbox 145 4360 1707 4459; baseline 0.002 -23"><span class='ocrx_word' id='word_1_222' title='bbox 145 4362 185 4436; x_wconf 89' lang='lat' dir='ltr'><strong>in</strong></span> <span class='ocrx_word' id='word_1_223' title='bbox 212 4360 338 4436; x_wconf 88' lang='lat' dir='ltr'><strong>eisdam</strong></span> <span class='ocrx_word' id='word_1_224' title='bbox 363 4365 569 4458; x_wconf 84' lang='lat' dir='ltr'><strong>repererant,</strong></span> <span class='ocrx_word' id='word_1_225' title='bbox 589 4362 678 4438; x_wconf 92' lang='lat' dir='ltr'><strong>nulli</strong></span> <span class='ocrx_word' id='word_1_226' title='bbox 696 4363 891 4455; x_wconf 87' lang='lat' dir='ltr'><strong>eonditioni,</strong></span> <span class='ocrx_word' id='word_1_227' title='bbox 914 4363 1011 4442; x_wconf 85' lang='lat' dir='ltr'><strong>sexui</strong></span> <span class='ocrx_word' id='word_1_228' title='bbox 1038 4364 1205 4459; x_wconf 85' lang='lat' dir='ltr'><strong>paroendo</strong></span> <span class='ocrx_word' id='word_1_229' title='bbox 1231 4365 1285 4440; x_wconf 85' lang='lat' dir='ltr'><strong>val</strong></span> <span class='ocrx_word' id='word_1_230' title='bbox 1311 4365 1437 4455; x_wconf 85' lang='lat' dir='ltr'><strong>aetati,</strong></span> <span class='ocrx_word' id='word_1_231' title='bbox 1467 4363 1707 4447; x_wconf 82' lang='lat' dir='ltr'><strong>miserabiliter</strong></span> 
     </span>
     <span class='ocr_line' id='line_1_26' title="bbox 143 4482 370 4560; baseline -0.009 0"><span class='ocrx_word' id='word_1_232' title='bbox 143 4482 370 4560; x_wconf 75' lang='lat' dir='ltr'><strong>trucidarent.</strong></span> 
     </span>
    </p>
   </div>
   <div class='ocr_carea' id='block_1_7' title="bbox 258 4777 1497 4916">
    <p class='ocr_par' dir='ltr' id='par_1_7' title="bbox 258 4777 1497 4916">
     <span class='ocr_line' id='line_1_27' title="bbox 258 4777 1497 4916; baseline 0.002 -58"><span class='ocrx_word' id='word_1_233' title='bbox 258 4797 282 4876; x_wconf 83' lang='grc'><strong>1)</strong></span> <span class='ocrx_word' id='word_1_234' title='bbox 306 4799 409 4860; x_wconf 86' lang='lat' dir='ltr'><strong>ordino</strong></span> <span class='ocrx_word' id='word_1_235' title='bbox 436 4795 508 4862; x_wconf 73' lang='lat' dir='ltr'><strong>Coei.</strong></span> <span class='ocrx_word' id='word_1_236' title='bbox 533 4801 625 4861; x_wconf 71' lang='lat' dir='ltr'><strong>Roar.</strong></span> <span class='ocrx_word' id='word_1_237' title='bbox 650 4797 677 4875; x_wconf 66' lang='lat'><strong>²)</strong></span> <span class='ocrx_word' id='word_1_238' title='bbox 700 4797 969 4916; x_wconf 13' lang='lat' dir='ltr'><strong>Grudziandngd.</strong></span> <span class='ocrx_word' id='word_1_239' title='bbox 996 4777 1084 4878; x_wconf 72' lang='lat' dir='ltr'><strong>Lipe.</strong></span> <span class='ocrx_word' id='word_1_240' title='bbox 1109 4797 1136 4878; x_wconf 83' lang='lat'><strong>³)</strong></span> <span class='ocrx_word' id='word_1_241' title='bbox 1160 4801 1302 4876; x_wconf 84' lang='lat' dir='ltr'><strong>Czartyrn</strong></span> <span class='ocrx_word' id='word_1_242' title='bbox 1325 4801 1386 4862; x_wconf 80' lang='lat' dir='ltr'><strong>Ed.</strong></span> <span class='ocrx_word' id='word_1_243' title='bbox 1408 4802 1497 4877; x_wconf 69' lang='lat' dir='ltr'><strong>Linos.</strong></span> 
     </span>
    </p>
   </div>
   <div class='ocr_carea' id='block_1_8' title="bbox 0 0 2110 6272">
    <p class='ocr_par' dir='ltr' id='par_1_8' title="bbox 0 0 2110 6272">
     <span class='ocr_line' id='line_1_28' title="bbox 0 0 2110 6272; baseline 0 0"><span class='ocrx_word' id='word_1_244' title='bbox 0 0 2110 6272; x_wconf 95' lang='lat' dir='ltr'><strong> </strong></span> 
     </span>
    </p>
   </div>
  </div>
 </body>
</html>
