4172 6278
150 539 215 644 (Α.
234 540 281 616 Β.
303 539 427 642 1207.)
772 565 884 617 creua
911 565 1066 618 sexsus.
1627 551 1697 622 181

149 777 167 825 a
194 750 340 827 Ducibus
367 753 403 826 61
431 752 611 827 baronibus
638 751 850 848 interposita,
888 752 1024 828 firmata
1050 755 1113 844 ost,
1151 756 1186 828 et
1213 755 1442 830 anathematis
1468 754 1639 832 execratio
1666 755 1701 830 in

149 874 449 970 praevaricatorem
471 876 493 970 ¹)
529 897 589 971 per
617 874 794 970 pontifices
821 876 997 973 apposita;
1034 879 1199 970 rebusque
1226 878 1344 952 taliter
1371 879 1577 974 corapositiS,
1608 881 1699 953 utor·

150 1019 211 1090 prro
239 997 318 1070 Dux
346 996 381 1070 in
409 1019 504 1071 suam
532 997 643 1072 sedem
668 997 764 1072 abiit.

249 1118 433 1193 Lilbnanis
460 1141 499 1194 ea
525 1121 729 1214 tempestate
757 1120 943 1196 incestale
970 1123 1079 1195 terras
1106 1121 1251 1197 Russiae
1270 1123 1494 1214 vastantibus,
1525 1123 1700 1198 116116666-

147 1265 217 1314 rum
246 1242 356 1315 Duces
384 1241 565 1316 Wlodimir
598 1242 808 1318 Rurikovviea
844 1243 1057 1338 Kpoviensia
1096 1245 1223 1317 habens
1251 1245 1285 1318 in
1313 1267 1373 1319 suo
1400 1245 1562 1320 comitatu
1590 1247 1699 1320 Sruol-

148 1363 300 1438 mensium
319 1363 489 1456 militiam,
519 1365 693 1438 Rornanus
719 1364 980 1440 Borzischovvicn
996 1364 1035 1460 ²),
1065 1366 1317 1455 066616611666,
1346 1367 1543 1442 Mscnislaus
1570 1371 1604 1442 ot
1632 1369 1699 1442 Ro-

146 1487 286 1560 soislaus
314 1487 379 1559 tilii
406 1486 515 1562 David
556 1490 734 1562 occurrunt
761 1491 795 1562 61
821 1487 1012 1562 Lithuanos
1048 1509 1173 1582 magna
1206 1489 1306 1564 caede
1332 1490 1529 1584 confligunt,
1559 1491 1700 1564 (661166-

147 1631 209 1698 que
236 1630 281 1683 ex
308 1607 457 1683 11661166
484 1607 730 1683 Lithuanorum
759 1609 988 1698 interficiunt3
1017 1609 1189 1706 fugientes
1217 1613 1329 1686 autem
1358 1611 1545 1686 Lithuanos
1573 1612 1699 1686 16166-

147 1753 225 1824 grrrrr
254 1730 421 1825 persecuti
439 1728 478 1824 ³),
517 1731 643 1805 multos
670 1731 705 1804 in
733 1730 827 1823 vicis,
857 1731 963 1822 silvis,
1001 1732 1209 1824 eaeterisque
1236 1733 1362 1808 abditis
1390 1733 1483 1825 16616,
1503 1734 1638 1826 ,quibus
1667 1758 1702 1810 66

146 1852 278 1926 aiacie
307 1853 579 1948 persequentium
608 1851 837 1946 condiderant,
867 1853 1033 1929 occidunt.

125 2183 128 2188 ,
196 2222 293 2295 16166
322 2223 495 2316 episcopua
523 2223 747 2297 cracoviensis
775 2223 919 2315 neritum
946 2222 1039 2294 cuiue
1066 2222 1181 2294 leudes
1209 2227 1243 2296 et
1269 2223 1426 2296 11666611
1446 2225 1650 2297 successoria
1745 2199 1748 2204 ⁵

760 2345 851 2416 illiue
878 2349 1094 2417 recenseatur.

246 2587 355 2660 Fulco
382 2585 469 2660 alias
497 2588 602 2662 Pellra
630 2586 858 2663 cracoviensis
885 2586 1071 2682 episcopus,
1109 2611 1184 2663 cnm
1212 2587 1310 2661 annis
1337 2609 1402 2662 uno
1431 2590 1466 2661 61
1493 2587 1618 2683 viginti
1646 2611 1701 2662 se-

146 2708 258 2800 disset,
300 2709 476 2784 undecima
510 2707 565 2784 (116
601 2709 726 2785 mensis
761 2709 970 2806 Septembris
1006 2687 1148 2785 moritum
1182 2713 1218 2785 61
1244 2710 1280 2784 16
1308 2707 1519 2785 cracoviensi
1559 2710 1701 2786 ecclesia

147 2830 329 2926 sepelitur:
372 2853 495 2926 genere
522 2831 657 2922 nobilis,
697 2832 754 2908 sed
782 2831 971 2908 actionibus
998 2832 1152 2924 nobilior,
1192 2833 1306 2927 plures
1333 2832 1510 2908 libertates
1526 2831 1564 2928 ⁴),
1598 2833 1702 2928 privi-

147 2953 235 3050 legia
253 2957 293 3030 61
310 2953 545 3030 immunitates
572 2953 732 3030 ecclesiae
759 2955 968 3030 cracoviensi
988 2956 1076 3050 apud
1100 2956 1218 3030 Sedom
1238 2954 1480 3052 apostolicam,
1509 2960 1544 3030 et
1562 2955 1702 3051 signan-

147 3079 205 3167 ter,
235 3079 276 3151 ut
303 3075 480 3172 episcopus
507 3075 736 3152 cracoviensis
771 3077 926 3153 omnibus
961 3077 1039 3152 aliis
1067 3077 1233 3172 episcopie
1260 3077 1451 3172 provinciae
1479 3079 1514 3152 61
1541 3078 1703 3154 666166166

146 3199 292 3274 Polonae
319 3199 391 3274 loco
418 3201 455 3272 et
481 3221 559 3274 voce
587 3197 677 3294 prior
705 3199 762 3290 sit,
792 3203 827 3274 61
854 3199 984 3294 primos
1020 3199 1209 3275 cnesnonsi
1245 3199 1495 3295 archiepiscopo
1524 3199 1559 3274 in
1587 3223 1702 3276 conso-

146 3321 264 3396 orando
296 3343 433 3395 rnanum
462 3320 624 3416 imponat,
654 3321 813 3396 obtinuit.
856 3323 897 3395 16
924 3323 1034 3396 locum
1062 3321 1134 3396 eius
1161 3322 1321 3396 coniormi
1338 3323 1512 3398 electione
1539 3323 1705 3419 Magister

146 3441 346 3518 Vincentius
374 3442 612 3518 Kadlublronis
632 3443 673 3518 (16
693 3444 855 3533 Karnos,
885 3443 957 3518 vico
985 3466 1087 3538 prope
1114 3444 1252 3538 Opatovv
1280 3444 1357 3534 6116,
1388 3443 1600 3540 praepositus
1619 3445 1704 3518 San-

147 3563 369 3656 domiriensiS,
407 3587 481 3638 cum
510 3567 599 3640 66661
625 3587 748 3661 genere
775 3565 898 3640 nobilis
925 3565 966 3641 de
993 3565 1089 3640 domo
1116 3569 1151 3640 61
1178 3565 1311 3641 familia
1337 3567 1445 3642 Rosce
1462 3565 1501 3660 ⁵),
1530 3567 1612 3642 11661
1639 3565 1703 3640 ali-

147 3710 245 3780 quam
263 3687 471 3782 dignitatom
491 3691 551 3762 aut
573 3689 794 3782 praebendam
814 3688 848 3762 in
869 3687 1079 3763 cracoviensi
1107 3688 1248 3762 ecclesia
1274 3711 1341 3762 non
1360 3688 1538 3780 obtineret,
1569 3692 1704 3784 propter

147 3810 385 3885 excellentiam
413 3809 542 3905 ingenii
570 3813 605 3885 et
632 3809 815 3902 doetrinae,
843 3810 966 3904 quibus
993 3811 1153 3906 pollebat,
1184 3811 1375 3905 postulatus
1403 3814 1438 3885 et
1464 3814 1506 3886 ab
1538 3813 1702 3886 Innocen-

148 3932 192 4008 tio
218 3931 325 4008 lertio
360 3931 589 4008 confirmatus.
636 3931 695 4007 cui
733 3935 874 4008 naturae
910 3931 1133 4028 praegnantis
1168 3932 1262 4008 dives
1298 3934 1334 4007 61
1369 3933 1552 4008 foecundus
1589 3935 1705 4008 uterus

148 4057 358 4151 praeclarum
386 4055 560 4150 ingenium
587 4055 790 4146 contulerat,
828 4079 927 4149 quem
955 4056 1070 4150 tam⁶l
1097 4054 1243 4150 benigno
1271 4054 1398 4129 lumine
1425 4057 1519 4129 astra
1545 4077 1703 4149 respexe-

147 4181 222 4251 rant
237 4177 277 4272 7),
309 4180 349 4250 61
376 4177 449 4251 6166
475 4179 636 4251 externae
662 4177 735 4272 opis
761 4177 978 4270 adminiculo,
1007 4201 1129 4252 novum
1156 4177 1327 4252 condendo
1353 4199 1473 4272 corpus
1500 4177 1703 4252 (161166611-

148 4299 206 4372 bus
233 4299 447 4388 Polonorum‚
477 4299 678 4372 Polonorum
706 4299 868 4376 historiae
897 4300 1094 4396 magnificos
1112 4323 1171 4396 per
1190 4322 1225 4375 66
1244 4299 1355 4395 ipsum
1382 4299 1558 4374 literarum
1587 4321 1707 4375 sensus

149 4420 365 4515 expresserit,
394 4443 437 4496 ex
454 4419 482 4516 8)
510 4419 687 4495 literarum
724 4423 847 4496 studiis
884 4423 982 4500 decus
1018 4425 1053 4498 61
1089 4425 1296 4513 ornamenta,
1335 4444 1443 4496 mores
1479 4421 1645 4517 ingenuos
1672 4425 1707 4496 61

150 4565 298 4617 normam
327 4545 417 4618 reete
443 4543 577 4620 vivendi
605 4548 835 4640 cornparatum
863 4545 904 4620 iri
932 4545 1165 4640 6166616661),
1195 4544 1408 4640 disciplinam
1438 4567 1498 4640 pro
1517 4543 1706 4636 nobilitate,

149 4687 205 4758 pro
233 4665 359 4760 patria,
389 4687 449 4759 pro
477 4669 626 4759 parente,
661 4691 720 4762 pro
747 4667 879 4743 nutrice
906 4669 1137 4764 adoptaverat.
1185 4670 1238 4742 Et·
1260 4666 1413 4760 quamvis
1440 4667 1483 4740 ad
1512 4667 1573 4742 illa
1601 4691 1707 4758 usqrre

151 4787 725 4881 16666661166666116666166
761 4789 932 4880 Poloniae,
971 4789 1028 4882 qui
1066 4792 1157 4885 apud
1184 4789 1375 4865 cracoviam
1414 4788 1705 4884 principabantur,

148 4907 188 4981 ad
216 4931 315 4982 suum
344 4907 592 5002 beneplacitum
620 4910 729 4984 sedem
759 4910 1010 4986 cracoviensem
1038 4911 1273 5002 contulissent,
1312 4911 1550 4986 decedentibus
1578 4909 1706 5005 episcc-

150 5029 200 5124 pis
230 5051 333 5104 novos
361 5051 420 5123 pro
448 5052 507 5104 666
535 5030 647 5106 laicali
679 5055 766 5107 ruore
793 5033 1046 5109 substituendo:
1076 5033 1212 5126 quidam
1240 5037 1354 5108 muner
1383 5033 1525 5128 praelati
1554 5035 1588 5108 61
1607 5055 1706 5109 cano·

256 5327 280 5409 ¹)
303 5331 587 5403 praevaricationem
606 5329 787 5392 06111666.
828 5329 854 5407 1)
876 5333 1077 5406 Boryschouic
1093 5333 1152 5392 Ed.
1169 5333 1264 5393 Dobr.
1304 5329 1331 5409 ³)
1354 5332 1504 5406 prosecuti
1524 5329 1705 5391 06111666.

153 5427 178 5507 ⁴)
199 5433 394 5494 liberalitates
417 5433 477 5493 Ed.
501 5435 596 5494 Dobr.
638 5432 784 5512 ⁵)Rosae
812 5435 998 5497 06111666.
1037 5431 1065 5513 ο)
1087 5439 1144 5497 ianr
1163 5436 1225 5497 Ed.
1241 5437 1336 5498 Dobr.
1378 5432 1618 5515 ⁷)inspeaeraut
1637 5431 1706 5499 cod.

152 5535 241 5601 11666.
281 5534 307 5624 ⁸)
332 5544 362 5597 et
388 5536 578 5612 6661666.
617 5537 644 5632 1)
669 5546 891 5630 comparaverat
912 5541 1083 5615 Ε1.11616,
