4208 6282
153 509 208 606 (Α.
227 509 274 586 D.
294 509 403 606 net)
772 533 892 602 amaa,
910 532 1061 586 saxeus.
1226 595 1227 604 Ν
1615 511 1686 582 117

150 719 382 816 archiepiscopi
418 720 702 816 salceburgensis,
739 721 774 796 et
800 720 963 815 Leupoldi
998 719 1101 796 Ducis
1134 717 1293 796 Austriae
1320 719 1469 794 uallatus
1497 717 1644 812 solatiis)
1665 719 1690 812 ¹‘)

149 845 185 918 ab
211 841 380 919 obsidione
408 842 569 939 Pragensi
597 843 744 938 repellit,
782 842 1014 937 obsidioneque
1041 843 1162 934 soluta,
1191 842 1294 918 etiam
1321 865 1376 920 ees
1402 844 1553 933 barones,
1583 840 1691 934 quia

152 989 183 1040 se
208 966 250 1041 ed
277 965 514 1042 wenceslaum
549 965 761 1056 defecerant,¹
782 964 907 1061 partim
934 964 1170 1058 beniuolentia,
1211 965 1333 1061 partim
1370 967 1461 1042 metu
1488 963 1553 1041 sibi
1579 962 1688 1042 conei-

152 1087 221 1180 liat,
250 1091 287 1164 et
312 1087 427 1165 ciuiles
454 1089 564 1164 motus
591 1088 711 1164 sedans
737 1087 932 1164 Bohemiam
959 1086 1126 1184 pacificat.

604 1448 813 1566 ANNUS
847 1449 1072 1564 DOMINI
1109 1449 1241 1564 1184.

150 1704 226 1778 lla·
254 1641 457 1795 masadam
484 1719 564 1776 anos
591 1703 716 1776 locaret
741 1702 774 1776 ia
801 1703 923 1777 castris
955 1695 1118 1816 ¹laconiae
1146 1701 1318 1790 cldcialm,
1352 1701 1484 1776 ruentis
1518 1701 1692 1776 leotheria

149 1826 364 1916 curiatum,
391 1825 511 1901 teatio
538 1825 738 1920 poenitentia
765 1825 882 1900 ductus
910 1824 952 1898 ad
979 1826 1174 1900 darinlrmn
1201 1824 1294 1901 radit
1320 1825 1536 1902 atteteritur
1562 1828 1693 1902 reuocat

768 1948 862 2022 rania
889 1948 1073 2041 inpetrata.

253 2191 429 2268 Tutoriam
454 2193 634 2289 Mpeccslai
661 2191 797 2269 Maioris
824 2192 982 2270 Poleniae
1009 2191 1112 2268 Ducis
1138 2194 1263 2270 lestko
1290 2215 1394 2288 nepos
1420 2215 1501 2268 suus
1527 2157 1693 2268 deserite

146 2320 182 2394 et
207 2315 367 2392 Gniaaiae
394 2317 482 2407 Dux,
521 2315 556 2390 in
591 2339 692 2408 qnam
729 2317 818 2392 male
853 2317 1012 2392 seductus
1052 2316 1200 2409 consilio,
1236 2315 1408 2392 Karimiro
1434 2317 1525 2392 Duce
1552 2316 1692 2406 deserte,

145 2437 468 2534 transmigraverat,
490 2438 648 2522 diuturno
675 2441 825 2534 tempore
852 2463 918 2514 nen
945 2439 1038 2515 tulit.
1066 2441 1136 2516 Nec
1161 2441 1203 2516 ab
1230 2461 1277 2532 re,
1304 2439 1511 2536 lllpecnslaus
1528 2436 1617 2514 enim
1635 2460 1693 2514 ue·

3 2654 4 2660 Ν
145 2559 296 2636 litudine
321 2557 501 2635 Lestlienis
527 2561 672 2653 attenta,
709 2561 898 2656 suspicatus
924 2560 1022 2636 illum
1049 2560 1241 2656 propediem
1268 2559 1477 2652 moriturum,
1506 2583 1573 2636 non
1600 2582 1695 2636 cura·

145 2687 255 2760 terem
284 2705 332 2773 se,
360 2681 417 2758 sed
444 2681 633 2778 Principem
662 2705 739 2758 crox
766 2705 881 2779 gerere
917 2683 1036 2780 coepit,
1070 2686 1105 2758 et
1132 2683 1167 2758 in
1194 2683 1314 2760 castris
1340 2705 1379 2758 ac
1405 2681 1597 2778 municipiis
1623 2684 1695 2758 Ma·

145 2805 271 2897 souiae,
303 2803 477 2881 destitutis
504 2805 666 2898 antiquis,
695 2829 771 2882 suos
798 2807 985 2901 praefectos
1003 2809 1039 2882 et
1056 2805 1219 2883 officiales
1245 2805 1416 2882 instituit:
1443 2828 1486 2881 ex
1513 2827 1578 2899 quo
1596 2803 1697 2882 facile

4 2909 5 2947 ³
144 2929 275 3004 lestko
303 2928 383 3002 Dux
410 2929 445 3004 et
471 2928 628 3004 alumnus
644 2927 672 3023 ²)
699 2928 772 3003 eius
798 2928 877 3004 Zira
902 2930 1018 3006 domes
1044 2951 1080 3006 se
1106 2933 1142 3004 et
1168 2929 1385 3006 autoritatem
1420 2950 1515 3003 suem
1548 2931 1695 3005 contmn·

143 3055 256 3146 ptum,
287 3049 559 3144 diminutumque
587 3049 629 3124 iri
657 3052 846 3147 perpendit.
883 3053 962 3127 Mox
989 3052 1108 3128 deinde
1136 3052 1171 3127 in
1199 3053 1428 3129 uehementem
1455 3049 1696 3148 poenitentiam

142 3176 254 3264 actus,
286 3171 568 3270 transgressionis
595 3195 676 3250 suae
703 3173 844 3266 facinus,
873 3174 1038 3270 ampliora
1070 3175 1276 3251 incommoda
1312 3175 1439 3250 ueritus
1465 3197 1485 3250 a
1511 3174 1697 3271 lllyecaslao

142 3295 355 3386 suboritura,
382 3294 568 3371 rescindere
596 3295 737 3386 curauit,
766 3298 802 3372 et
821 3297 863 3372 ad
880 3296 1090 3372 Keaimimm
1118 3297 1369 3374 Crotoniensem
1394 3298 1519 3372 Ducem
1546 3317 1622 3372 cum
1641 3295 1697 3370 Zi-

3 3451 4 3456 Ν
121 3442 179 3506 ,ω
206 3418 355 3510 Gemite,
385 3417 568 3512 primisque
594 3418 761 3495 Masovine
796 3424 832 3496 et
857 3419 1012 3496 duiauiae
1047 3420 1238 3516 proceribus
1273 3419 1496 3516 personaliter
1531 3418 1698 3512 usquein

4 3525 5 3558 ³
141 3539 345 3617 cracoviam
372 3542 618 3633 sereniorem,
656 3544 788 3618 reatum
824 3565 922 3618 suum
957 3543 1059 3618 humo
1086 3545 1288 3639 prostratus,
1325 3541 1390 3619 sibi
1418 3545 1452 3618 et
1478 3523 1549 3617 suis
1576 3540 1699 3618 humili

141 3661 401 3759 supplicatione
428 3663 517 3758 petit
544 3662 692 3759 ignosci:
726 3688 792 3740 nen
820 3687 855 3740 se
882 3665 1028 3761 amplius
1066 3665 1232 3761 spondens
1258 3667 1375 3741 contm
1400 3663 1611 3741 Maiestatem
1637 3688 1697 3761 pa·

139 3785 211 3860 trni
240 3784 301 3860 sni
337 3786 373 3861 et
399 3785 507 3880 patris
534 3785 683 3862 Boleslai
710 3786 953 3863 ordinationem
980 3809 1206 3864 excessurum.
1252 3785 1412 3864 Excussit
1437 3809 1477 3862 ea
1502 3810 1567 3863 uox
1593 3785 1697 3863 Kaai·

139 3908 226 3984 miro
255 3905 349 3982 Duci
376 3907 577 3983 lachrimas:
605 3931 685 3984 nam
712 3931 787 3984 cum
814 3911 932 4006 suapte
959 3909 1137 3986 clementia
1164 3909 1311 4004 inclytus
1337 3908 1442 3985 fuerit
1456 3907 1496 4005 ³),
1525 3908 1698 3986 calamito-

138 4053 256 4104 sorum
288 4031 408 4106 tamen
436 4031 471 4106 et
497 4053 593 4126 opem
616 4053 731 4124 suam,
751 4032 851 4126 culpa
868 4033 1052 4128 recognita,
1081 4029 1334 4128 implorantium
1352 4031 1582 4128 deprecatione
1600 4031 1700 4107 facile

138 4151 390 4248 frangebatur;
427 4153 660 4244 Lestkoncque
696 4177 772 4228 cum
799 4153 870 4229 suis
901 4177 1076 4251 assurgere
1112 4154 1214 4246 iusso,
1251 4155 1396 4250 primum
1433 4153 1531 4228 illum
1546 4153 1584 4248 ⁴),
1613 4155 1700 4246 quod

137 4297 174 4349 se
202 4273 431 4366 deseruisset,
468 4275 555 4369 quod
582 4276 755 4370 paternam
783 4276 1024 4352 ordinationem
1051 4279 1259 4368 temerasset,
1296 4275 1384 4368 quod
1420 4275 1640 4370 tranquillam
1666 4278 1702 4352 et

136 4398 281 4474 felicem
313 4396 423 4472 citam
450 4395 521 4491 pati
550 4396 765 4500 nequivisset,
796 4399 920 4474 blanda
947 4398 1169 4495 castigatione
1184 4399 1212 4494 5)
1239 4397 1395 4494 obiurgat
1409 4397 1449 4492 ⁶),
1477 4397 1595 4474 deinde
1614 4399 1701 4492 quod

136 4519 173 4596 iu
202 4519 367 4596 facinore
394 4519 430 4594 et
456 4541 593 4594 excessu
621 4543 681 4594 suo
708 4543 774 4595 non
800 4521 1007 4597 habitaverit
1022 4521 1061 4617 ⁷),
1100 4523 1159 4596 sed
1187 4521 1422 4616 peregrinatus
1448 4519 1559 4616 magis
1585 4521 1699 4612 fuerit,

136 4641 379 4731 commendat,
408 4662 446 4716 aa
473 4643 639 4736 postremo
667 4665 797 4720 omnem
818 4666 860 4718 ex
878 4643 989 4720 animo
1016 4645 1185 4734 offensam,
1214 4643 1431 4739 complexans
1447 4642 1474 4738 8)
1501 4647 1536 4720 et
1562 4665 1701 4719 exoscu-

136 4765 215 4841 lans
244 4765 426 4860 nepulem‚
464 4763 608 4856 relaxat,
646 4769 925 4860 maceratumque
953 4767 990 4860 ,in
1018 4768 1209 4843 Ducatuum
1245 4789 1380 4842 snorum
1415 4766 1509 4842 sedes
1543 4765 1700 4842 remittit:

136 4887 195 4982 qui
224 4911 273 4964 ex
303 4885 473 4962 Graecula
493 4908 657 4979 reuersus,
695 4887 871 4964 institutos
899 4912 919 4964 a
945 4891 1131 4986 Myecaslao
1163 4889 1357 4984 capitaneos
1383 4891 1419 4964 et
1445 4888 1614 4984 praesides
1641 4913 1701 4965 ex·

135 5011 256 5087 redere
276 5007 400 5099 iussit,
430 5029 571 5103 suesque
589 5009 751 5086 instituit.
782 5013 898 5106 Llaque
916 5011 1136 5104 ordinatione,
1165 5033 1231 5104 qua
1249 5011 1313 5088 sibi
1332 5031 1551 5088 successorem
1570 5013 1701 5108 Myecc·

249 5204 428 5284 ¹)anxiliis
454 5201 524 5265 Ood.
548 5207 639 5267 Recr.
680 5201 708 5282 ῃ)
730 5209 870 5279 patronus
893 5205 952 5266 Ed.
976 5206 1068 5268 Dour.
1107 5203 1136 5285 ³)
1158 5205 1309 5280 praeditus
1333 5210 1419 5276 essct,
1443 5209 1503 5265 tum
1525 5203 1584 5264 Ed.
1606 5203 1702 5266 Dodr.

138 5307 164 5390 ⁴)
187 5312 362 5388 plurimum
384 5310 466 5370 illum
487 5311 610 5385 primum
636 5306 706 5371 Ood.
729 5311 820 5370 Roar.
861 5306 889 5389 ⁵)
912 5311 1104 5385 castigatione
1118 5327 1193 5386 pene
1208 5317 1344 5385 gravatus
1366 5308 1427 5370 Ed.
1450 5309 1544 5370 Debr.
1567 5309 1702 5384 obiurga·

137 5419 217 5479 tiene
244 5415 326 5480 cod.
353 5414 448 5478 Roar.
486 5410 513 5499 ⁶)
537 5417 661 5496 castigat
686 5412 757 5485 Geel.
779 5415 871 5483 Rosa.
912 5412 1017 5501 ⁷)uou
1034 5415 1232 5496 perseveravit
1245 5415 1306 5482 Ed.
1329 5414 1422 5482 Detur,
1455 5410 1484 5497 ⁸)
1507 5415 1702 5494 complectens

138 5523 197 5587 Ed.
220 5522 328 5586 Βοῦν.
