4140 6298
123 561 383 656 (Α.ῠ.1255.)
468 519 470 522 Ι
730 580 842 632 crena
869 579 1062 633 snrmmus.
1592 559 1666 630 349

121 771 340 846 Calendarum
374 768 456 842 llaii
491 767 671 864 apoplexia
706 767 803 862 grand
838 768 991 842 laborare
1026 765 1201 861 coepisset,
1237 764 1365 858 Quarto
1401 765 1483 839 Idus
1514 764 1668 840 eiusdem

121 892 243 967 mensis
278 891 420 966 moritur
452 893 488 965 et
515 890 550 964 in
576 888 719 966 ocensis
745 887 962 964 Posnauiensi
990 887 1155 982 sepelitur
1174 889 1208 982 ¹),
1248 909 1322 962 oum
1351 909 1439 962 auno
1466 909 1543 978 uno,
1573 909 1667 960 mear·

120 1015 209 1089 aas
236 1015 365 1088 duobus
392 1012 547 1087 sedisset.
585 1013 626 1086 ln
654 1011 750 1086 cuins
778 1013 888 1086 locum
915 1011 1104 1106 Bogufalus
1131 1010 1254 1088 tortilis
1281 1011 1321 1085 de
1348 1007 1517 1084 (inirnelin
1546 1007 1669 1082 nobilis

120 1159 239 1232 genere
267 1136 411 1210 Polonus
437 1135 600 1210 dedomo
627 1133 734 1208 Rosze
749 1131 795 1228 Ἰ),
825 1155 883 1228 pei·
905 1132 1107 1208 electionem
1136 1131 1330 1207 canonicam
1357 1130 1414 1205 via
1440 1130 1667 1224 compromissi

120 1259 221 1333 Serto
248 1257 331 1332 Idus
357 1256 449 1331 Iunii
476 1257 692 1346 celebratam,
730 1278 832 1347 qnam
859 1255 965 1330 Fulco
992 1254 1198 1330 Gnesuensis
1225 1253 1260 1327 iu
1287 1245 1463 1329 Kuraelou
1491 1253 1668 1328 confirma·

120 1380 169 1454 vil
193 1378 475 1475 archiepiscopus,
514 1379 675 1454 suffectus
713 1379 768 1454 est
804 1377 839 1451 et
866 1399 953 1451 euno
981 1376 1136 1468 sequenti
1163 1375 1198 1454 in
1226 1374 1394 1451 nandeisi
1410 1372 1439 1468 ³)
1466 1371 1668 1452 monasterio

119 1503 331 1577 consecratus
345 1500 385 1595 ⁴).

219 1621 321 1718 Apurd
347 1620 551 1697 Posuaniam
587 1620 727 1714 iusuper
759 1619 923 1715 Heduigis
939 1621 967 1714 ὅ)
1002 1601 1295 1714 Saantopelkonis
1322 1617 1539 1694 Pomeruniae
1565 1618 1669 1692 Ducis

118 1743 257 1836 soror⁶l
292 1747 328 1818 et
354 1741 552 1818 Praemislai
588 1763 628 1816 ac
663 1740 812 1816 Boleslei
848 1740 985 1815 Maioris
1020 1741 1180 1816 Poloniae
1216 1743 1345 1814 Ducum
1381 1739 1543 1835 genitrix,
1579 1738 1668 1813 diem

118 1865 209 1956 obiit,
239 1867 276 1940 et
303 1863 337 1938 in
363 1862 506 1940 eeclesia
533 1863 649 1936 nmiori
679 1861 865 1938 Guesnensi
894 1863 1068 1956 sepelitur.
1100 1864 1242 1938 Consors
1268 1882 1346 1938 uero
1374 1859 1569 1938 Praemislei
1598 1861 1668 1934 Du-

117 1986 163 2061 cis
189 1985 431 2062 Posuaniensie
457 1985 646 2076 Elisabeth,
676 1984 748 2057 filia
775 1983 914 2092 Henrici
941 1983 1068 2060 Slesiue
1095 1983 1198 2060 Ducis
1225 1983 1443 2059 al'lnartmis
1469 1981 1580 2074 occisi,
1609 2003 1667 2078 ge·

119 2107 224 2182 minas
253 2108 344 2184 filias
372 2131 439 2184 uuo
465 2109 564 2204 parta
593 2104 694 2182 enixa
722 2108 784 2182 est

179 2477 369 2550 innocentio
397 2476 482 2566 lupa
509 2479 625 2568 quarto
654 2479 781 2548 mentm
809 2475 1006 2566 legiraldua
1033 2473 1179 2548 succedit
1206 2478 1240 2547 et
1265 2472 1445 2547 alaxander
1470 2478 1606 2568 quadus

801 2597 993 2669 nominatur.

217 2843 314 2935 Papa
340 2839 559 2914 Innocentius
586 2841 729 2934 quartus
764 2861 840 2914 eum
868 2862 911 2915 ex
937 2839 1074 2916 Petusio
1101 2839 1279 2935 Neapolim
1306 2861 1381 2915 cum
1409 2838 1570 2931 exercitu,
1599 2840 1666 2914 Re·

117 2983 219 3058 guum
246 2961 511 3058 Neapolitanum
547 2963 665 3037 contra
700 2962 924 3052 manfredum,
954 2962 1027 3038 eius
1051 2963 1128 3057 post
1158 2963 1298 3038 mortem
1326 2960 1470 3037 (lauradi
1498 2959 1563 3036 dlii
1589 2959 1666 3034 rri-

117 3083 215 3159 derici
242 3083 465 3180 persecutoris
492 3082 674 3176 Ecclesiae,
708 3085 938 3180 occupatorem
953 3083 982 3179 7)
1009 3085 1207 3159 defensurus
1242 3083 1434 3160 aduenisset
1460 3085 1669 3178 attempero

117 3203 292 3297 aliquanto
319 3203 460 3299 Neapoli
489 3202 711 3295 constitisset,
740 3203 942 3295 infirmatus
971 3203 1125 3280 celeriter
1151 3205 1255 3280 Sexto
1282 3205 1365 3279 Idus
1390 3203 1541 3300 Augusti
1568 3203 1668 3279 mori·

116 3325 296 3403 taretin
324 3325 442 3401 maiori
478 3325 617 3402 eeclesia
652 3326 766 3402 Sancti
795 3325 971 3402 Laurentii
1000 3326 1123 3402 honore
1151 3325 1262 3402 debito
1293 3325 1468 3422 sepelitur,
1505 3349 1580 3402 cum
1607 3348 1668 3400 en·

117 3447 167 3521 uis
193 3448 349 3524 undecim
377 3451 413 3524 et
439 3469 500 3524 sex
527 3447 697 3524 mensibus
734 3449 900 3544 Papatum
936 3447 1110 3545 gessisset.
1157 3448 1359 3524 Posterius
1395 3450 1536 3526 mertem
1563 3447 1668 3544 Regi-

117 3569 235 3644 naldus
252 3568 454 3645 'dardinalie
481 3569 658 3665 episeopus
685 3569 902 3666 ostiensisfl),
932 3570 990 3663 qui
1018 3569 1262 3646 canonisationi
1289 3569 1478 3646 beatissimi
1505 3569 1668 3645 stanislai

117 3691 344 3769 canonensis
380 3691 529 3787 episcopi
556 3694 592 3767 et
620 3691 779 3788 unartpris
814 3692 954 3788 gloriosi
990 3694 1187 3768 aduersatus
1223 3693 1346 3785 fuerat,
1382 3694 1419 3768 et
1454 3713 1554 3786 quern
1581 3691 1669 3767 idem

118 3813 261 3890 Sanetus
289 3814 329 3889 de
356 3814 520 3908 languore
547 3813 747 3908 gravissimo
774 3813 886 3888 subito
914 3816 1099 3906 curaverat,
1129 3813 1265 3889 natione
1292 3814 1482 3909 Oaunpanus
1509 3813 1549 3888 de
1576 3811 1668 3888 Aua·

118 3933 183 4026 nia,
211 3934 247 4010 in
278 3936 453 4011 Summum
480 3935 677 4012 Pontificem
704 3935 889 4010 assumitur
917 3939 952 4010 et
978 3935 1172 4013 Alexander
1199 3937 1341 4029 quamue
1369 3935 1573 4012 nominatur.

566 4295 777 4410 ANNUS
813 4297 1036 4410 DOMINI
1073 4297 1208 4412 1255.

243 4545 419 4620 dolentum
445 4547 563 4620 dalmi
591 4547 687 4620 matri
717 4546 864 4621 duurado
891 4545 1107 4621 haereditatis
1134 4547 1207 4620 alna
1234 4551 1357 4620 aonam
1385 4547 1541 4621 restituit.

217 4787 430 4880 Frequentes
456 4789 491 4863 et
518 4785 697 4862 insidiosas
724 4787 923 4864 uexationes
949 4809 1009 4883 per
1035 4787 1228 4864 cunradum
1255 4790 1392 4881 Ducem,
1429 4789 1569 4866 Henrici
1595 4791 1669 4866 Sla-

118 4905 185 4984 siae
211 4908 317 4983 Dueie
344 4931 364 4983 a
391 4909 568 4984 Thartarie
599 4908 699 4984 occisi
726 4909 848 5002 filium,
887 4912 929 4985 ob
955 4913 1114 5006 negatam
1143 4910 1330 5006 portionem
1357 4909 1565 5006 patrimonii,
1593 4913 1667 4986 inm

224 5116 248 5195 ¹)
271 5119 350 5178 iusto
365 5118 476 5178 honore
492 5121 634 5194 sepelitur
653 5120 722 5182 God.
746 5121 838 5182 Roar.
872 5119 897 5197 ῃ)
920 5121 1018 5181 Rosea
1044 5119 1114 5182 coe.
1139 5119 1205 5182 nia.
1228 5121 1353 5182 Russiae
1368 5119 1427 5182 Ed.
1451 5121 1539 5198 Lina.
1569 5118 1668 5199 ³)La·

119 5219 199 5280 densi
225 5216 296 5283 Ood.
320 5223 412 5283 Roar.
453 5219 479 5300 ⁴)
502 5224 540 5284 ab
563 5225 666 5284 eodem
689 5225 911 5299 archiepiscopo
935 5226 1098 5288 Gnesneusi
1122 5231 1321 5285 consecratus.
1341 5223 1412 5286 Ood.
1435 5227 1527 5286 Roas.
1567 5220 1594 5300 ι)
1609 5227 1669 5286 lle-

118 5325 195 5399 linga
220 5325 292 5389 God.
316 5327 408 5387 Roas.
448 5323 475 5405 ὓ)
499 5329 559 5389 liliu
587 5327 658 5390 Ood.
682 5318 766 5392 Acts
794 5325 819 5406 τ)
843 5336 946 5390 contra
967 5329 1151 5390 Manlrednm
1175 5328 1319 5389 Friderici
1342 5331 1541 5403 persecutoris
1564 5329 1668 5390 Eccle-

119 5429 178 5489 siae
199 5429 291 5490 fillum
314 5431 485 5509 naturalem,
516 5429 589 5492 illaad
611 5439 680 5514 post
702 5439 826 5502 mortem
848 5432 983 5502 Gouradi
998 5439 1189 5516 occupantem
1224 5432 1294 5498 Ood·
1319 5433 1411 5499 Reor.
1450 5429 1479 5514 8)
1501 5433 1669 5493 Hostiensia

123 5530 191 5598 coa.
214 5533 310 5599 acar.
