4172 6278
1035 531 1147 582 arnna
1174 525 1327 583 sexsus.
1682 507 1744 603 (Α.
1766 508 1813 585 b.
1833 507 1953 606 1228.)

852 828 1060 947 ANNUS
1095 833 1320 949 DOMINI
1356 834 1495 949 1228.

402 1076 569 1158 cunradus
596 1083 759 1158 novovico
787 1089 821 1157 ct
847 1085 1001 1157 cenricus
1029 1103 1101 1158 cum
1128 1085 1229 1157 barba
1257 1086 1382 1158 starioc
1408 1087 1512 1158 buces
1540 1103 1596 1176 pro
1624 1085 1748 1158 tutoris
1776 1089 1811 1159 ct
1832 1087 1952 1160 laser·

401 1207 472 1278 chia
500 1210 628 1279 cenant
654 1225 752 1297 prope
780 1207 984 1279 cracoviam:
1020 1205 1154 1278 berrico
1183 1207 1303 1298 duplex
1328 1207 1466 1280 victoria
1499 1207 1617 1295 cessit,
1655 1225 1749 1300 quom
1785 1207 1951 1280 cunradus

400 1331 516 1418 postca
545 1332 622 1400 astu
649 1328 747 1419 capit.
791 1328 879 1399 ituro
906 1328 1004 1400 beata
1031 1327 1183 1418 liodrigis
1210 1346 1293 1399 uxor
1319 1345 1397 1416 sue,
1425 1328 1600 1401 decuriam
1626 1329 1776 1417 venicus,
1804 1329 1951 1401 consitiis

400 1450 471 1522 ruis
499 1451 628 1540 liberat,
656 1453 690 1522 et
719 1448 836 1522 cedens
865 1449 1113 1522 desereretis
1142 1449 1297 1537 cunrado,
1325 1450 1425 1522 ctiam
1453 1449 1651 1522 affluitatem
1679 1468 1750 1522 cum
1775 1469 1814 1522 eo
1834 1449 1951 1524 iunxit.

504 1683 637 1765 crudeli
665 1691 700 1764 et
727 1687 877 1764 infausta
903 1711 982 1764 noce
1009 1687 1189 1764 Lestkonis
1215 1687 1294 1763 Albi
1324 1713 1384 1784 per
1402 1690 1715 1784 suantopelkonem
1733 1690 1951 1766 Pomeranise

398 1811 604 1907 praefectum
632 1813 673 1886 de
700 1811 787 1886 scitu
816 1814 851 1885 ct
877 1811 1062 1886 annuervtia
1088 1811 1270 1886 Wiadislai
1297 1811 1432 1886 Ottonis
1459 1811 1596 1886 Maioris
1623 1811 1779 1887 Potoniae
1806 1812 1910 1888 Ducis
1927 1813 1950 1906 ¹)

397 1937 524 2024 secuta,
555 1955 634 2007 mox
661 1952 784 2007 novum
811 1933 950 2024 bellum,
980 1955 1131 2026 novaque
1158 1955 1252 2008 arma
1279 1933 1367 2007 inter
1394 1934 1501 2006 Duces
1519 1934 1731 2028 superstites,
1760 1933 1950 2008 cunradum

397 2055 554 2130 videlicet
574 2055 750 2144 diasoviae,
771 2077 968 2148 germanum
988 2054 1168 2128 Ircstkonis
1194 2051 1286 2146 Albi,
1316 2057 1358 2128 ab
1385 2077 1463 2146 una,
1492 2057 1527 2128 et
1553 2055 1737 2130 Henricum
1769 2077 1845 2130 cum
1872 2057 1948 2129 bar·

398 2179 441 2250 ba
468 2176 595 2251 clasiae
623 2179 658 2249 et
685 2169 1000 2251 Wmtislaviensam
1015 2175 1055 2269 ²),
1085 2175 1239 2270 pertibus
1266 2177 1308 2250 ab
1334 2175 1443 2251 altera
1469 2177 1691 2266 concitantur,
1721 2179 1862 2270 utroque
1884 2177 1948 2250 Po-

397 2299 549 2372 lonorum
578 2297 806 2372 Monarchiam
842 2299 876 2372 et
904 2297 1084 2372 Lestkonis
1120 2319 1298 2392 puerorum
1335 2319 1448 2372 curam
1475 2301 1518 2372 cd
1544 2321 1580 2372 se
1608 2321 1723 2392 repere
1750 2299 1947 2372 festinante.

398 2419 444 2493 Et
479 2417 669 2493 cunradum
705 2419 840 2512 quidem
876 2419 1043 2494 Maeoniae
1079 2419 1204 2494 Ducem
1220 2417 1249 2513 ³)
1284 2419 1463 2494 Lectionis
1499 2420 1649 2494 defuncti
1685 2419 1945 2514 germanitusc,

397 2539 581 2616 Henricum
608 2563 684 2615 vero
711 2540 839 2616 clasiae
866 2540 1057 2634 Principem
1074 2541 1101 2634 ὅ)
1129 2539 1312 2632 annositas,
1341 2541 1428 2635 quod
1455 2543 1538 2614 natu
1566 2541 1670 2615 maior
1695 2542 1797 2632 osset,
1825 2543 1861 2616 et
1878 2539 1946 2614 Du-

396 2661 502 2736 cissae
529 2661 780 2737 craimislavae
816 2661 955 2736 relictae
990 2662 1170 2736 Lestkonis
1205 2659 1296 2752 Albi,
1335 2665 1371 2738 ot
1406 2663 1644 2737 nonnullorum
1680 2661 1946 2737 cracoviensium

397 2785 569 2874 baronum,
599 2786 634 2856 et
662 2783 839 2878 signanter
866 2783 970 2856 Marci
997 2783 1234 2873 cracoviensis,
1273 2783 1434 2857 Pekoslai
1471 2783 1752 2859 Sandomiriensis
1778 2783 1945 2878 palatino-

382 2927 482 2994 rum,
511 2906 546 2978 et
573 2907 790 2998 cognatorum
817 2927 941 2996 eorum,
971 2907 1102 2999 partem
1129 2905 1289 2978 Ducissae
1316 2904 1566 2980 craimislavvce
1584 2905 1806 2998 separantium,
1836 2907 1946 2979 crebro

386 3021 625 3120 ¹ingeminatae
657 3048 771 3120 preces
799 3025 1013 3100 concitabant
1027 3025 1066 3120 6),
1096 3047 1182 3118 quoe
1197 3026 1224 3119 7)
1251 3026 1396 3100 Gunradi
1425 3026 1592 3101 Masoviae
1610 3026 1713 3102 Ducis
1731 3027 1944 3122 tyrannidem

396 3169 522 3242 perosa,
552 3167 599 3237 se,
628 3147 803 3239 filiumque
830 3147 1008 3241 parvulum
1032 3147 1224 3222 Boleslaum
1252 3149 1286 3222 et
1314 3147 1419 3222 filiam
1448 3148 1647 3239 Salomacus,
1685 3147 1820 3222 eteius
1847 3147 1944 3220 Prin-

396 3267 529 3363 cipatus
555 3271 658 3360 atque
684 3271 795 3343 terras
823 3268 858 3341 in
884 3267 1029 3343 turbelam
1057 3271 1092 3342 et
1118 3269 1394 3362 gubernationem
1424 3269 1561 3342 Henrici
1590 3269 1717 3342 Stesiae
1735 3269 1838 3342 Ducis
1856 3290 1943 3342 com·

397 3389 587 3480 prendebat,
626 3392 743 3485 petens
770 3411 805 3465 se
832 3393 868 3466 et
895 3392 1051 3486 parvulos
1079 3413 1099 3465 a
1126 3391 1369 3485 gubernatione
1405 3391 1550 3464 Cuuradi
1586 3391 1672 3484 eripi
1707 3392 1742 3466 ct
1768 3391 1942 3466 vindicari.

395 3510 449 3585 Ex
476 3513 539 3587 hac
566 3511 682 3603 itaque
709 3512 879 3587 occasione
911 3515 946 3587 et
972 3533 1073 3587 causa
1109 3512 1201 3587 civiti
1228 3515 1263 3587 et
1290 3512 1470 3587 domestico
1506 3513 1594 3587 inter
1630 3513 1738 3587 Duces
1774 3513 1942 3606 praefatos

394 3633 483 3708 bello
511 3636 708 3727 subsecuto,
746 3636 887 3727 uterque
922 3657 997 3709 cum
1034 3635 1194 3729 gentibus
1231 3635 1282 3708 ius
1310 3656 1407 3708 suum
1444 3633 1548 3708 armis
1583 3633 1800 3725 defensurus,
1830 3655 1942 3708 versus

394 3755 586 3831 cracoviam
614 3755 761 3848 advenit,
791 3757 948 3848 factoque
974 3757 1027 3830 est
1054 3756 1226 3850 provincia
1253 3755 1481 3830 cracoviensis
1508 3757 1603 3830 sodes
1631 3755 1723 3829 belli.
1761 3755 1807 3828 Et
1833 3777 1941 3830 arcem

394 3877 528 3970 quidem
556 3881 591 3952 et
618 3877 789 3953 civitatem
826 3877 1075 3953 cracoviensem
1111 3877 1253 3951 Ducisso
1289 3876 1522 3953 crcimislana
1555 3899 1630 3951 cum
1658 3875 1729 3950 filio
1756 3877 1939 3967 obtinebat,

338 4073 341 4080 ,
394 4015 460 4074 non
488 3999 688 4093 permittens
724 3998 916 4073 Ounradum
951 4001 986 4074 et
1022 4021 1100 4073 suos
1136 3999 1330 4093 contingere
1358 3998 1466 4073 iiiam.
1513 3997 1681 4073 Henricus
1707 4019 1786 4072 vcro
1815 3997 1941 4073 Slesiao

393 4118 472 4192 Dux
499 4121 582 4194 duas
608 4141 712 4194 novas
739 4120 954 4212 munitiones,
988 4143 1089 4194 unam
1105 4120 1132 4213 8)
1161 4141 1263 4214 prope
1289 4120 1448 4214 oppidum
1477 4119 1616 4193 Skaiam
1643 4119 1679 4192 in
1705 4119 1802 4210 colla,
1843 4141 1939 4212 quem

379 4241 566 4315 *Prandnik
593 4241 717 4315 fluvius
745 4239 965 4336 praeterfluit,
1004 4243 1039 4315 et
1074 4241 1169 4315 cuius
1206 4241 1241 4314 iu
1277 4242 1365 4315 hanc
1401 4241 1488 4316 diem
1525 4241 1738 4315 ostentantur
1764 4240 1936 4332 reliquiae,

392 4362 535 4436 alteram
563 4362 598 4437 in
626 4365 779 4438 Meaboze
794 4363 823 4456 9)
849 4364 1012 4452 erexerat,
1041 4365 1076 4436 et
1103 4362 1183 4436 forti
1211 4362 1377 4456 praesidio
1404 4363 1553 4436 militum
1573 4361 1742 4455 imposito,
1770 4361 1875 4436 etium
1900 4385 1936 4435 u·

392 4482 558 4558 diversam
585 4483 834 4559 cracoviensem
867 4483 1072 4578 provinciam
1099 4486 1337 4578 occupaturum
1366 4507 1402 4557 se
1429 4485 1597 4578 sperabat.
1625 4483 1799 4558 cunradus
1826 4483 1937 4574 itaque

392 4603 560 4688 Masoviae
587 4605 665 4678 Dux
685 4606 739 4700 ¹⁰),
768 4605 908 4681 inanimi
946 4605 1105 4680 momenti
1133 4607 1215 4696 fore,
1252 4609 1287 4680 et
1323 4605 1366 4678 ad
1391 4605 1567 4679 victoriam
1603 4605 1755 4699 spectare
1791 4605 1934 4694 credens,

391 4725 420 4799 si
448 4748 551 4801 novas
579 4726 781 4801 munitiones
809 4749 868 4821 per
895 4725 1078 4801 Honricum
1106 4727 1233 4800 erectas
1266 4725 1435 4818 deiiceret,
1471 4727 1513 4799 ad
1541 4726 1801 4821 oppugnandam
1829 4725 1935 4800 muni·

390 4849 515 4922 tionem
544 4871 646 4943 prope
682 4849 820 4922 Skalam
857 4848 958 4922 sitam
995 4847 1106 4942 copias
1133 4847 1245 4921 ducit:
1284 4847 1340 4922 ubi
1369 4847 1422 4919 illi
1449 4845 1615 4921 Hemicus
1642 4847 1771 4922 Slesiae
1798 4848 1877 4922 Dux
1896 4847 1937 4942 ¹¹)

421 5131 423 5136 ,
498 5055 521 5133 ¹)
544 5043 634 5138 Ducis
657 5057 736 5133 deest
757 5061 792 5118 ia
819 5057 889 5118 Occi.
913 5055 987 5117 Act.
1030 5054 1055 5134 ῃ)
1079 5052 1284 5117 wratislaviac
1306 5053 1418 5116 Ducem
1450 5054 1520 5117 cod.
1544 5057 1637 5117 Reor.
1676 5053 1703 5134 ³)
1726 5055 1838 5118 Ducem
1860 5058 1936 5118 decet

387 5159 422 5223 ἐτι
448 5159 518 5223 cod.
541 5160 615 5225 Aut.
653 5157 678 5238 4)
701 5175 869 5234 germanum
900 5159 959 5220 Ec.
984 5161 1078 5220 Dobr.
1119 5157 1145 5240 ὓ)
1167 5161 1332 5235 Principem
1362 5161 1439 5222 deest
1471 5163 1505 5220 c'u
1532 5159 1603 5221 Cod.
1626 5161 1718 5222 Rorr.
1758 5157 1934 5238 ⁰)coucita·

387 5267 459 5326 bant
480 5265 558 5326 deest
579 5267 615 5326 io
640 5264 710 5326 cod.
734 5263 807 5324 Aut.
841 5261 1088 5342 ccrzimIslava
1112 5266 1188 5324 enim
1214 5263 1285 5324 cnd.
1310 5265 1401 5325 Roas.
1434 5261 1568 5342 ⁸Junam
1587 5265 1724 5325 videlicet
1749 5263 1821 5325 Coc.
1844 5265 1933 5325 Rorr.

388 5365 416 5446 ⁹)
438 5369 575 5430 Mesbese
601 5367 672 5430 (lod.
699 5368 781 5430 cclv.
804 5367 943 5430 Morborc
966 5368 1026 5430 Ed.
1050 5369 1142 5430 Dobr.
1186 5365 1225 5450 10)
1248 5367 1314 5428 Dux
1337 5369 1415 5430 deest
1438 5365 1474 5428 o'rt
1499 5369 1568 5430 cod.
1591 5367 1663 5430 Aac.
1706 5367 1746 5450 ¹¹)
1768 5369 1835 5430 Dux
1857 5369 1935 5432 coac

387 5475 423 5542 ic
449 5469 518 5536 cod.
540 5471 614 5538 Act.
