4192 6272
167 548 230 656 (Α.
253 551 299 635 b'.
318 554 440 653 mar.)
782 585 893 636 arena
920 583 1113 639 auruncos.
1588 525 1592 536 ⁸
1641 571 1719 643 489

164 771 398 864 occupaverat,
426 767 572 845 Thomas
599 768 754 865 episeopo
781 771 816 846 et
842 793 901 846 sno
928 771 1016 847 olero
1037 771 1062 864 ¹)
1087 773 1250 864 redderet,
1280 773 1315 848 et
1341 795 1401 868 pro
1428 774 1596 868 perceptis
1615 775 1720 849 satis-

165 889 313 966 lactione
340 890 507 986 condigna
533 890 697 985 impensa,
736 892 868 986 amplas
903 891 1078 968 libertates
1113 894 1148 968 et
1184 893 1417 969 immunitates
1444 894 1721 971 wratislaviensi

165 1011 334 1104 eeclesiae,
351 1013 461 1086 scelus
487 1011 702 1088 commissum
728 1011 907 1106 expiando,
936 1013 1114 1088 conferret.
1143 1015 1194 1108 Ea
1211 1014 1483 1089 reconciliatione
1497 1017 1623 1106 secuta,
1640 1018 1718 1089 sub-

166 1132 238 1207 lato
265 1137 301 1208 et
325 1133 480 1208 relaxato
507 1155 567 1228 per
592 1132 821 1209 suessonam
849 1133 1137 1228 archiepiscopum
1165 1135 1322 1211 Iacobum
1340 1135 1510 1211 Suinkam
1528 1136 1719 1228 interdicto,

167 1254 203 1328 ot
228 1255 308 1328 Dux
334 1253 502 1329 Honricue
528 1255 704 1329 absolutus
731 1257 793 1346 est,
822 1257 858 1330 et
876 1255 990 1330 diuina
1016 1255 1128 1332 officia
1144 1255 1173 1351 ²)
1197 1255 1234 1330 in
1260 1256 1333 1332 eius
1360 1257 1558 1352 Principatu
1595 1257 1720 1333 resumi

129 1461 135 1469 ¹
167 1377 297 1470 coepta.
324 1375 470 1450 Thomas
496 1375 640 1469 denique
667 1375 961 1452 wuatielaviensis
1001 1377 1177 1471 episcopus
1212 1377 1366 1453 beneficii
1402 1380 1437 1454 et
1472 1378 1720 1473 hospitalitatis

167 1495 388 1570 allaeimiro
403 1494 435 1590 3)
459 1497 549 1571 Βοοο
577 1496 748 1590 Opoliensi
789 1495 997 1572 exiliationis
1024 1500 1174 1592 tempore
1209 1499 1274 1572 sibi
1310 1483 1346 1573 et
1372 1499 1460 1573 clero
1487 1521 1547 1574 suo
1574 1499 1719 1593 praesti·

166 1617 278 1690 torum
306 1637 442 1706 memor,
470 1617 645 1692 ecelesiam
681 1617 897 1712 collegiatam
924 1620 987 1691 sub
1014 1617 1116 1692 titulo
1144 1619 1261 1694 Sancti
1288 1617 1435 1694 Thomas
1454 1618 1717 1709 dantuariensie,

166 1735 204 1809 in
230 1738 340 1811 castro
367 1737 620 1813 Rathiborieusi
647 1761 668 1812 a
694 1739 785 1812 Duce
813 1738 985 1812 Karimiro
1001 1739 1033 1831 ⁴)
1056 1739 1226 1832 Opoliensi
1245 1741 1383 1834 rogatus
1410 1741 1551 1829 fundat,
1579 1731 1719 1830 eamque

167 1857 306 1933 decimis
333 1880 466 1934 mensae
492 1859 692 1954 episcopalis
718 1857 1011 1936 wratislaviensis
1039 1861 1154 1934 dotat:
1191 1883 1277 1952 quae
1304 1878 1462 1954 processu
1488 1861 1650 1954 temporis
1676 1881 1720 1934 ex

167 1995 244 2053 arce
271 1979 306 2052 in
325 1980 484 2074 oppidum
512 1982 705 2056 transuecta
732 1981 795 2071 est,
825 1982 860 2055 et
887 1982 1002 2074 plures
1041 1982 1249 2075 praebendae
1285 1981 1466 2077 largitione
1492 1983 1621 2056 Ducum
1649 1981 1718 2055 lla-

169 2099 430 2177 thiboriensium
458 2101 494 2176 in
522 2124 562 2176 ea
588 2101 675 2177 eirca
702 2100 961 2176 translationem
977 2102 1149 2177 fundatae.

168 2463 316 2538 manu
343 2467 491 2556 nupero
517 2465 634 2538 hiemis
662 2463 855 2537 murmane
891 2466 1117 2539 indoloriam
1153 2467 1332 2559 irmupuut
1367 2471 1465 2560 atquc
1493 2465 1569 2541 dun
1595 2467 1714 2542 lestko

165 2578 262 2676 mpu
287 2587 359 2657 llus
385 2587 418 2657 ln
445 2587 640 2676 lingonen
667 2566 893 2676 discessisset,
920 2588 1164 2660 drocorlemem
1191 2605 1281 2660 oram
1307 2603 1421 2662 remus
1448 2589 1594 2665 sundere
1621 2591 1718 2681 impe·

166 2720 206 2778 ιο
233 2710 369 2780 meunt
395 2710 429 2779 ct
456 2724 529 2779 oum
555 2707 675 2798 praede
701 2709 825 2799 ingenti
852 2708 981 2798 obeunt,
1009 2710 1227 2798 memrterio,
1256 2711 1288 2781 in
1315 2727 1380 2801 quc
1407 2709 1506 2782 boeto
1532 2711 1637 2801 linge
1667 2711 1717 2782 dc·

426 2828 533 2920 gelet,
561 2829 632 2901 eius
660 2829 785 2902 meritis
812 2829 942 2902 lllomn
970 2830 1144 2903 acesinen
1171 2849 1236 2902 nou
1261 2831 1458 2922 experiente.

267 3063 489 3142 Feracissima
515 3068 551 3142 et
576 3065 734 3143 immanis
760 3090 844 3164 gene
871 3069 1123 3162 Thertarorum,
1150 3068 1541 3164 Pseudo-Mahomethi⁶)
1564 3069 1713 3165 spurcis-

152 3188 269 3264 simos
294 3191 329 3265 et
355 3187 572 3266 detestabiles
597 3189 685 3265 ritus
711 3192 873 3286 professa,
902 3194 973 3266 mm
1000 3191 1131 3268 actione
1158 3213 1260 3286 quam
1287 3191 1421 3268 nomine
1447 3191 1637 3267 dhristiano
1657 3215 1717 3267 no·

164 3431 283 3508 tudine
309 3431 345 3507 in
371 3434 481 3508 terres
507 3435 721 3526 Polonorum‚
750 3436 865 3510 famen
901 3435 1077 3526 sedatum,
1115 3435 1255 3510 ducibus
1290 3437 1410 3530 Nogap
1445 3437 1480 3510 et
1507 3436 1714 3530 Thelebuga,

165 3553 340 3649 prooessit.
368 3553 414 3628 Et
439 3552 675 3636 Ruthenorum
703 3556 839 3647 quidem
866 3557 978 3648 terris,
1017 3579 1077 3651 per
1112 3577 1197 3649 quas
1223 3557 1288 3632 iter
1324 3557 1458 3651 agebat,
1497 3556 1628 3630 tributa
1662 3555 1718 3628 illi

163 3673 232 3750 ism
258 3677 341 3750 tunc
366 3675 593 3768 reddentibus,
623 3676 870 3771 aliquantisper
896 3677 1094 3752 victualium
1121 3677 1321 3772 receptione,
1350 3679 1390 3751 nt
1416 3677 1540 3751 famem
1559 3677 1717 3752 exclude·

164 3798 233 3886 ret,
257 3795 401 3887 vexatis,
430 3795 576 3890 primum
605 3797 640 3871 in
667 3797 908 3873 Lublinensem
934 3799 970 3872 et
997 3797 1178 3890 Maeoniae,
1208 3798 1330 3892 expost
1347 3797 1382 3870 iu
1401 3796 1641 3888 Sandomiriae,
1662 3797 1715 3869 Si-

164 3915 278 3991 radiae
304 3917 339 3991 et
365 3912 542 3992 Graeculae
569 3939 645 3992 ores
672 3921 706 3993 et
733 3920 854 4010 terrae,
883 3918 919 3992 in
946 3920 1154 3993 locustarum
1181 3941 1357 3994 numerum
1394 3921 1429 3992 et
1456 3941 1581 3992 morem
1609 3917 1716 4012 pluri-

164 4039 228 4112 bus
255 4036 448 4131 agminibus
475 4038 667 4132 dispartita,
698 4040 874 4115 undecima
900 4039 1093 4115 Decembris
1120 4039 1184 4132 die,
1214 4040 1366 4133 quamuis
1385 4039 1579 4114 fortissimis
1599 4039 1630 4133 6)
1655 4038 1716 4111 fri·
1858 4056 1864 4062 ·

164 4156 302 4252 genibus
328 4160 363 4232 et
390 4159 599 4233 densissimis
626 4159 760 4235 nivibus
797 4181 872 4234 oros
913 4183 1028 4236 omnes
1056 4160 1233 4235 Polonieas
1270 4160 1521 4255 prementibus,
1550 4159 1715 4254 peruenit.

164 4279 211 4352 llt
236 4278 391 4373 pluribus
418 4280 641 4372 monasteriis,
670 4281 819 4356 eeclesiis
845 4283 881 4356 et
907 4281 1172 4371 munitionibus,
1201 4281 1237 4355 in
1265 4303 1348 4374 quas
1375 4301 1411 4356 se
1442 4281 1595 4356 homines
1622 4280 1717 4354 abdi·

165 4399 295 4492 derant,
324 4399 523 4494 conquisitis
548 4403 584 4476 ot
610 4401 767 4493 incensis,
796 4425 817 4476 a
844 4403 954 4478 oestro
991 4405 1026 4476 et
1053 4401 1190 4478 civitate
1227 4401 1510 4495 Sentomiriensi,
1549 4401 1585 4475 in
1624 4401 1718 4476 ouius

164 4521 409 4612 conquisitione
435 4521 506 4598 dies
533 4522 664 4615 aliquot
690 4524 966 4615 immorabantur,
996 4545 1072 4598 oum
1099 4523 1289 4618 ignominia
1312 4525 1347 4598 et
1364 4525 1479 4618 strage
1498 4523 1634 4617 repulse
1653 4524 1716 4612 est,

164 4642 334 4717 militibus
359 4643 417 4735 qui
444 4643 480 4717 in
507 4644 674 4738 praesidio
701 4647 816 4735 erant,
846 4667 956 4720 arcem
992 4646 1027 4719 et
1062 4643 1236 4720 ciuitatem
1271 4647 1408 4720 strenue
1449 4644 1714 4739 protegentibus.

163 4763 424 4838 Amonasterio
452 4764 590 4871 insuper
617 4765 759 4840 Sanctae
791 4765 906 4840 drocis
942 4765 1036 4840 dolui
1073 4766 1198 4840 montis
1232 4765 1401 4840 exercitus
1436 4765 1655 4840 Thartericus
1683 4785 1719 4838 se

163 4883 343 4977 continuit,
372 4905 480 4976 neque
507 4885 606 4960 illum
633 4887 761 4978 locum,
793 4885 1012 4962 suadentibus
1047 4886 1236 4977 Bethania,
1266 4886 1325 4978 qui
1352 4886 1388 4960 in
1414 4907 1529 4961 eorum
1554 4873 1717 4960 comitatu

164 5006 273 5097 erent,
300 5005 436 5097 uiolare,
466 5006 524 5081 sed
551 5027 611 5082 nee
637 5007 828 5102 attingere,
857 5007 1022 5083 ultionem
1058 5006 1228 5098 divinam,
1256 5006 1286 5081 ei
1322 5024 1417 5083 secus
1451 5007 1620 5098 lacerent,
1649 5027 1716 5080 non

275 5297 401 5379 ¹)olero
431 5300 667 5363 wratislaviensi
701 5299 773 5363 dod.
803 5301 895 5364 Reor.
934 5299 963 5379 l)
986 5299 1084 5362 officia
1113 5299 1192 5364 decet
1216 5303 1253 5362 ἑο
1284 5300 1354 5363 (lod.
1385 5299 1458 5362 Aut.
1499 5296 1528 5378 ³)
1554 5297 1717 5362 lllladislso

170 5403 242 5466 coa.
263 5405 355 5469 Rocr.
387 5401 415 5486 ⁴)
435 5401 598 5467 wladislao
626 5402 697 5466 doc.
719 5406 812 5466 Roar.
845 5401 872 5482 ⁵)
894 5403 1072 5466 Machmethi
1099 5405 1169 5468 Ood.
1192 5403 1266 5466 Ast.
1293 5403 1318 5482 ⁷)
1341 5404 1509 5465 fortissimis
1532 5409 1563 5463 et
1584 5404 1717 5463 maximis

169 5507 240 5570 dcc.
263 5509 356 5571 Roer.

215 5642 238 5686 J.
252 5641 347 5696 illusor.
362 5641 577 5688 morcaroroau.
591 5643 623 5688 11.
1528 5630 1561 5676 62
1587 5703 1591 5710 ι
