4172 6278
162 519 239 622 stit.
258 517 307 603 D.
327 522 446 623 1233.)
804 549 917 603 urens
943 549 1097 604 snxnus.
1638 522 1724 604 '24'1

174 723 246 812 sam
272 735 431 814 excutere
456 737 492 812 ot
518 757 554 812 se
580 735 617 812 in
643 735 837 814 libertatem
864 736 1039 812 vendicare
1064 736 1269 814 destinabat.
1301 737 1426 813 Verum
1451 736 1627 814 cunradus
1654 739 1725 812 lla-

176 857 288 935 souiae
314 859 393 933 Dux
418 857 581 934 tutoriam
608 857 673 934 sibi
699 881 721 934 a
746 857 868 954 nepote
894 857 980 954 eripi
1005 860 1042 935 st
1066 858 1233 936 consuetis
1259 857 1455 936 introitibus
1478 882 1513 936 se
1544 858 1729 955 plurimum

177 979 294 1056 dolens
321 978 473 1076 spoliari,
510 980 582 1055 tarn
617 979 794 1056 Ducisscm
830 979 1109 1072 druimislauam,
1146 1003 1247 1075 quom
1283 982 1438 1076 nepotem
1474 982 1600 1057 Ducem
1627 981 1727 1057 Bole-

176 1101 289 1177 slaum
315 1101 478 1178 Pudicam
497 1101 540 1177 ad
558 1101 764 1195 colloquium
791 1100 980 1194 amicabile,
1008 1102 1104 1196 quasi
1128 1102 1285 1178 derebus
1303 1102 1448 1198 publicis
1475 1125 1609 1178 suorum
1628 1101 1728 1177 Prin·

176 1222 352 1320 cipatuum
377 1225 609 1317 tractaturus,
638 1223 764 1301 inuitat
781 1221 822 1318 ¹),
850 1223 1024 1320 captivat,
1051 1225 1087 1299 et
1113 1223 1148 1298 in
1175 1224 1359 1300 llasouiam
1386 1223 1555 1317 deductos,
1584 1225 1730 1320 primum

177 1343 214 1420 iu
240 1343 422 1439 (lairslro‘)
457 1347 568 1421 castro
603 1365 663 1421 suo
698 1344 780 1420 forti
815 1345 971 1437 includit,
1008 1347 1216 1440 exprobrans
1251 1347 1322 1420 tam
1358 1345 1478 1437 matri,
1518 1369 1619 1439 quam
1646 1345 1728 1437 filio,

177 1465 445 1562 praecipitanter
470 1466 572 1541 nimis
600 1467 636 1542 et
661 1466 842 1542 immature
868 1467 911 1542 ad
939 1465 1152 1562 principandi
1179 1451 1417 1543 auctoritatem
1444 1467 1623 1562 aspirasse.
1663 1467 1729 1543 De-

177 1587 257 1662 inde
284 1587 364 1663 illos
390 1587 426 1662 in
453 1587 775 1685 Specuyechouieuse
810 1589 958 1664 castrum
994 1609 1098 1683 supra
1132 1587 1272 1663 fluuium
1298 1589 1413 1665 Wisla
1437 1587 1474 1662 in
1500 1587 1622 1664 diocesi
1649 1589 1729 1664 (lra-

176 1707 325 1784 coriensi
351 1709 457 1784 situm
496 1710 710 1804 transportat
744 1711 780 1784 et
805 1709 919 1785 arctae
945 1709 1089 1805 deputat
1114 1708 1306 1799 custodiae;
1343 1709 1496 1785 thesauri
1524 1707 1633 1804 uibip
1659 1733 1729 1785 om·

177 1853 255 1906 nem
291 1830 411 1926 diripit
445 1831 713 1927 supellectilem,
750 1834 786 1907 et
820 1831 864 1907 ad
894 1830 1111 1926 Principetus
1145 1852 1224 1907 suos
1259 1833 1468 1928 occupandos
1503 1833 1539 1907 et
1573 1832 1731 1928 ipsume

177 1951 251 2027 rita
276 1951 583 2044 exterminandum,
620 1967 744 2048 magno
770 1953 892 2028 conatu
918 1952 1068 2029 intendit
1081 1952 1121 2050 ⁴).
1166 1953 1265 2029 Unda
1299 1953 1459 2028 stillum
1495 1955 1609 2028 arctae
1641 1953 1731 2050 apud

177 2072 317 2150 (lnirslro
344 2073 489 2150 includit
515 2073 696 2167 custodias,
724 2076 760 2151 et
786 2074 1017 2170 Principatum
1044 2073 1117 2150 eins
1144 2074 1311 2170 praecipit
1326 2074 1355 2170 ⁶)
1380 2095 1552 2171 occupare.
1589 2074 1732 2151 Interim
1802 2168 1806 2174 ,

177 2195 390 2273 Wladislaus
425 2195 632 2274 (lnesneusls
668 2197 747 2270 Dux
774 2195 938 2292 petitione
965 2198 1000 2272 ot
1026 2195 1166 2278 oonsilio
1192 2195 1296 2271 llarci
1329 2195 1474 2291 palatini
1500 2197 1731 2272 cmoovioneis

177 2316 351 2410 inductus,
379 2318 560 2413 persuadet
586 2317 673 2393 Duoi
698 2318 862 2408 dunrado,
891 2320 931 2392 ut
957 2317 1069 2393 animo
1095 2317 1250 2394 lenitatis
1272 2319 1427 2413 nepotem
1446 2319 1642 2413 pertractet,
1670 2339 1732 2393 nec

178 2438 311 2532 aliquid
336 2439 373 2514 iu
399 2439 505 2515 uitam
532 2461 629 2518 suam
656 2441 717 2515 aut
743 2463 878 2514 suorum
906 2441 1100 2535 praesumat
1134 2439 1331 2514 machinari.
1376 2438 1452 2535 Qui,
1485 2440 1524 2514 ut
1552 2441 1625 2514 erat
1651 2460 1730 2515 cons

178 2561 268 2638 siliis
293 2560 496 2653 tractabilis,
524 2561 560 2636 in
587 2559 780 2637 coenobium
808 2560 1129 2658 Specnyechouiense
1155 2583 1212 2636 sos
1238 2560 1456 2654 transmittit,
1484 2561 1548 2635 sub
1573 2559 1733 2657 diligenti

176 2682 333 2760 custodia
367 2681 492 2759 ibidem
526 2682 735 2775 detinendos,
772 2684 876 2758 donoc
911 2682 1085 2773 deliberet,
1123 2704 1223 2776 quem
1259 2682 1361 2758 linem
1397 2682 1568 2778 praesenti
1595 2681 1732 2778 negotio

175 2805 344 2902 imponat.

285 2926 465 3022 Interea⁶t
491 2927 678 3018 Boleslaus,
716 2924 809 3000 filius
836 2925 948 3001 senior
974 2925 1119 3000 burredi
1145 2925 1314 3003 Maeoniae
1340 2925 1455 3018 Ducis,
1492 2927 1619 3002 terram
1646 2926 1731 3002 Sau-

178 3047 416 3126 domiriensem
443 3047 678 3145 potentialiter
696 3047 898 3144 ingreditur,
922 3049 958 3124 et
975 3050 1140 3140 tanquam
1166 3049 1343 3125 vacantem
1370 3050 1521 3144 occupat,
1549 3047 1734 3144 salumn

179 3170 318 3266 quidem
345 3169 540 3247 muneribus
567 3171 759 3246 demulcens
785 3173 821 3246 et
846 3169 1033 3266 promissis,
1070 3169 1332 3247 contradictores
1366 3193 1445 3246 uero
1477 3170 1598 3246 emisso
1625 3169 1734 3246 edicto

179 3293 404 3389 proscribens,
440 3293 527 3368 bona
553 3313 667 3368 eorum
700 3291 850 3387 diripens
877 3294 913 3368 ot
938 3291 1120 3387 dissipans,
1149 3291 1260 3388 coegit
1285 3292 1436 3369 exulare.
1481 3293 1630 3385 Quorum
1657 3291 1733 3384 qui·

178 3415 257 3491 dam
285 3415 322 3489 in
348 3413 508 3490 Russiam
535 3413 607 3518 alii,
635 3413 697 3489 alii
723 3412 760 3488 in
786 3413 874 3489 alias
901 3415 1027 3509 partes,
1064 3413 1186 3489 timore
1221 3413 1340 3491 mortis
1367 3413 1550 3509 fugientes,
1587 3413 1732 3491 diuerte-

178 3537 274 3628 rnnt,
303 3535 565 3612 misericordiam
593 3535 655 3611 Dei
682 3535 915 3631 implorantes,
945 3537 983 3610 ut
1010 3535 1223 3631 tyrannidem
1259 3535 1407 3611 Boleslai
1438 3535 1541 3610 Ducis
1567 3535 1733 3631 deprime-

178 3657 245 3750 ret,
273 3657 418 3755 orphani
445 3654 572 3754 captiui
599 3659 635 3732 et
660 3657 804 3734 desolati
818 3657 846 3753 8)
872 3656 1082 3733 misereatur.

688 4023 897 4098 counrado
924 4025 1036 4099 tancti
1062 4023 1229 4098 noniniol.

286 4261 470 4360 Gregorius
496 4265 592 4360 Papa
616 4287 724 4340 nonus
749 4267 888 4341 beatum
914 4264 1137 4359 Dominioum‚
1174 4267 1292 4342 ducem
1318 4267 1354 4341 et
1387 4263 1619 4341 institutorem
1645 4265 1734 4340 ordi·

180 4385 237 4462 uis
259 4386 545 4480 Prssdmatomm,
574 4386 744 4463 Bononiae
771 4388 954 4482 sepultum,
985 4387 1141 4483 pluribus
1167 4386 1419 4481 declaratumb
1445 4389 1481 4462 et
1506 4387 1735 4463 coruscantem

181 4506 368 4602 miraculis,
395 4507 527 4585 Beatus
552 4508 727 4584 canonisat
753 4511 789 4585 et
815 4507 1014 4632 Sanctorum
1041 4508 1181 4584 ascribit
1206 4509 1372 4604 catalogo,
1400 4509 1547 4584 amente
1573 4509 1646 4584 eius
1673 4529 1734 4585 an·

182 4651 227 4705 ¹1⁰
252 4629 452 4846 flssffiffir
477 4749 722 4827 cruciferorum
737 4751 963 4844 Hormaunus,
995 4752 1106 4827 castro
1132 4752 1240 4827 altero
1267 4749 1450 4847 Kuyednin
1476 4750 1513 4825 in
1539 4753 1631 4828 terra
1655 4751 1735 4826 cul-

181 4871 291 4949 mensi
317 4871 505 4968 aedificato,
533 4875 682 4949 castrum
696 4873 827 4967 Wilna,
855 4874 944 4966 quod
971 4873 1007 4948 in
1033 4873 1156 4949 vicinio
1183 4873 1287 4948 situm
1314 4873 1399 4966 eret,
1428 4873 1653 4949 aPruthenis
1680 4887 1734 4949 oc·

292 5167 464 5248 ¹)inritans
486 5187 538 5231 eoa
564 5167 635 5232 (lod.
658 5169 751 5232 Recr.
791 5166 982 5247 'perimone
1009 5166 1080 5230 coe.
1103 5165 1177 5230 Aut.
1210 5164 1237 5246 ³)
1261 5166 1440 5230 ethssauris
1463 5167 1523 5228 suis
1554 5165 1613 5228 Ed.
1636 5167 1734 5228 Dobr.

184 5269 213 5353 ⁴)
235 5275 362 5336 mulum
390 5273 519 5335 intendit
550 5272 621 5335 God.
645 5274 737 5336 Beer.
777 5269 804 5351 ⁵)
827 5274 926 5348 coepit
955 5273 1015 5334 Ed.
1038 5273 1132 5334 Dobr.
1154 5268 1199 5350 ⁴⁶)
1220 5271 1341 5332 Interim
1375 5271 1445 5334 Cod.
1468 5271 1539 5348 Β).
1579 5269 1736 5349 Ἣηῑτοε

183 5379 246 5440 Ed.
268 5379 364 5441 Dobr.
403 5375 433 5458 8)
455 5377 652 5453 orphanisque
674 5383 706 5438 et
726 5377 868 5438 desolatis
891 5377 950 5440 Ed.
973 5377 1070 5438 Dotr.
1101 5373 1322 5454 'idecoratum
1347 5374 1419 5437 (iod.
1442 5375 1513 5452 uso.
1607 5386 1610 5392 ’

232 5531 257 5576 J.
270 5531 364 5586 nram
376 5530 462 5574 metor.
477 5531 555 5574 Peion.
570 5531 596 5574 u.
609 5531 641 5574 11.
1546 5517 1578 5565 31
