4140 6298
343 507 347 512 ⁵
382 549 457 625 282
820 561 821 566 ‘
987 571 1099 622 uranu
1126 568 1320 624 susumuus.
1666 490 1728 642 (A.
1749 543 1801 622 D.
1815 543 1933 644 1241.)

382 762 499 836 oanms
519 761 553 854 ¹),
591 757 755 853 reliquias
791 757 990 833 Sanctorum
1026 757 1153 853 passim
1180 780 1240 854 por
1265 758 1391 833 murum
1418 756 1669 853 dispergebant,
1705 756 1932 851 ecclesiasque

381 883 616 958 incendebant.
644 881 814 976 Oppidum
840 879 944 955 eliam
970 881 1076 956 Pesth
1094 880 1278 976 spoliatum
1304 879 1443 976 ignibus
1461 878 1656 954 subiiciunt.
1685 880 1731 953 Et
1749 880 1829 954 dum
1847 902 1931 955 non·

380 1004 468 1078 nulli
496 1002 666 1099 oppidani,
702 1001 903 1096 caeterique,
943 1002 1001 1096 qui
1028 1025 1064 1078 se
1091 1025 1134 1076 ex
1160 1001 1245 1098 iuga
1270 1003 1478 1098 receperant,
1507 1001 1543 1076 iu
1570 1001 1791 1077 multitudine
1818 1001 1931 1078 decem

381 1125 527 1199 millium
553 1125 727 1200 hominum
754 1126 797 1200 ad
824 1125 1065 1201 monasterium
1092 1125 1363 1201 Praedicatorum
1391 1123 1634 1219 confugissent,
1663 1126 1698 1198 et
1724 1123 1891 1199 illiceat
1916 1165 1931 1179 ·

379 1249 433 1322 tos
458 1247 652 1322 defensione
678 1245 879 1342 interposita
913 1247 1087 1342 putarant,
1125 1247 1366 1322 'l'bartarorum
1402 1245 1513 1323 rabies
1548 1245 1786 1322 monasterium
1820 1246 1931 1341 impu-

378 1391 484 1463 gnare
511 1371 631 1445 adorsa
645 1368 684 1464 ²),
713 1369 862 1443 feciliter
888 1367 975 1442 illud
1002 1368 1181 1462 conquirit,
1209 1371 1244 1444 et
1271 1368 1383 1444 omnia
1401 1369 1464 1442 illa
1480 1369 1593 1444 decom
1619 1368 1793 1444 hominurn
1820 1367 1932 1442 millia
2067 1385 2069 1390 ·

379 1490 559 1585 permiscui
586 1513 688 1565 sexus
716 1491 796 1586 igue
824 1491 967 1566 involuit
994 1494 1029 1566 et
1055 1491 1217 1566 extinxit.
1263 1491 1352 1565 Dum
1379 1489 1498 1566 deinde
1524 1490 1560 1564 in
1587 1493 1701 1566 castra
1732 1489 1932 1565 'l'hartarioa

379 1613 480 1707 plura
513 1613 723 1708 captiuorum
759 1613 871 1687 millia
905 1635 948 1688 ex
984 1612 1160 1708 Hungaris
1194 1615 1230 1688 et
1265 1611 1402 1688 feminis
1439 1635 1554 1688 eorum
1589 1614 1735 1708 adducta
1771 1611 1929 1700 luissent,

379 1733 537 1809 mulieres
572 1735 790 1811 Thartariuae
825 1729 1021 1810 saeuissime
1056 1734 1258 1810 crudelitate
1293 1734 1329 1809 in
1356 1756 1471 1810 omnes
1506 1735 1666 1810 mulieres
1701 1733 1930 1829 Hungarioas,

378 1878 465 1946 quae
491 1856 635 1951 speciem
671 1859 731 1932 aut
766 1857 1013 1932 formositatem
1048 1857 1198 1949 aliquam
1233 1857 1356 1932 habere
1391 1855 1603 1950 uidebantur,
1640 1879 1731 1948 usae,
1763 1856 1824 1929 aut
1852 1853 1931 1929 illes

378 1977 639 2071 interficiebant,
669 1981 730 2054 aut
756 2002 849 2071 naso,
888 1979 990 2054 labiis
1017 1981 1053 2055 et
1080 1980 1228 2072 auribus,
1265 1979 1305 2052 ut
1332 1979 1497 2055 deformes
1533 1979 1758 2071 efficerentur,
1792 1969 1930 2052 trunca·

377 2101 473 2192 bant,
501 2099 642 2193 veritae,
662 2124 704 2177 ne
722 2101 786 2177 uiri
805 2124 920 2177 earum
946 2102 1056 2196 specio
1083 2104 1119 2176 et
1145 2102 1253 2176 forma
1279 2100 1384 2196 capti,
1412 2101 1497 2196 ipsis
1524 2099 1737 2196 contemptis,
1765 2099 1930 2196 alienige·
2068 2193 2069 2196 Ν

379 2221 433 2296 uis
459 2223 692 2298 adhaererent.
729 2224 795 2299 Sed
821 2226 857 2299 et
883 2224 978 2319 pueri
1006 2224 1258 2326 Thartarornm,
1288 2222 1453 2298 matribus
1480 2221 1579 2318 eos³)
1605 2221 1869 2297 informantibus
1895 2221 1930 2295 et
2068 2225 2069 2228 ‘

377 2341 634 2439 instigantibus,
673 2345 708 2418 in
745 2367 865 2440 pueros
902 2346 937 2420 et
968 2345 1198 2421 adolescentes
1233 2345 1408 2440 captorum
1445 2345 1685 2439 Hungarorum
1720 2344 1928 2435 saeviebant,

376 2465 467 2541 fuste
493 2468 595 2541 semel
622 2467 725 2560 atque
751 2467 874 2542 iterum
902 2467 1016 2562 capita
1042 2489 1156 2550 eorum
1182 2485 1289 2560 usque
1315 2467 1357 2540 ad
1384 2465 1510 2542 cerebri
1537 2465 1729 2542 effusionem
1749 2467 1927 2542 uerberan-

377 2587 438 2662 do:
475 2586 571 2680 isque
605 2589 826 2665 Thartarious
862 2611 946 2684 puer
972 2589 1183 2665 efficiebatur
1214 2587 1519 2681 commendabilior,
1557 2588 1616 2681 qui
1651 2587 1773 2663 fortine
1799 2589 1836 2663 at
1863 2610 1929 2662 uno

376 2706 447 2782 ictu
473 2708 704 2787 Christianum
732 2735 874 2807 puerum
901 2710 1072 2804 usquein
1099 2711 1241 2787 mortem
1259 2709 1457 2787 caecidisset
1471 2711 1511 2804 ⁴).

615 3077 818 3156 dornaman
847 3083 881 3154 et
907 3078 1134 3173 imperatorem
1162 3077 1526 3154 momenmentum
1554 3074 1684 3150 invasit

478 3323 580 3399 (blada
607 3321 805 3419 Hungarioa
830 3322 984 3418 uulgata,
1021 3322 1103 3396 adeo
1128 3319 1256 3398 uicinas
1282 3319 1503 3396 Almunorum
1529 3317 1685 3414 regiones
1711 3319 1822 3394 terror
1848 3339 1924 3414 per·

374 3446 520 3538 vaserat,
548 3445 589 3520 ut
615 3444 719 3520 etiam
745 3446 973 3522 Romanorum
1000 3443 1190 3540 Imperator
1216 3441 1409 3539 Fridericus
1435 3466 1457 3518 a
1483 3441 1621 3517 Summo
1647 3439 1855 3516 sollicitatus
1874 3441 1926 3535 (ut

376 3568 483 3644 ferret
509 3590 606 3664 opem
632 3567 851 3664 Christianis)
878 3566 1055 3660 Pontifioe,
1085 3589 1152 3642 non
1179 3565 1219 3642 do
1246 3565 1443 3658 resistendo,
1472 3565 1531 3640 sod
1558 3564 1598 3639 de
1624 3561 1866 3659 tranfugiendo
1892 3564 1926 3639 et

373 3688 543 3767 latitando
569 3689 793 3788 cogitationes
809 3691 838 3787 ⁶)
863 3691 1026 3768 sesemet.
1226 3686 1229 3692 ’

450 4057 520 4133 llox
545 4057 725 4150 longeriae
751 4057 886 4150 pignora
912 4057 1087 4150 praecipua
1114 4077 1156 4130 ox
1182 4057 1261 4130 llba
1287 4054 1401 4148 begali
1427 4053 1470 4127 ad
1496 4052 1681 4128 maritinae
1707 4054 1857 4147 regiam
1942 4143 1944 4148 Ι

754 4179 956 4254 transmittit
963 4202 971 4275 ;
999 4179 1129 4254 interim
1157 4178 1372 4253 bolonorum
1399 4175 1545 4248 noritur.

475 4421 552 4496 Rex
577 4421 662 4496 Bela
687 4419 728 4496 de
755 4418 884 4496 ossibus
912 4419 1112 4496 Sanctorum
1139 4441 1252 4496 curam
1271 4439 1403 4515 gerens,
1432 4417 1526 4492 misit
1548 4416 1584 4492 in
1603 4416 1727 4493 Albam
1744 4416 1921 4512 Regalem,

371 4544 407 4620 et
433 4563 553 4638 corpus
580 4541 670 4618 beati
698 4541 864 4637 Stephani
891 4563 967 4618 cum
993 4541 1138 4618 aliorum
1170 4541 1370 4618 Sanctorum
1398 4539 1529 4616 ossibus
1555 4540 1591 4615 et
1617 4538 1789 4630 clenodiis,
1819 4537 1922 4615 uesti-

372 4667 447 4756 bus,
475 4663 750 4756 ornamentisque
776 4663 937 4740 ecclesiae
964 4685 1024 4759 per
1050 4665 1238 4739 consortem
1264 4685 1361 4738 suam
1387 4661 1531 4738 Mariam
1554 4661 1724 4757 Reginam
1750 4661 1786 4736 ot
1813 4659 1922 4734 filium

371 4786 553 4882 paruulum
581 4785 748 4879 biennem,
777 4785 820 4860 ad
847 4785 1001 4882 regiones
1027 4784 1217 4860 maritimas
1244 4785 1287 4860 ad
1314 4785 1491 4880 Spalatum
1518 4783 1723 4858 transmisit.
1754 4781 1924 4878 Reginam

370 4910 499 4984 multae
525 4906 656 4983 nobiles
691 4907 865 4984 matronae
900 4909 1033 4984 sooube
1060 4909 1142 4982 sunt
1167 4929 1211 4983 ex
1237 4905 1429 5002 Hungaria.
1478 4905 1548 4981 Sub
1574 4905 1637 4981 hoc
1670 4905 1925 5001 temporalier

368 5029 592 5106 dolomannus
627 5027 770 5104 moritur
805 5027 902 5105 etin
929 5029 1131 5106 monasterio
1167 5027 1439 5105 Praedicatorum
1475 5026 1566 5123 apud
1605 5027 1844 5122 Guasumamb
1871 5047 1922 5102 se·

370 5150 510 5248 politur.
1088 5159 1093 5170 '

476 5427 500 5508 ¹)
523 5429 698 5506 applicando
721 5428 781 5490 Ed.
804 5428 891 5506 Lips.
925 5425 952 5507 ²)
968 5444 1106 5504 aggressa
1126 5424 1196 5492 Uod.
1219 5428 1312 5491 Roar.
1348 5423 1491 5507 ³)eorum
1513 5427 1574 5488 Ed.
1597 5425 1684 5505 Dipo.
1714 5423 1745 5507 ⁴)
1764 5425 1920 5498 caedisset,

373 5533 444 5603 nou.
467 5535 559 5597 Beer.
600 5529 627 5612 ⁵)
649 5535 843 5613 eogimdones
866 5549 935 5596 snas
961 5531 1032 5596 dod.
1056 5534 1149 5596 Reor.
1188 5530 1390 5615 ⁰)Ozusmam
1415 5529 1485 5596 dod.
1510 5533 1603 5596 Roas.
