4140 6298
147 543 208 642 (lb
227 541 276 624 ῦ.
296 541 416 642 lits.)
719 528 725 542 ’
760 563 871 619 amna
898 560 1092 620 enormius.

147 981 334 1058 mirra
352 979 515 1074 marrim
531 982 603 1055 liu
629 998 744 1056 noran
763 979 877 1056 linior
904 983 1123 1056 loneranlcrn
1150 981 1250 1056 illanc
1277 983 1400 1073 norint,
1428 999 1522 1075 qnam
1550 983 1703 1076 praedam

374 1105 566 1180 rotmanis·
594 1105 845 1198 svnnbpllnr
871 1105 943 1178 unx
968 1104 1028 1178 rad
1056 1104 1229 1178 infeliciter
1255 1103 1473 1199 oonrconiinr.

255 1363 453 1439 Knnimirus
479 1361 644 1459 curarim
679 1365 716 1441 od
740 1363 918 1440 Lanoioiac
954 1356 1043 1457 Duil,
1081 1364 1174 1438 iilius
1210 1359 1356 1440 Ounradi
1392 1363 1560 1439 Musonius
1586 1365 1701 1458 Ducis,

147 1485 258 1582 oopiir
284 1485 477 1578 maioribus,
515 1485 637 1580 quibus
673 1487 817 1582 poterat,
854 1486 1045 1579 contractis,
1083 1487 1272 1561 interram
1306 1486 1517 1568 Oulrrrensem
1553 1487 1702 1578 aduenit,

147 1611 187 1686 et
205 1629 281 1685 cum
299 1607 421 1682 Fratre
439 1609 597 1704 Poppono
619 1609 800 1698 crucifero,
829 1607 1069 1700 nonnullisque
1097 1608 1174 1681 aliis
1188 1608 1379 1700 cruciferis,
1409 1608 1491 1683 item
1517 1630 1591 1684 cum
1611 1603 1705 1684 Hen—
1799 1599 1800 1602 '
1830 1670 1831 1674 r

150 1730 224 1806 rico
255 1729 516 1828 Lichteretspm,
553 1729 635 1805 item
670 1729 835 1804 Druseiiff
852 1729 875 1824 ¹)
910 1729 1085 1825 (pincerna
1120 1729 1175 1803 hic
1211 1729 1313 1805 Ducis
1348 1728 1508 1808 Austriae
1544 1729 1706 1805 Fridcrici

148 1853 243 1948 erat)
270 1851 448 1947 obpansis
483 1851 684 1944 quibusdam
712 1849 791 1926 aliis
818 1851 1016 1947 peregrinis,
1054 1851 1112 1943 qui
1144 1872 1187 1926 ex
1213 1850 1364 1942 Austris,
1403 1851 1583 1928 Oruciferis
1611 1875 1706 1947 opem

150 1975 261 2048 laturi
277 1973 316 2069 ¹),
344 1973 458 2070 gratia
485 1973 700 2069 praedicatae
726 1974 841 2048 brucis
868 1977 1041 2063 uenerant,
1078 1973 1241 2048 ordinatis
1269 1974 1403 2049 aciebus
1431 1973 1663 2049 Pomeraniam
1679 1971 1708 2068 3)

151 2094 406 2191 ingrediuntur,
434 2095 659 2172 umtationem
682 2097 722 2171 de
741 2096 931 2172 (ihelmensi
958 2098 992 2172 et
1019 2093 1218 2191 Gnyauiensi
1236 2095 1337 2171 terris
1364 2095 1636 2191 Suuntopellroni
1656 2095 1707 2168 di·
1841 2173 1845 2178 ,

151 2239 225 2314 gne
252 2215 486 2294 uicissitudine
512 2215 671 2293 reinseri.
716 2219 763 2292 Et
789 2219 1007 2313 Suaniopeik
1034 2218 1167 2312 quidem
1195 2237 1270 2292 oum
1299 2217 1369 2292 suis
1397 2217 1603 2309 Pomcranis‚
1633 2237 1708 2293 cum

151 2339 330 2415 Karimiro
356 2341 392 2416 ot
418 2339 597 2416 Graciisris
624 2340 892 2449 decernens'uon
916 2359 1030 2430 ausus,
1059 2341 1260 2432 Prnthenos‚
1290 2361 1371 2433 quos
1390 2337 1423 2414 iu
1443 2339 1495 2414 sui
1514 2339 1709 2433 solatium)

152 2461 334 2555 acciverat,
364 2463 645 2557 praestolabatur.
687 2463 830 2537 Interim
858 2462 1053 2537 Karimirus
1079 2463 1158 2536 Dux
1185 2479 1260 2536 cum
1288 2461 1469 2538 cruciferis
1496 2465 1530 2538 et
1557 2461 1708 2557 peregri-

152 2584 212 2659 nis
239 2584 407 2660 militibus
434 2585 582 2680 piurima
609 2585 732 2680 oppida
758 2587 793 2660 et
820 2585 954 2680 uicos¹)
979 2607 1097 2660 norem
1124 2585 1242 2659 diebus
1269 2585 1304 2658 in
1323 2585 1522 2662 Pomerania
1553 2605 1709 2675 exurens,

155 2707 320 2802 praedam
355 2727 513 2803 magnam
540 2727 584 2782 or
611 2707 810 2782 Pomerania
825 2705 852 2802 ο)
889 2707 1041 2782 ducebat.
1087 2701 1192 2802 Quem
1220 2706 1488 2802 suantopelkns‚
1526 2706 1711 2782 Prnthenis

155 2828 429 2921 aduenientibus,
458 2827 664 2922 consecutus,
697 2831 733 2905 et
759 2853 780 2904 a
806 2829 918 2903 ironis
944 2831 980 2902 ei
1006 2849 1027 2904 a
1052 2831 1149 2923 tergo
1177 2827 1318 2903 inuadit.
1363 2829 1531 2904 Horticus
1557 2825 1711 2902 Licbter·

156 2949 304 3047 slopn⁷)
330 2953 365 3027 et
391 2951 555 3026 Druseliii
587 2951 758 3046 pincerna,
796 2951 920 3046 pracda
947 2949 982 3023 in
1010 2950 1208 3026 Pomorania
1239 2953 1340 3046 capta
1366 2951 1596 3047 praecedente,
1633 2951 1712 3025 ante

157 3072 262 3168 signa
287 3072 394 3165 ibant,
432 3095 515 3168 quos
549 3073 728 3148 Pomerani
762 3075 798 3148 ct
823 3072 988 3148 Prutheni
1025 3072 1119 3148 facili
1154 3073 1290 3168 nogotio
1317 3067 1476 3164 fundunt,
1510 3073 1711 3168 laganique.

157 3194 421 3290 Suantopollrns
448 3215 524 3270 cum
550 3195 660 3270 tribus
688 3193 880 3270 cohortibus
899 3193 934 3268 in
953 3194 1163 3270 Karimirum
1190 3197 1226 3271 ci
1252 3194 1440 3270 Ornciioros
1465 3195 1546 3270 adeo
1565 3189 1714 3298 animoso

159 3318 198 3393 nt
225 3319 420 3392 constanter
446 3316 692 3405 immolasset,
730 3319 768 3390 ut
796 3315 951 3392 nonnulii
979 3316 1122 3392 desertis
1148 3317 1333 3410 ordinibus,
1367 3317 1402 3391 in
1430 3317 1651 3412 praecipitem
1679 3337 1715 3392 ae

159 3440 283 3515 darent
309 3437 439 3534 fugam.
471 3439 557 3514 Erat
582 3437 668 3514 Duci
695 3437 868 3514 Kanimiro
895 3439 993 3514 miles
1020 3439 1157 3531 quidam
1184 3438 1329 3533 signifer
1354 3433 1524 3512 liariinns
1544 3435 1714 3512 Krusurri·

161 3560 293 3638 caensis
308 3559 347 3656 ⁸),
375 3561 431 3636 hic
456 3583 520 3636 sua
546 3561 782 3637 adhortatione
808 3562 937 3637 milites
963 3561 997 3635 in
1024 3561 1109 3637 locis
1134 3561 1313 3636 continuit.
1341 3557 1634 3652 Gesseriaitaq'ue
1653 3577 1715 3655 pn·

162 3706 246 3780 gna,
274 3683 434 3759 acerrime
461 3685 650 3780 pugnatum
665 3683 705 3780 9),
733 3687 769 3760 et
796 3686 917 3759 neutra
944 3685 1041 3778 parto
1068 3683 1186 3778 pedem
1213 3683 1391 3774 referente,
1420 3682 1588 3757 Henricus
1614 3681 1715 3756 Lich-

163 3808 320 3902 tersiepn
346 3827 422 3880 cum
449 3805 623 3881 nonnuliis
651 3806 691 3882 de
718 3804 859 3880 Austria
894 3805 1091 3900 supervenit
1126 3805 1304 3897 (Druseiiii
1328 3805 1418 3914 enim
1446 3804 1606 3900 pincerna
1633 3828 1716 3879 non·

8 4019 12 4036 ¹
165 3927 233 4003 nisi
260 3927 297 4002 in
324 3928 461 4003 ¹i¹horun
487 3929 606 4024 fugam
632 3927 752 4004 sistere
775 3929 902 4024 potuit)
928 3930 964 4003 et
983 3925 1026 4022 10)
1054 3927 1344 4022 Suaniopoliconis
1362 3926 1547 4002 exercitum
1575 3950 1595 4002 a
1622 3930 1718 4020 borgo

165 4049 306 4124 inuasit.
351 4050 473 4143 Itaque
500 4049 535 4124 in
563 4052 731 4126 momento
758 4051 1015 4146 Sirantopolkus
1051 4072 1126 4124 cum
1163 4048 1234 4122 suis
1268 4048 1435 4124 contritus
1461 4052 1524 4138 esi,
1563 4050 1598 4124 ei
1625 4049 1719 4123 mille

166 4170 367 4268 quingentis
394 4171 521 4263 occisis,
559 4172 682 4248 oastmi
710 4171 771 4246 aut
797 4171 900 4267 capti,
938 4175 998 4246 aut
1024 4172 1109 4266 iuga
1135 4170 1260 4266 dilapsi
1288 4173 1379 4245 sunt.
1425 4169 1495 4244 Sub
1521 4189 1560 4245 eo
1587 4193 1720 4262 quoquo

166 4295 320 4388 tempore
347 4291 588 4368 monasterium
615 4293 658 4368 do
684 4293 789 4366 Oiiua
814 4314 890 4366 cum
918 4292 990 4366 suis
1016 4293 1171 4389 grangiis
1197 4292 1381 4388 spoliatum
1408 4293 1641 4366 attestatum
1668 4293 1720 4366 cst

166 4415 205 4491 ei
229 4433 254 4489 n
278 4413 474 4490 Pomoranis
499 4415 535 4490 oi
560 4437 583 4490 a
607 4413 790 4490 hathonis
809 4412 864 4509 ¹¹).

278 4703 485 4791 ¹)Drnszcliii
504 4711 566 4774 Ed.
588 4709 676 4788 Lipa.
709 4707 844 4790 ¹¹iopam
865 4711 955 4772 laturi
978 4711 1056 4774 decet
1076 4713 1113 4772 iu
1138 4703 1209 4775 cod.
1232 4708 1306 4772 Aul.
1338 4706 1366 4790 8)
1388 4711 1419 4772 iu
1441 4703 1644 4773 Pomeranicm
1662 4709 1722 4772 Ed.

169 4811 258 4894 Dipo.
297 4811 325 4894 ⁴)
346 4817 486 4878 cumlium
513 4816 584 4878 (loci.
608 4817 701 4877 Roar.
740 4812 769 4892 ι)
792 4817 901 4891 oppida
922 4817 1055 4876 etnicos
1078 4816 1214 4878 deestis
1241 4811 1311 4878 θεά.
1334 4811 1407 4878 Arci.
1442 4813 1528 4894 ⁶)ea
1550 4813 1611 4876 Eri.
1633 4808 1722 4890 Lips.

173 4917 410 4999 ⁷)Lichtcrsten
429 4921 501 4984 Occi.
523 4921 598 4982 Arci.
630 4916 658 5004 ⁸)
675 4920 905 4981 cruszviciensis
924 4920 995 4982 coa.
1018 4922 1111 4982 Roar.
1145 4918 1346 4999 ⁹)pugnatum
1362 4925 1408 4980 est
1430 4917 1490 4981 Ed.
1514 4915 1602 4996 Lips·
1637 4913 1678 4996 Ν)
1693 4925 1724 4980 et

171 5027 251 5089 aaa
272 5027 308 5087 ia
333 5023 406 5088 eoa.
427 5024 502 5088 Aac.
539 5023 578 5106 ¹¹)
602 5025 759 5087 Pruthenis
781 5025 927 5087 barbaris.
954 5023 1025 5086 Ood.
1048 5025 1142 5086 Boas.

224 5541 248 5594 3.
261 5541 355 5604 hinton.
367 5543 454 5592 illator.
467 5544 546 5593 bolen.
560 5547 586 5594 Φ.
599 5544 632 5594 1L
