4246 6274
399 545 448 618 52
1015 561 1126 614 arene
1154 561 1324 624 QUINTUS·
1604 497 1606 504 ,
1664 538 1731 637 (Α.
1753 537 1797 632 D.
1819 538 1930 636 1158.)

396 753 582 848 Mpeonslao
608 753 643 826 ot
669 750 814 827 Henrioo
849 753 985 845 aooopta
1019 752 1126 841 esset,
1164 750 1350 844 Imperator
1386 749 1573 825 Friderious
1601 771 1645 822 ex
1670 771 1750 844 agro
1777 747 1932 823 Polonioo

397 875 546 970 legiones
573 875 747 964 deduoone,
778 873 813 946 in
839 871 1049 964 Almoniom,
1088 872 1205 946 multis
1241 895 1375 946 suorum
1410 871 1563 960 amissis,
1601 871 1770 946 remeavit.
1816 872 1932 962 Neque

398 998 506 1072 solum
533 995 680 1072 Ducibus
705 995 863 1070 Poloniae
890 1017 1003 1089 paoem
1031 996 1092 1068 snb
1119 993 1362 1069 oonditiooibue
1389 994 1489 1084 dedit,
1519 995 1575 1068 sod
1603 994 1709 1068 etiam
1732 993 1933 1068 affinitatem
1996 991 2001 1000 ‘

399 1141 473 1193 oum
500 1119 571 1192 illis
597 1117 721 1208 irrnxit,
748 1118 932 1214 bipoozslao
959 1116 1093 1190 llaioris
1113 1116 1269 1191 Polouiae
1288 1119 1322 1192 ot
1340 1115 1555 1192 Pomeraniae
1573 1117 1658 1190 Duoi
1685 1118 1820 1210 neptem
1838 1137 1933 1188 suam

399 1240 585 1336 Adlepdam
612 1240 718 1314 dando
745 1263 819 1332 ouum
846 1241 921 1314 dote
948 1237 1073 1333 insigni
1101 1238 1136 1312 in
1159 1241 1352 1330 consortem,
1383 1238 1489 1333 magis
1517 1238 1708 1312 diuturnam
1735 1236 1934 1314 existimans

400 1368 534 1458 paoem,¹
555 1363 597 1437 ad
623 1361 717 1438 ouius
744 1384 866 1454 aeques
893 1360 1099 1436 conditiones
1133 1361 1309 1456 sanguinis
1344 1361 1514 1435 vinoulum
1549 1359 1717 1435 adiiceret.
1772 1357 1936 1455 Purgovit

400 1485 502 1560 otiam
528 1507 563 1558 so
590 1487 671 1558 tuno
697 1484 872 1559 Boleslaus
899 1483 1056 1558 Poloniae
1082 1484 1161 1556 Dux
1188 1505 1262 1556 oum
1289 1482 1450 1557 fratribus
1482 1483 1713 1573 iureiurando,
1753 1482 1840 1573 quod
1866 1483 1934 1554 fra-

401 1611 487 1682 trem
514 1629 611 1680 soum
638 1605 862 1682 Wladislaum
891 1629 954 1679 non
983 1606 1024 1679 ad
1051 1603 1270 1700 ignominiam
1297 1599 1435 1699 Imperii
1461 1604 1659 1700 expulisset,
1688 1603 1858 1698 pollioitue
1877 1625 1935 1698 pro

402 1729 455 1803 dio
481 1727 680 1802 Natiuitatis
707 1727 832 1802 christi
865 1729 906 1802 od
934 1727 1059 1802 ouriam
1086 1727 1122 1800 in
1148 1727 1336 1822 biapdburg
1368 1726 1480 1802 venire
1518 1725 1750 1821 personaliter,
1779 1729 1814 1800 et
1840 1725 1937 1800 iuxta

402 1849 562 1925 indieiunr
587 1852 622 1924 et
648 1849 849 1924 sententiam
868 1851 1067 1924 Polonorum
1093 1853 1128 1924 et
1153 1850 1373 1924 Bohomorum
1401 1870 1499 1944 super
1527 1848 1722 1943 expulsione
1748 1847 1865 1922 fratris
1883 1846 1937 1921 sui

403 1970 584 2047 Wladislai
609 1971 807 2066 respondere
833 1973 867 2046 ot
894 1993 1020 2066 perere.
1075 1971 1234 2045 Omnibus
1269 1973 1383 2046 tamen
1420 1993 1504 2064 quae
1536 1969 1733 2066 promiserat
1759 1968 1934 2065 negleotis,

403 2116 463 2168 neo
490 2095 531 2167 ad
558 2092 684 2168 ouriam
711 2093 860 2168 Caesaris
888 2116 946 2188 pro
973 2093 1026 2167 dio
1053 2092 1235 2168 constituto
1262 2093 1365 2194 uenit,
1394 2114 1454 2167 neo
1480 2093 1686 2169 sufficientes
1713 2116 1772 2188 pro
1799 2114 1834 2167 ee
1860 2115 1936 2187 pro·

402 2217 570 2292 ou1·atores
597 2215 709 2304 mieit;
737 2215 892 2290 ltalioam
919 2217 1032 2290 tamen
1051 2215 1297 2310 expeditionem
1318 2215 1516 2310 adimplevit
1533 2215 1708 2310 magnifiee
1728 2219 1762 2288 et
1780 2214 1936 2290 animoso.

505 2336 686 2413 Anastasia
711 2337 853 2413 lluoisea
879 2337 1027 2413 Boleslai
1054 2338 1254 2412 Polonorum
1280 2337 1382 2412 Dneis
1410 2359 1551 2428 musore,
1581 2337 1650 2412 lilio
1677 2337 1777 2428 odito,
1806 2336 1860 2411 oni
1878 2359 1937 2410 no·

405 2483 480 2534 mon
506 2461 629 2535 Lestko
650 2459 672 2554 ¹)
699 2438 815 2534 datum
842 2462 902 2550 est,
932 2461 1037 2534 morte
1063 2460 1240 2554 absumpta
1266 2461 1329 2534 ost.
1357 2461 1411 2534 Ex
1438 2459 1531 2534 ouius
1559 2460 1651 2534 obitu
1669 2459 1843 2534 Boleslaue
1861 2459 1940 2532 Dux

404 2583 560 2657 diuturno
588 2581 755 2657 orueiatus
781 2603 938 2673 moerore,
966 2582 1108 2656 alteram
1135 2582 1354 2676 superducere
1380 2582 1554 2674 aliquanto
1586 2585 1734 2677 tempore
1760 2583 1939 2657 abnuebat.

507 2703 652 2799 Eolipsis
677 2703 837 2780 notabilis
863 2704 945 2779 solis
971 2727 1009 2780 eo
1036 2726 1122 2778 anno
1149 2727 1313 2778 nonarum
1328 2703 1355 2800 2)
1383 2706 1465 2780 hora
1492 2705 1667 2800 apparuit,
1695 2706 1730 2778 et
1756 2704 1941 2779 Ierusalem

404 2828 521 2902 saneta
547 2849 567 2900 a
592 2825 738 2902 Zoldano
764 2826 969 2922 Babyloniae
996 2828 1096 2921 oapta
1121 2829 1191 2920 eet,
1227 2827 1344 2901 multis
1371 2826 1634 2902 Christianorum
1670 2825 1835 2901 militibus
1867 2825 1941 2900 illio

405 2951 465 3024 aot
491 2947 688 3025 desideratis
703 2947 743 3043 ¹),
771 2951 830 3023 aut
856 2949 975 3044 oaptie.
1029 2948 1303 3024 Obeourationem
1339 2951 1452 3024 autem
1484 2949 1565 3024 eolis
1592 2950 1697 3025 fames
1723 2948 1846 3040 ualido,
1875 2970 1942 3040 qua

405 3069 555 3167 plerique
581 3071 739 3146 mortales
766 3071 953 3167 oonsumpti
980 3074 1069 3162 sunt,
1098 3073 1211 3148 seouto
1237 3073 1299 3164 est,
1328 3093 1413 3166 quae
1440 3071 1611 3147 Poloniam
1638 3073 1673 3147 ot
1699 3071 1771 3146 eius
1789 3069 1942 3166 regiones

408 3190 603 3268 notabiliter
630 3193 768 3268 afflixit.

508 3314 697 3391 Tredeoima
722 3314 919 3391 Novembris
955 3315 1095 3390 moritur
1121 3317 1289 3391 Isaaslaus
1315 3315 1550 3392 lleozislauior
1577 3315 1880 3424 Dux'Kpouiensis
1906 3316 1942 3390 et

407 3437 569 3532 sepelitur
595 3437 630 3512 in
658 3413 855 3512 monasterio
883 3439 997 3512 Sancti
1024 3439 1206 3528 Theodori,
1244 3443 1279 3514 et
1313 3439 1481 3513 lenoelons
1508 3438 1721 3513 Dauidouiou
1748 3439 1861 3512 uolens
1888 3437 1941 3511 in·

407 3563 497 3634 trare
523 3560 647 3655 Kpow,
686 3583 752 3634 non
785 3563 836 3634 est
863 3561 1045 3654 permissus
1071 3583 1091 3634 o
1117 3561 1331 3656 Wpeoueelao
1347 3561 1375 3654 ¹)
1408 3564 1442 3635 et
1467 3561 1640 3634 Msonislao
1675 3560 1757 3634 filiis
1788 3561 1942 3634 lezaslai.

406 3684 453 3756 llt
478 3681 570 3757 uenit
595 3681 807 3756 Rosoaislaus
826 3705 868 3756 ex
887 3683 1082 3757 Smolensko
1110 3683 1215 3756 frater
1242 3683 1397 3774 Iszaslai,
1426 3685 1460 3758 et
1487 3683 1708 3778 Kpouiensem
1735 3683 1864 3777 eooepit
1890 3705 1943 3757 eo·
1994 3699 2001 3708 ‘

408 3805 492 3878 dem.
538 3804 701 3889 Postheeo
736 3803 831 3878 vonit
865 3805 954 3879 Hleb
969 3803 998 3898 ⁵)
1028 3803 1162 3899 Georgii
1199 3825 1274 3878 oum
1302 3804 1517 3880 multitudino
1544 3806 1791 3880 Poloworonnm
1819 3805 1853 3878 in
1880 3806 1943 3880 Po·

406 3927 544 4002 reaslaw
577 3929 692 4000 oontra
727 3925 957 4016 Msozislaum;
1003 3929 1038 4001 et
1064 3927 1352 4003 Pereaslaviensoe
1387 3927 1520 4002 fortiter
1555 3927 1740 4002 resistendo
1783 3917 1946 4002 dimieant

407 4071 528 4139 seeum,
558 4051 592 4123 et
619 4048 758 4124 discedit
793 4049 881 4122 Hleb
898 4048 927 4142 6)
963 4071 1037 4124 oum
1074 4050 1251 4123 Polouozis
1286 4073 1326 4124 ea
1356 4052 1452 4125 nooto
1479 4072 1522 4124 ex
1549 4051 1744 4124 Pereoslau.
1787 4051 1833 4123 Et
1859 4050 1944 4123 Ros·

407 4170 550 4246 ozislaue
577 4193 747 4246 assumens
774 4192 884 4246 seeum
912 4171 1273 4247 Suanthoslankonem
1288 4171 1315 4262 ⁷)
1334 4172 1617 4247 Wsaeuoldonioa
1635 4172 1661 4264 ¹)
1680 4175 1715 4246 ot
1732 4171 1945 4246 llsozielaum

408 4291 614 4366 lezaslouioa
629 4291 668 4386 9),
697 4291 790 4366 vadit
807 4313 923 4367 uersus
942 4292 1139 4388 Ozprnpoow
1151 4293 1191 4387 ¹⁰)
1210 4297 1326 4369 eontra
1344 4294 1530 4368 Isaaslaum
1550 4293 1784 4368 Dauidouion:
1813 4295 1847 4369 ot
1865 4294 1946 4367 dum

409 4397 654 4508 pertransisset,
683 4413 858 4488 nuntiator
876 4414 938 4488 sibi
959 4436 1046 4488 mors
1065 4416 1174 4509 patrui
1194 4416 1246 4488 sui
1264 4415 1466 4510 Wpeouislai
1479 4415 1487 4453 ¹
1499 4415 1533 4508 ¹).
1561 4417 1639 4509 Ipse
1658 4418 1771 4490 autom
1793 4415 1945 4488 dimissis

408 4535 611 4610 exereitibus
637 4535 717 4626 suis,
747 4559 821 4611 oum
848 4537 1076 4611 Suantboslao
1103 4537 1283 4612 revertitur
1309 4537 1344 4610 in
1370 4539 1484 4633 Kpou,
1515 4540 1549 4610 ot
1576 4537 1610 4610 in
1638 4537 1778 4612 eooloeia
1804 4537 1946 4612 Sanctae

410 4658 553 4752 Sophiae
580 4659 701 4752 sepelit
719 4658 1029 4753 Wpeouisleum¹¹),
1058 4661 1092 4733 et
1116 4663 1250 4753 rooepta
1276 4659 1465 4754 militiam),
1494 4659 1587 4734 uadit
1605 4682 1718 4734 uersus
1736 4659 1945 4753 Gayrnpeou.

408 4781 454 4853 Et
480 4779 618 4854 audiens
645 4780 812 4854 lszaelaue
839 4779 1062 4872 Douridowion,
1092 4781 1200 4854 mittit
1227 4804 1285 4875 pro
1312 4782 1455 4876 Hleb¹¹)
1483 4781 1637 4876 Georgii,
1667 4783 1723 4872 qui
1751 4780 1845 4856 vonit
1872 4803 1948 4854 oum

408 4901 584 4975 Polouozis
609 4901 643 4974 in
670 4902 741 4976 eine
768 4902 963 4976 subsidium.
996 4904 1042 4976 Et
1068 4902 1281 4978 Rosozielaue
1308 4924 1382 4977 oum
1410 4903 1479 4978 suis
1506 4903 1708 4978 exercitibus
1735 4903 1833 4977 stetit
1859 4902 1949 4978 oiroa

517 5108 541 5186 ¹)
563 5111 677 5170 Leszko
705 5109 774 5171 Cori.
797 5113 888 5171 Roer.
935 5109 961 5183 ¹)
984 5129 1059 5172 nona
1087 5111 1156 5172 Ood.
1180 5113 1269 5174 Rorr.
1317 5109 1343 5188 3)
1366 5113 1470 5170 occisis
1497 5111 1567 5172 Ood.
1590 5113 1681 5171 Roer.
1728 5108 1754 5188 ¹)
1777 5112 1948 5171 Vieozesloo

414 5213 484 5274 Ood.
500 5217 592 5275 Roer.
614 5216 786 5276 Wenoeslao
809 5217 868 5276 Ed.
891 5217 984 5276 Dobr.
1030 5213 1056 5293 ¹)
1080 5217 1170 5276 Oleob
1194 5219 1251 5278 Ed.
1275 5218 1368 5278 Dobr.
1416 5212 1555 5293 6)01θθ1ι
1579 5215 1637 5276 Ed.
1661 5216 1754 5276 Dobr.
1802 5213 1948 5293 ⁷)Swan·

409 5320 532 5378 tosloum
561 5320 708 5381 Izaslouio
736 5321 796 5380 Ed.
819 5321 911 5380 Dobr.
958 5317 985 5398 8)
1009 5321 1270 5382 Wszeuoldorouio
1301 5323 1359 5380 Ed.
1388 5321 1481 5380 Dobr.
1527 5317 1554 5396 ¹)
1584 5321 1753 5380 Mteislanm
1774 5321 1949 5380 Dauidowle

410 5423 469 5482 Ed.
492 5425 585 5484 Dobr.
627 5422 666 5502 ¹⁰)
690 5424 867 5486 Gzernieiou
893 5424 962 5486 Ood.
986 5427 1075 5486 Roar.
1119 5421 1159 5506 ¹¹)
1181 5425 1357 5486 Wenoeslei.
1385 5426 1442 5484 Ed.
1465 5425 1577 5484 Dobr.·
1601 5421 1640 5502 ¹¹)
1663 5425 1865 5486 Wenoesleum
1891 5425 1949 5484 Ed.

410 5527 504 5592 Dobr.
547 5527 587 5612 ¹³)
611 5537 670 5594 tum
692 5549 794 5592 rursus
818 5533 939 5592 collecto
961 5531 1053 5592 milite
1080 5529 1149 5590 Cod.
1173 5531 1264 5588 Roar.
1308 5525 1348 5608 ¹¹)
1372 5531 1461 5590 Oleob
1484 5531 1542 5592 Ed.
1565 5531 1659 5592 Dobr.
