<?xml version="1.0" encoding="UTF-8"?>
<!DOCTYPE html PUBLIC "-//W3C//DTD XHTML 1.0 Transitional//EN"
    "http://www.w3.org/TR/xhtml1/DTD/xhtml1-transitional.dtd">
<html xmlns="http://www.w3.org/1999/xhtml" xml:lang="en" lang="en">
 <head>
  <title>
</title>
<meta http-equiv="Content-Type" content="text/html;charset=utf-8" />
  <meta name='ocr-system' content='tesseract 3.04.00' />
  <meta name='ocr-capabilities' content='ocr_page ocr_carea ocr_par ocr_line ocrx_word'/>
</head>
<body>
  <div class='ocr_page' id='page_1' title='image "./operaomnia02paulgoog_0352.png"; bbox 0 0 4140 6298; ppageno 0'>
   <div class='ocr_carea' id='block_1_1' title="bbox 393 541 1948 638">
    <p class='ocr_par' dir='ltr' id='par_1_1' title="bbox 393 541 1948 638">
     <span class='ocr_line' id='line_1_1' title="bbox 393 541 1948 638; baseline 0.001 -20"><span class='ocrx_word' id='word_1_1' title='bbox 393 543 469 618; x_wconf 82' lang='lat'><strong>336</strong></span> <span class='ocrx_word' id='word_1_2' title='bbox 1000 566 1112 618; x_wconf 79' lang='lat' dir='ltr'><strong>ursus</strong></span> <span class='ocrx_word' id='word_1_3' title='bbox 1139 565 1333 618; x_wconf 81' lang='lat' dir='ltr'><strong>snrrrmus.</strong></span> <span class='ocrx_word' id='word_1_4' title='bbox 1679 543 1740 637; x_wconf 88' lang='grc' dir='ltr'><strong>(Α.</strong></span> <span class='ocrx_word' id='word_1_5' title='bbox 1761 543 1807 619; x_wconf 86' lang='lat' dir='ltr'><strong>D.</strong></span> <span class='ocrx_word' id='word_1_6' title='bbox 1828 541 1948 638; x_wconf 77' lang='grc'><strong>1253.)</strong></span> 
     </span>
    </p>
   </div>
   <div class='ocr_carea' id='block_1_2' title="bbox 322 751 1947 5004">
    <p class='ocr_par' dir='ltr' id='par_1_2' title="bbox 392 751 1947 1950">
     <span class='ocr_line' id='line_1_2' title="bbox 392 751 1947 848; baseline 0.001 -21"><span class='ocrx_word' id='word_1_7' title='bbox 392 775 454 828; x_wconf 85' lang='lat' dir='ltr'><strong>sua</strong></span> <span class='ocrx_word' id='word_1_8' title='bbox 481 752 663 829; x_wconf 76' lang='lat' dir='ltr'><strong>sanctitate</strong></span> <span class='ocrx_word' id='word_1_9' title='bbox 701 751 885 847; x_wconf 91' lang='lat' dir='ltr'><strong>gloriosum</strong></span> <span class='ocrx_word' id='word_1_10' title='bbox 922 755 958 828; x_wconf 90' lang='lat' dir='ltr'><strong>et</strong></span> <span class='ocrx_word' id='word_1_11' title='bbox 994 753 1223 848; x_wconf 86' lang='lat' dir='ltr'><strong>magnificum„</strong></span> <span class='ocrx_word' id='word_1_12' title='bbox 1262 752 1524 828; x_wconf 89' lang='lat' dir='ltr'><strong>canonisaudum</strong></span> <span class='ocrx_word' id='word_1_13' title='bbox 1562 753 1756 845; x_wconf 89' lang='lat' dir='ltr'><strong>decernunt„</strong></span> <span class='ocrx_word' id='word_1_14' title='bbox 1795 755 1830 827; x_wconf 92' lang='lat' dir='ltr'><strong>et</strong></span> <span class='ocrx_word' id='word_1_15' title='bbox 1858 753 1947 828; x_wconf 94' lang='lat' dir='ltr'><strong>diem</strong></span> 
     </span>
     <span class='ocr_line' id='line_1_3' title="bbox 392 874 1947 972; baseline -0.001 -22"><span class='ocrx_word' id='word_1_16' title='bbox 392 875 595 952; x_wconf 84' lang='lat' dir='ltr'><strong>Natiuitatis</strong></span> <span class='ocrx_word' id='word_1_17' title='bbox 622 876 750 950; x_wconf 76' lang='lat' dir='ltr'><strong>Beatm</strong></span> <span class='ocrx_word' id='word_1_18' title='bbox 777 875 905 951; x_wconf 85' lang='lat' dir='ltr'><strong>Mariae</strong></span> <span class='ocrx_word' id='word_1_19' title='bbox 932 874 1098 970; x_wconf 84' lang='lat' dir='ltr'>Virginis,</span> <span class='ocrx_word' id='word_1_20' title='bbox 1137 898 1224 968; x_wconf 89' lang='lat' dir='ltr'><strong>quae</strong></span> <span class='ocrx_word' id='word_1_21' title='bbox 1259 875 1403 972; x_wconf 83' lang='lat' dir='ltr'><strong>tempori</strong></span> <span class='ocrx_word' id='word_1_22' title='bbox 1430 897 1496 968; x_wconf 87' lang='lat' dir='ltr'><strong>quo</strong></span> <span class='ocrx_word' id='word_1_23' title='bbox 1522 897 1563 952; x_wconf 92' lang='lat' dir='ltr'><strong>ea</strong></span> <span class='ocrx_word' id='word_1_24' title='bbox 1588 877 1778 970; x_wconf 78' lang='lat' dir='ltr'><strong>agebantur</strong></span> <span class='ocrx_word' id='word_1_25' title='bbox 1803 875 1947 951; x_wconf 82' lang='lat' dir='ltr'><strong>vicinior</strong></span> 
     </span>
     <span class='ocr_line' id='line_1_4' title="bbox 392 995 1945 1093; baseline 0.001 -22"><span class='ocrx_word' id='word_1_26' title='bbox 392 999 477 1086; x_wconf 89' lang='lat' dir='ltr'><strong>erat„</strong></span> <span class='ocrx_word' id='word_1_27' title='bbox 505 996 542 1071; x_wconf 89' lang='lat' dir='ltr'><strong>in</strong></span> <span class='ocrx_word' id='word_1_28' title='bbox 559 995 691 1072; x_wconf 84' lang='lat' dir='ltr'><strong>Assisio</strong></span> <span class='ocrx_word' id='word_1_29' title='bbox 717 997 817 1090; x_wconf 86' lang='lat' dir='ltr'><strong>(illuc</strong></span> <span class='ocrx_word' id='word_1_30' title='bbox 845 997 934 1072; x_wconf 92' lang='lat' dir='ltr'><strong>enim</strong></span> <span class='ocrx_word' id='word_1_31' title='bbox 962 997 1181 1072; x_wconf 75' lang='lat' dir='ltr'><strong>Innocentius</strong></span> <span class='ocrx_word' id='word_1_32' title='bbox 1208 999 1302 1093; x_wconf 87' lang='lat' dir='ltr'><strong>Papa</strong></span> <span class='ocrx_word' id='word_1_33' title='bbox 1329 1019 1445 1074; x_wconf 83' lang='lat' dir='ltr'><strong>uersus</strong></span> <span class='ocrx_word' id='word_1_34' title='bbox 1472 997 1656 1093; x_wconf 90' lang='lat' dir='ltr'><strong>Napuliam</strong></span> <span class='ocrx_word' id='word_1_35' title='bbox 1682 997 1870 1074; x_wconf 86' lang='lat' dir='ltr'><strong>exercitum</strong></span> <span class='ocrx_word' id='word_1_36' title='bbox 1889 997 1945 1072; x_wconf 91' lang='lat' dir='ltr'><strong>de·</strong></span> 
     </span>
     <span class='ocr_line' id='line_1_5' title="bbox 392 1118 1947 1216; baseline -0.001 -22"><span class='ocrx_word' id='word_1_37' title='bbox 392 1119 519 1194; x_wconf 89' lang='lat' dir='ltr'><strong>ducens</strong></span> <span class='ocrx_word' id='word_1_38' title='bbox 545 1121 708 1196; x_wconf 83' lang='lat' dir='ltr'><strong>neuturus</strong></span> <span class='ocrx_word' id='word_1_39' title='bbox 734 1122 824 1215; x_wconf 90' lang='lat' dir='ltr'><strong>erat)</strong></span> <span class='ocrx_word' id='word_1_40' title='bbox 850 1120 1074 1195; x_wconf 90' lang='lat' dir='ltr'><strong>constituunt.</strong></span> <span class='ocrx_word' id='word_1_41' title='bbox 1104 1121 1159 1194; x_wconf 89' lang='lat' dir='ltr'><strong>Ita</strong></span> <span class='ocrx_word' id='word_1_42' title='bbox 1186 1122 1321 1196; x_wconf 85' lang='lat' dir='ltr'><strong>verburn</strong></span> <span class='ocrx_word' id='word_1_43' title='bbox 1350 1119 1512 1197; x_wconf 88' lang='lat' dir='ltr'><strong>Iohannis</strong></span> <span class='ocrx_word' id='word_1_44' title='bbox 1539 1119 1730 1216; x_wconf 76' lang='lat' dir='ltr'><strong>Gayethani</strong></span> <span class='ocrx_word' id='word_1_45' title='bbox 1756 1118 1947 1196; x_wconf 75' lang='lat' dir='ltr'><strong>cardinalis</strong></span> 
     </span>
     <span class='ocr_line' id='line_1_6' title="bbox 392 1241 1946 1338; baseline 0.001 -22"><span class='ocrx_word' id='word_1_46' title='bbox 392 1241 435 1316; x_wconf 90' lang='lat' dir='ltr'><strong>ad</strong></span> <span class='ocrx_word' id='word_1_47' title='bbox 463 1241 600 1316; x_wconf 88' lang='lat' dir='ltr'><strong>nuutios</strong></span> <span class='ocrx_word' id='word_1_48' title='bbox 636 1241 864 1318; x_wconf 67' lang='lat' dir='ltr'><strong>(linconiensis</strong></span> <span class='ocrx_word' id='word_1_49' title='bbox 891 1242 1053 1318; x_wconf 88' lang='lat' dir='ltr'><strong>eeclesiae</strong></span> <span class='ocrx_word' id='word_1_50' title='bbox 1080 1242 1222 1318; x_wconf 87' lang='lat' dir='ltr'><strong>fortuito</strong></span> <span class='ocrx_word' id='word_1_51' title='bbox 1249 1244 1431 1338; x_wconf 89' lang='lat' dir='ltr'><strong>prolatum,</strong></span> <span class='ocrx_word' id='word_1_52' title='bbox 1461 1243 1678 1320; x_wconf 86' lang='lat' dir='ltr'><strong>ineffectum</strong></span> <span class='ocrx_word' id='word_1_53' title='bbox 1706 1242 1843 1338; x_wconf 92' lang='lat' dir='ltr'><strong>prodiit.</strong></span> <span class='ocrx_word' id='word_1_54' title='bbox 1880 1241 1946 1317; x_wconf 85' lang='lat' dir='ltr'><strong>Ve-</strong></span> 
     </span>
     <span class='ocr_line' id='line_1_7' title="bbox 393 1363 1945 1460; baseline 0.001 -22"><span class='ocrx_word' id='word_1_55' title='bbox 393 1363 516 1440; x_wconf 88' lang='lat' dir='ltr'><strong>rificari</strong></span> <span class='ocrx_word' id='word_1_56' title='bbox 545 1366 658 1441; x_wconf 69' lang='lat' dir='ltr'><strong>numm</strong></span> <span class='ocrx_word' id='word_1_57' title='bbox 684 1367 720 1440; x_wconf 91' lang='lat' dir='ltr'><strong>et</strong></span> <span class='ocrx_word' id='word_1_58' title='bbox 746 1365 881 1442; x_wconf 91' lang='lat' dir='ltr'><strong>defendi</strong></span> <span class='ocrx_word' id='word_1_59' title='bbox 908 1388 949 1441; x_wconf 91' lang='lat' dir='ltr'><strong>en</strong></span> <span class='ocrx_word' id='word_1_60' title='bbox 975 1387 1029 1440; x_wconf 90' lang='lat' dir='ltr'><strong>res</strong></span> <span class='ocrx_word' id='word_1_61' title='bbox 1056 1367 1180 1460; x_wconf 90' lang='lat' dir='ltr'><strong>potest„</strong></span> <span class='ocrx_word' id='word_1_62' title='bbox 1208 1365 1333 1457; x_wconf 89' lang='lat' dir='ltr'><strong>siquis</strong></span> <span class='ocrx_word' id='word_1_63' title='bbox 1361 1365 1458 1442; x_wconf 92' lang='lat' dir='ltr'><strong>illam</strong></span> <span class='ocrx_word' id='word_1_64' title='bbox 1484 1366 1673 1442; x_wconf 79' lang='lat' dir='ltr'><strong>fabulosam</strong></span> <span class='ocrx_word' id='word_1_65' title='bbox 1700 1367 1760 1440; x_wconf 92' lang='lat' dir='ltr'><strong>aut</strong></span> <span class='ocrx_word' id='word_1_66' title='bbox 1777 1387 1945 1442; x_wconf 91' lang='lat' dir='ltr'><strong>commen-</strong></span> 
     </span>
     <span class='ocr_line' id='line_1_8' title="bbox 392 1486 1946 1583; baseline 0.001 -23"><span class='ocrx_word' id='word_1_67' title='bbox 392 1486 506 1561; x_wconf 87' lang='lat' dir='ltr'><strong>titiam</strong></span> <span class='ocrx_word' id='word_1_68' title='bbox 535 1487 644 1582; x_wconf 90' lang='lat' dir='ltr'><strong>pntet,</strong></span> <span class='ocrx_word' id='word_1_69' title='bbox 672 1510 732 1582; x_wconf 91' lang='lat' dir='ltr'><strong>per</strong></span> <span class='ocrx_word' id='word_1_70' title='bbox 758 1487 893 1564; x_wconf 88' lang='lat' dir='ltr'><strong>literam</strong></span> <span class='ocrx_word' id='word_1_71' title='bbox 921 1488 1122 1583; x_wconf 82' lang='lat' dir='ltr'><strong>originalem</strong></span> <span class='ocrx_word' id='word_1_72' title='bbox 1139 1487 1174 1581; x_wconf 84' lang='lat'><strong>¹),</strong></span> <span class='ocrx_word' id='word_1_73' title='bbox 1204 1511 1263 1583; x_wconf 90' lang='lat' dir='ltr'><strong>per</strong></span> <span class='ocrx_word' id='word_1_74' title='bbox 1281 1489 1470 1582; x_wconf 86' lang='lat' dir='ltr'><strong>praefatum</strong></span> <span class='ocrx_word' id='word_1_75' title='bbox 1497 1489 1683 1564; x_wconf 89' lang='lat' dir='ltr'><strong>Iohannem</strong></span> <span class='ocrx_word' id='word_1_76' title='bbox 1709 1487 1946 1583; x_wconf 79' lang='lat' dir='ltr'><strong>Gayethanum</strong></span> 
     </span>
     <span class='ocr_line' id='line_1_9' title="bbox 393 1607 1946 1705; baseline -0.001 -21"><span class='ocrx_word' id='word_1_77' title='bbox 393 1607 605 1684; x_wconf 82' lang='lat' dir='ltr'><strong>ilardiualem</strong></span> <span class='ocrx_word' id='word_1_78' title='bbox 633 1610 848 1686; x_wconf 88' lang='lat' dir='ltr'><strong>Prendothae</strong></span> <span class='ocrx_word' id='word_1_79' title='bbox 878 1609 1034 1705; x_wconf 90' lang='lat' dir='ltr'><strong>episcopo</strong></span> <span class='ocrx_word' id='word_1_80' title='bbox 1061 1611 1096 1683; x_wconf 91' lang='lat' dir='ltr'><strong>et</strong></span> <span class='ocrx_word' id='word_1_81' title='bbox 1123 1609 1280 1704; x_wconf 75' lang='lat' dir='ltr'><strong>Capitale</strong></span> <span class='ocrx_word' id='word_1_82' title='bbox 1307 1609 1516 1686; x_wconf 78' lang='lat' dir='ltr'><strong>Oraceuieusi</strong></span> <span class='ocrx_word' id='word_1_83' title='bbox 1545 1610 1580 1684; x_wconf 93' lang='lat' dir='ltr'><strong>iu</strong></span> <span class='ocrx_word' id='word_1_84' title='bbox 1607 1631 1811 1705; x_wconf 83' lang='lat' dir='ltr'><strong>pergameno</strong></span> <span class='ocrx_word' id='word_1_85' title='bbox 1839 1608 1946 1703; x_wconf 92' lang='lat' dir='ltr'><strong>scrip·</strong></span> 
     </span>
     <span class='ocr_line' id='line_1_10' title="bbox 393 1729 1945 1826; baseline 0 -22"><span class='ocrx_word' id='word_1_86' title='bbox 393 1731 464 1804; x_wconf 90' lang='lat' dir='ltr'><strong>tam</strong></span> <span class='ocrx_word' id='word_1_87' title='bbox 480 1729 519 1825; x_wconf 75' lang='lat'><strong>²),</strong></span> <span class='ocrx_word' id='word_1_88' title='bbox 548 1752 608 1826; x_wconf 93' lang='lat' dir='ltr'><strong>per</strong></span> <span class='ocrx_word' id='word_1_89' title='bbox 635 1753 695 1806; x_wconf 90' lang='lat' dir='ltr'><strong>uos</strong></span> <span class='ocrx_word' id='word_1_90' title='bbox 721 1731 933 1826; x_wconf 87' lang='lat' dir='ltr'><strong>frequentius</strong></span> <span class='ocrx_word' id='word_1_91' title='bbox 959 1732 1066 1807; x_wconf 85' lang='lat' dir='ltr'><strong>risam</strong></span> <span class='ocrx_word' id='word_1_92' title='bbox 1085 1733 1120 1807; x_wconf 91' lang='lat' dir='ltr'><strong>et</strong></span> <span class='ocrx_word' id='word_1_93' title='bbox 1137 1733 1378 1808; x_wconf 87' lang='lat' dir='ltr'><strong>contrectatam</strong></span> <span class='ocrx_word' id='word_1_94' title='bbox 1395 1729 1434 1826; x_wconf 86' lang='lat'><strong>³),</strong></span> <span class='ocrx_word' id='word_1_95' title='bbox 1465 1732 1499 1806; x_wconf 88' lang='lat' dir='ltr'><strong>iu</strong></span> <span class='ocrx_word' id='word_1_96' title='bbox 1526 1732 1660 1808; x_wconf 91' lang='lat' dir='ltr'><strong>scriniis</strong></span> <span class='ocrx_word' id='word_1_97' title='bbox 1687 1731 1848 1808; x_wconf 88' lang='lat' dir='ltr'><strong>ecclesiae</strong></span> <span class='ocrx_word' id='word_1_98' title='bbox 1866 1731 1945 1805; x_wconf 82' lang='lat' dir='ltr'><strong>(lra-</strong></span> 
     </span>
     <span class='ocr_line' id='line_1_11' title="bbox 392 1853 1384 1950; baseline 0.002 -22"><span class='ocrx_word' id='word_1_99' title='bbox 392 1853 555 1928; x_wconf 79' lang='lat' dir='ltr'><strong>couiensis</strong></span> <span class='ocrx_word' id='word_1_100' title='bbox 582 1853 763 1949; x_wconf 90' lang='lat' dir='ltr'><strong>repositam</strong></span> <span class='ocrx_word' id='word_1_101' title='bbox 780 1854 817 1950; x_wconf 83' lang='lat'><strong>¹),</strong></span> <span class='ocrx_word' id='word_1_102' title='bbox 847 1855 942 1930; x_wconf 91' lang='lat' dir='ltr'><strong>cuius</strong></span> <span class='ocrx_word' id='word_1_103' title='bbox 958 1854 985 1949; x_wconf 86' lang='lat'><strong>⁵)</strong></span> <span class='ocrx_word' id='word_1_104' title='bbox 1012 1854 1082 1930; x_wconf 88' lang='lat' dir='ltr'><strong>tale</strong></span> <span class='ocrx_word' id='word_1_105' title='bbox 1110 1857 1163 1928; x_wconf 91' lang='lat' dir='ltr'><strong>est</strong></span> <span class='ocrx_word' id='word_1_106' title='bbox 1190 1856 1384 1950; x_wconf 84' lang='lat' dir='ltr'><strong>exemplar:</strong></span> 
     </span>
    </p>

    <p class='ocr_par' dir='ltr' id='par_1_3' title="bbox 322 1975 1947 5004">
     <span class='ocr_line' id='line_1_12' title="bbox 502 1975 1945 2073; baseline -0.002 -22"><span class='ocrx_word' id='word_1_107' title='bbox 502 1976 716 2064; x_wconf 84' lang='lat' dir='ltr'><strong>„Venerabili</strong></span> <span class='ocrx_word' id='word_1_108' title='bbox 743 1976 778 2050; x_wconf 90' lang='lat' dir='ltr'><strong>in</strong></span> <span class='ocrx_word' id='word_1_109' title='bbox 806 1977 938 2051; x_wconf 86' lang='lat' dir='ltr'><strong>Ohristo</strong></span> <span class='ocrx_word' id='word_1_110' title='bbox 971 1977 1060 2072; x_wconf 91' lang='lat' dir='ltr'><strong>patri</strong></span> <span class='ocrx_word' id='word_1_111' title='bbox 1097 1979 1132 2050; x_wconf 90' lang='lat' dir='ltr'><strong>et</strong></span> <span class='ocrx_word' id='word_1_112' title='bbox 1158 1977 1264 2054; x_wconf 91' lang='lat' dir='ltr'><strong>amieo</strong></span> <span class='ocrx_word' id='word_1_113' title='bbox 1300 1977 1496 2053; x_wconf 89' lang='lat' dir='ltr'><strong>charissimo</strong></span> <span class='ocrx_word' id='word_1_114' title='bbox 1532 1977 1687 2073; x_wconf 90' lang='lat' dir='ltr'><strong>episcopo</strong></span> <span class='ocrx_word' id='word_1_115' title='bbox 1723 1975 1945 2066; x_wconf 73' lang='lat' dir='ltr'><strong>cracoviensi,</strong></span> 
     </span>
     <span class='ocr_line' id='line_1_13' title="bbox 397 2095 1946 2195; baseline -0.001 -23"><span class='ocrx_word' id='word_1_116' title='bbox 397 2100 453 2186; x_wconf 85' lang='lat' dir='ltr'><strong>„et</strong></span> <span class='ocrx_word' id='word_1_117' title='bbox 487 2098 635 2173; x_wconf 92' lang='lat' dir='ltr'><strong>eiusdem</strong></span> <span class='ocrx_word' id='word_1_118' title='bbox 680 2098 840 2174; x_wconf 91' lang='lat' dir='ltr'><strong>ecclesiae</strong></span> <span class='ocrx_word' id='word_1_119' title='bbox 876 2099 1053 2195; x_wconf 80' lang='lat' dir='ltr'><strong>(lapitulo,</strong></span> <span class='ocrx_word' id='word_1_120' title='bbox 1091 2100 1197 2174; x_wconf 90' lang='lat' dir='ltr'><strong>frater</strong></span> <span class='ocrx_word' id='word_1_121' title='bbox 1233 2101 1402 2175; x_wconf 90' lang='lat' dir='ltr'><strong>lohannes</strong></span> <span class='ocrx_word' id='word_1_122' title='bbox 1447 2100 1660 2176; x_wconf 92' lang='lat' dir='ltr'><strong>miseratione</strong></span> <span class='ocrx_word' id='word_1_123' title='bbox 1695 2095 1810 2174; x_wconf 84' lang='lat' dir='ltr'><strong>divina</strong></span> <span class='ocrx_word' id='word_1_124' title='bbox 1850 2098 1946 2172; x_wconf 91' lang='lat' dir='ltr'><strong>tituli</strong></span> 
     </span>
     <span class='ocr_line' id='line_1_14' title="bbox 397 2221 1944 2318; baseline 0 -24"><span class='ocrx_word' id='word_1_125' title='bbox 397 2221 536 2308; x_wconf 85' lang='lat' dir='ltr'><strong>„Sancti</strong></span> <span class='ocrx_word' id='word_1_126' title='bbox 571 2221 749 2296; x_wconf 90' lang='lat' dir='ltr'><strong>Laurentii</strong></span> <span class='ocrx_word' id='word_1_127' title='bbox 785 2222 820 2294; x_wconf 92' lang='lat' dir='ltr'><strong>in</strong></span> <span class='ocrx_word' id='word_1_128' title='bbox 856 2221 985 2296; x_wconf 87' lang='lat' dir='ltr'><strong>Lucina</strong></span> <span class='ocrx_word' id='word_1_129' title='bbox 1020 2223 1195 2318; x_wconf 80' lang='lat' dir='ltr'><strong>presbyter·</strong></span> <span class='ocrx_word' id='word_1_130' title='bbox 1231 2223 1437 2314; x_wconf 77' lang='lat' dir='ltr'><strong>fluminalis,</strong></span> <span class='ocrx_word' id='word_1_131' title='bbox 1471 2223 1635 2314; x_wconf 89' lang='lat' dir='ltr'><strong>Salutem,</strong></span> <span class='ocrx_word' id='word_1_132' title='bbox 1672 2223 1708 2297; x_wconf 89' lang='lat' dir='ltr'><strong>et</strong></span> <span class='ocrx_word' id='word_1_133' title='bbox 1743 2221 1944 2295; x_wconf 86' lang='lat' dir='ltr'><strong>Poleuorum</strong></span> 
     </span>
     <span class='ocr_line' id='line_1_15' title="bbox 397 2342 1944 2440; baseline 0.001 -24"><span class='ocrx_word' id='word_1_134' title='bbox 397 2343 545 2436; x_wconf 82' lang='lat' dir='ltr'><strong>„Regem</strong></span> <span class='ocrx_word' id='word_1_135' title='bbox 573 2342 719 2438; x_wconf 89' lang='lat' dir='ltr'><strong>glorioso</strong></span> <span class='ocrx_word' id='word_1_136' title='bbox 746 2344 884 2418; x_wconf 91' lang='lat' dir='ltr'><strong>laudum</strong></span> <span class='ocrx_word' id='word_1_137' title='bbox 912 2344 1062 2419; x_wconf 86' lang='lat' dir='ltr'><strong>uenerari</strong></span> <span class='ocrx_word' id='word_1_138' title='bbox 1091 2345 1278 2439; x_wconf 87' lang='lat' dir='ltr'><strong>praeconio,</strong></span> <span class='ocrx_word' id='word_1_139' title='bbox 1308 2345 1364 2438; x_wconf 91' lang='lat' dir='ltr'><strong>qui</strong></span> <span class='ocrx_word' id='word_1_140' title='bbox 1385 2345 1568 2420; x_wconf 86' lang='lat' dir='ltr'><strong>finitimum</strong></span> <span class='ocrx_word' id='word_1_141' title='bbox 1595 2366 1733 2440; x_wconf 83' lang='lat' dir='ltr'><strong>gregem</strong></span> <span class='ocrx_word' id='word_1_142' title='bbox 1760 2342 1861 2418; x_wconf 81' lang='lat' dir='ltr'><strong>ovilis</strong></span> <span class='ocrx_word' id='word_1_143' title='bbox 1888 2343 1944 2417; x_wconf 94' lang='lat' dir='ltr'><strong>do·</strong></span> 
     </span>
     <span class='ocr_line' id='line_1_16' title="bbox 397 2462 1947 2562; baseline -0.001 -24"><span class='ocrx_word' id='word_1_144' title='bbox 397 2463 533 2552; x_wconf 85' lang='lat' dir='ltr'><strong>„mimici</strong></span> <span class='ocrx_word' id='word_1_145' title='bbox 561 2463 601 2540; x_wconf 92' lang='lat' dir='ltr'><strong>de</strong></span> <span class='ocrx_word' id='word_1_146' title='bbox 628 2465 757 2560; x_wconf 89' lang='lat' dir='ltr'><strong>insigni</strong></span> <span class='ocrx_word' id='word_1_147' title='bbox 784 2465 952 2542; x_wconf 86' lang='lat' dir='ltr'><strong>decorauit</strong></span> <span class='ocrx_word' id='word_1_148' title='bbox 980 2469 1128 2562; x_wconf 81' lang='lat' dir='ltr'><strong>martyre</strong></span> <span class='ocrx_word' id='word_1_149' title='bbox 1155 2467 1338 2542; x_wconf 85' lang='lat' dir='ltr'><strong>Stanislao.</strong></span> <span class='ocrx_word' id='word_1_150' title='bbox 1382 2468 1409 2541; x_wconf 93' lang='lat'>0</span> <span class='ocrx_word' id='word_1_151' title='bbox 1437 2466 1618 2542; x_wconf 91' lang='lat' dir='ltr'><strong>iucundum</strong></span> <span class='ocrx_word' id='word_1_152' title='bbox 1645 2465 1778 2541; x_wconf 81' lang='lat' dir='ltr'><strong>diviuae</strong></span> <span class='ocrx_word' id='word_1_153' title='bbox 1805 2462 1947 2560; x_wconf 88' lang='lat' dir='ltr'><strong>pietatis</strong></span> 
     </span>
     <span class='ocr_line' id='line_1_17' title="bbox 397 2585 1945 2680; baseline 0 -21"><span class='ocrx_word' id='word_1_154' title='bbox 397 2585 590 2679; x_wconf 76' lang='lat' dir='ltr'><strong>„iudicium</strong></span> <span class='ocrx_word' id='word_1_155' title='bbox 621 2589 710 2680; x_wconf 88' lang='lat' dir='ltr'><strong>quod</strong></span> <span class='ocrx_word' id='word_1_156' title='bbox 736 2589 915 2663; x_wconf 90' lang='lat' dir='ltr'><strong>Boleslaus</strong></span> <span class='ocrx_word' id='word_1_157' title='bbox 941 2589 1103 2666; x_wconf 84' lang='lat' dir='ltr'><strong>uincendo</strong></span> <span class='ocrx_word' id='word_1_158' title='bbox 1130 2589 1288 2680; x_wconf 87' lang='lat' dir='ltr'><strong>uincitur,</strong></span> <span class='ocrx_word' id='word_1_159' title='bbox 1325 2590 1404 2662; x_wconf 86' lang='lat' dir='ltr'><strong>duur</strong></span> <span class='ocrx_word' id='word_1_160' title='bbox 1432 2611 1475 2666; x_wconf 83' lang='lat' dir='ltr'><strong>ex</strong></span> <span class='ocrx_word' id='word_1_161' title='bbox 1502 2588 1574 2662; x_wconf 92' lang='lat' dir='ltr'><strong>oius</strong></span> <span class='ocrx_word' id='word_1_162' title='bbox 1601 2587 1728 2663; x_wconf 91' lang='lat' dir='ltr'><strong>erudeli</strong></span> <span class='ocrx_word' id='word_1_163' title='bbox 1756 2585 1945 2660; x_wconf 90' lang='lat' dir='ltr'><strong>ministerio</strong></span> 
     </span>
     <span class='ocr_line' id='line_1_18' title="bbox 397 2707 1946 2806; baseline -0.001 -25"><span class='ocrx_word' id='word_1_164' title='bbox 397 2711 645 2804; x_wconf 77' lang='lat' dir='ltr'><strong>„protomartyr</strong></span> <span class='ocrx_word' id='word_1_165' title='bbox 678 2709 814 2784; x_wconf 91' lang='lat' dir='ltr'><strong>Polouis</strong></span> <span class='ocrx_word' id='word_1_166' title='bbox 842 2711 1000 2806; x_wconf 91' lang='lat' dir='ltr'><strong>egregius</strong></span> <span class='ocrx_word' id='word_1_167' title='bbox 1027 2711 1166 2786; x_wconf 90' lang='lat' dir='ltr'><strong>mirifice</strong></span> <span class='ocrx_word' id='word_1_168' title='bbox 1194 2710 1419 2786; x_wconf 88' lang='lat' dir='ltr'><strong>ministratur.</strong></span> <span class='ocrx_word' id='word_1_169' title='bbox 1456 2709 1655 2786; x_wconf 77' lang='lat' dir='ltr'><strong>Gratulatur</strong></span> <span class='ocrx_word' id='word_1_170' title='bbox 1681 2707 1884 2802; x_wconf 75' lang='lat' dir='ltr'><strong>Gracouia⁶i</strong></span> <span class='ocrx_word' id='word_1_171' title='bbox 1911 2730 1946 2781; x_wconf 91' lang='lat' dir='ltr'><strong>se</strong></span> 
     </span>
     <span class='ocr_line' id='line_1_19' title="bbox 397 2829 1945 2928; baseline -0.001 -24"><span class='ocrx_word' id='word_1_172' title='bbox 397 2829 525 2920; x_wconf 90' lang='lat' dir='ltr'><strong>„tantis</strong></span> <span class='ocrx_word' id='word_1_173' title='bbox 562 2831 790 2926; x_wconf 90' lang='lat' dir='ltr'><strong>prodigiorum</strong></span> <span class='ocrx_word' id='word_1_174' title='bbox 827 2833 973 2907; x_wconf 89' lang='lat' dir='ltr'><strong>feliciter</strong></span> <span class='ocrx_word' id='word_1_175' title='bbox 1008 2833 1217 2908; x_wconf 91' lang='lat' dir='ltr'><strong>illustratam</strong></span> <span class='ocrx_word' id='word_1_176' title='bbox 1254 2833 1499 2928; x_wconf 87' lang='lat' dir='ltr'><strong>splendoribus,</strong></span> <span class='ocrx_word' id='word_1_177' title='bbox 1537 2835 1571 2907; x_wconf 91' lang='lat' dir='ltr'><strong>et</strong></span> <span class='ocrx_word' id='word_1_178' title='bbox 1607 2831 1658 2907; x_wconf 86' lang='lat' dir='ltr'><strong>Ita</strong></span> <span class='ocrx_word' id='word_1_179' title='bbox 1692 2831 1945 2908; x_wconf 87' lang='lat' dir='ltr'><strong>eomscnntibua</strong></span> 
     </span>
     <span class='ocr_line' id='line_1_20' title="bbox 397 2952 1944 3049; baseline -0.001 -23"><span class='ocrx_word' id='word_1_180' title='bbox 397 2952 617 3047; x_wconf 88' lang='lat' dir='ltr'><strong>„insignitam</strong></span> <span class='ocrx_word' id='word_1_181' title='bbox 655 2954 804 3046; x_wconf 90' lang='lat' dir='ltr'><strong>undique</strong></span> <span class='ocrx_word' id='word_1_182' title='bbox 838 2955 1023 3047; x_wconf 76' lang='lat' dir='ltr'><strong>amirmulin„</strong></span> <span class='ocrx_word' id='word_1_183' title='bbox 1060 2978 1201 3049; x_wconf 89' lang='lat' dir='ltr'><strong>quorum</strong></span> <span class='ocrx_word' id='word_1_184' title='bbox 1238 2955 1469 3030; x_wconf 89' lang='lat' dir='ltr'><strong>multitudinis</strong></span> <span class='ocrx_word' id='word_1_185' title='bbox 1504 2953 1678 3030; x_wconf 88' lang='lat' dir='ltr'><strong>sufficiens</strong></span> <span class='ocrx_word' id='word_1_186' title='bbox 1713 2957 1766 3029; x_wconf 91' lang='lat' dir='ltr'><strong>cst</strong></span> <span class='ocrx_word' id='word_1_187' title='bbox 1793 2974 1944 3029; x_wconf 80' lang='lat' dir='ltr'><strong>aceruus.</strong></span> 
     </span>
     <span class='ocr_line' id='line_1_21' title="bbox 396 3075 1945 3173; baseline -0.001 -23"><span class='ocrx_word' id='word_1_188' title='bbox 396 3076 580 3164; x_wconf 79' lang='lat' dir='ltr'><strong>„Laetetur</strong></span> <span class='ocrx_word' id='word_1_189' title='bbox 614 3077 756 3152; x_wconf 91' lang='lat' dir='ltr'><strong>ecclesia</strong></span> <span class='ocrx_word' id='word_1_190' title='bbox 792 3077 997 3152; x_wconf 88' lang='lat' dir='ltr'><strong>cathedralis</strong></span> <span class='ocrx_word' id='word_1_191' title='bbox 1013 3077 1062 3173; x_wconf 73' lang='grc'><strong>7),</strong></span> <span class='ocrx_word' id='word_1_192' title='bbox 1101 3078 1154 3151; x_wconf 92' lang='lat' dir='ltr'><strong>cui</strong></span> <span class='ocrx_word' id='word_1_193' title='bbox 1191 3077 1302 3154; x_wconf 89' lang='lat' dir='ltr'><strong>iustus</strong></span> <span class='ocrx_word' id='word_1_194' title='bbox 1338 3077 1462 3152; x_wconf 88' lang='lat' dir='ltr'><strong>titulus</strong></span> <span class='ocrx_word' id='word_1_195' title='bbox 1498 3079 1533 3154; x_wconf 89' lang='lat' dir='ltr'><strong>et</strong></span> <span class='ocrx_word' id='word_1_196' title='bbox 1568 3079 1655 3152; x_wconf 89' lang='lat' dir='ltr'><strong>bona</strong></span> <span class='ocrx_word' id='word_1_197' title='bbox 1690 3075 1773 3152; x_wconf 88' lang='lat' dir='ltr'><strong>fides</strong></span> <span class='ocrx_word' id='word_1_198' title='bbox 1808 3077 1945 3171; x_wconf 88' lang='lat' dir='ltr'><strong>glebam</strong></span> 
     </span>
     <span class='ocr_line' id='line_1_22' title="bbox 396 3197 1943 3296; baseline -0.001 -25"><span class='ocrx_word' id='word_1_199' title='bbox 396 3197 533 3286; x_wconf 89' lang='lat' dir='ltr'><strong>„Sancti</strong></span> <span class='ocrx_word' id='word_1_200' title='bbox 561 3197 742 3294; x_wconf 89' lang='lat' dir='ltr'><strong>pretiosam</strong></span> <span class='ocrx_word' id='word_1_201' title='bbox 779 3200 934 3276; x_wconf 89' lang='lat' dir='ltr'><strong>totaliter</strong></span> <span class='ocrx_word' id='word_1_202' title='bbox 968 3199 1200 3295; x_wconf 82' lang='lat' dir='ltr'><strong>appropriavit</strong></span> <span class='ocrx_word' id='word_1_203' title='bbox 1236 3223 1311 3276; x_wconf 92' lang='lat' dir='ltr'><strong>cum</strong></span> <span class='ocrx_word' id='word_1_204' title='bbox 1347 3199 1611 3296; x_wconf 86' lang='lat' dir='ltr'><strong>praescriptione</strong></span> <span class='ocrx_word' id='word_1_205' title='bbox 1647 3198 1742 3294; x_wconf 92' lang='lat' dir='ltr'><strong>longi</strong></span> <span class='ocrx_word' id='word_1_206' title='bbox 1768 3197 1943 3293; x_wconf 88' lang='lat' dir='ltr'><strong>temporis:</strong></span> 
     </span>
     <span class='ocr_line' id='line_1_23' title="bbox 397 3319 1943 3417; baseline -0.001 -23"><span class='ocrx_word' id='word_1_207' title='bbox 397 3342 460 3408; x_wconf 87' lang='lat' dir='ltr'><strong>„ex</strong></span> <span class='ocrx_word' id='word_1_208' title='bbox 488 3319 583 3396; x_wconf 93' lang='lat' dir='ltr'><strong>cuius</strong></span> <span class='ocrx_word' id='word_1_209' title='bbox 611 3320 702 3396; x_wconf 81' lang='lat' dir='ltr'><strong>felici</strong></span> <span class='ocrx_word' id='word_1_210' title='bbox 730 3322 923 3417; x_wconf 86' lang='lat' dir='ltr'><strong>praesentia</strong></span> <span class='ocrx_word' id='word_1_211' title='bbox 949 3347 1016 3398; x_wconf 89' lang='lat' dir='ltr'><strong>non</strong></span> <span class='ocrx_word' id='word_1_212' title='bbox 1044 3324 1152 3398; x_wconf 90' lang='lat' dir='ltr'><strong>solum</strong></span> <span class='ocrx_word' id='word_1_213' title='bbox 1180 3323 1340 3398; x_wconf 89' lang='lat' dir='ltr'><strong>accrescit</strong></span> <span class='ocrx_word' id='word_1_214' title='bbox 1366 3324 1437 3396; x_wconf 92' lang='lat' dir='ltr'><strong>loco</strong></span> <span class='ocrx_word' id='word_1_215' title='bbox 1465 3321 1639 3413; x_wconf 89' lang='lat' dir='ltr'><strong>sauctitas„</strong></span> <span class='ocrx_word' id='word_1_216' title='bbox 1669 3319 1769 3414; x_wconf 80' lang='lat' dir='ltr'><strong>sed⁸)</strong></span> <span class='ocrx_word' id='word_1_217' title='bbox 1797 3343 1842 3395; x_wconf 86' lang='lat' dir='ltr'><strong>ex</strong></span> <span class='ocrx_word' id='word_1_218' title='bbox 1873 3341 1943 3394; x_wconf 89' lang='lat' dir='ltr'><strong>cro·</strong></span> 
     </span>
     <span class='ocr_line' id='line_1_24' title="bbox 397 3443 1944 3540; baseline -0.001 -24"><span class='ocrx_word' id='word_1_219' title='bbox 397 3445 478 3531; x_wconf 89' lang='lat' dir='ltr'><strong>„bra</strong></span> <span class='ocrx_word' id='word_1_220' title='bbox 505 3443 623 3540; x_wconf 92' lang='lat' dir='ltr'><strong>populi</strong></span> <span class='ocrx_word' id='word_1_221' title='bbox 650 3444 854 3520; x_wconf 84' lang='lat' dir='ltr'><strong>confluentia</strong></span> <span class='ocrx_word' id='word_1_222' title='bbox 869 3445 908 3540; x_wconf 80' lang='grc'><strong>9),</strong></span> <span class='ocrx_word' id='word_1_223' title='bbox 939 3445 1047 3520; x_wconf 87' lang='lat' dir='ltr'><strong>famae</strong></span> <span class='ocrx_word' id='word_1_224' title='bbox 1075 3445 1284 3520; x_wconf 82' lang='lat' dir='ltr'><strong>foecunditas</strong></span> <span class='ocrx_word' id='word_1_225' title='bbox 1311 3447 1346 3521; x_wconf 93' lang='lat' dir='ltr'><strong>et</strong></span> <span class='ocrx_word' id='word_1_226' title='bbox 1372 3445 1520 3520; x_wconf 88' lang='lat' dir='ltr'><strong>honoris.</strong></span> <span class='ocrx_word' id='word_1_227' title='bbox 1549 3443 1700 3520; x_wconf 80' lang='lat' dir='ltr'><strong>Gaudete</strong></span> <span class='ocrx_word' id='word_1_228' title='bbox 1717 3465 1776 3518; x_wconf 83' lang='lat' dir='ltr'><strong>uos</strong></span> <span class='ocrx_word' id='word_1_229' title='bbox 1793 3445 1830 3518; x_wconf 88' lang='lat' dir='ltr'><strong>et</strong></span> <span class='ocrx_word' id='word_1_230' title='bbox 1847 3443 1944 3518; x_wconf 86' lang='lat' dir='ltr'><strong>exul·</strong></span> 
     </span>
     <span class='ocr_line' id='line_1_25' title="bbox 396 3565 1944 3663; baseline -0.002 -24"><span class='ocrx_word' id='word_1_231' title='bbox 396 3567 488 3654; x_wconf 73' lang='lat' dir='ltr'><strong>„tam</strong></span> <span class='ocrx_word' id='word_1_232' title='bbox 515 3566 719 3661; x_wconf 91' lang='lat' dir='ltr'><strong>specialiter,</strong></span> <span class='ocrx_word' id='word_1_233' title='bbox 757 3568 816 3660; x_wconf 92' lang='lat' dir='ltr'><strong>qui</strong></span> <span class='ocrx_word' id='word_1_234' title='bbox 842 3568 1061 3662; x_wconf 88' lang='lat' dir='ltr'><strong>quadriennio</strong></span> <span class='ocrx_word' id='word_1_235' title='bbox 1089 3568 1156 3642; x_wconf 91' lang='lat' dir='ltr'><strong>iam</strong></span> <span class='ocrx_word' id='word_1_236' title='bbox 1192 3569 1307 3662; x_wconf 91' lang='lat' dir='ltr'><strong>elapso</strong></span> <span class='ocrx_word' id='word_1_237' title='bbox 1335 3591 1394 3663; x_wconf 93' lang='lat' dir='ltr'><strong>pro</strong></span> <span class='ocrx_word' id='word_1_238' title='bbox 1421 3567 1512 3642; x_wconf 88' lang='lat' dir='ltr'><strong>tanti</strong></span> <span class='ocrx_word' id='word_1_239' title='bbox 1548 3565 1656 3661; x_wconf 92' lang='lat' dir='ltr'><strong>patris</strong></span> <span class='ocrx_word' id='word_1_240' title='bbox 1690 3565 1944 3641; x_wconf 89' lang='lat' dir='ltr'><strong>canonisatione</strong></span> 
     </span>
     <span class='ocr_line' id='line_1_26' title="bbox 396 3685 1944 3783; baseline 0 -21"><span class='ocrx_word' id='word_1_241' title='bbox 396 3687 500 3777; x_wconf 89' lang='lat' dir='ltr'><strong>„totis</strong></span> <span class='ocrx_word' id='word_1_242' title='bbox 518 3688 645 3764; x_wconf 85' lang='lat' dir='ltr'><strong>uiribus</strong></span> <span class='ocrx_word' id='word_1_243' title='bbox 665 3689 854 3782; x_wconf 88' lang='lat' dir='ltr'><strong>laborastis,</strong></span> <span class='ocrx_word' id='word_1_244' title='bbox 884 3693 923 3764; x_wconf 95' lang='lat' dir='ltr'><strong>ut</strong></span> <span class='ocrx_word' id='word_1_245' title='bbox 949 3691 1190 3766; x_wconf 88' lang='lat' dir='ltr'><strong>asscriberetur</strong></span> <span class='ocrx_word' id='word_1_246' title='bbox 1216 3691 1414 3764; x_wconf 88' lang='lat' dir='ltr'><strong>Sanctorum</strong></span> <span class='ocrx_word' id='word_1_247' title='bbox 1442 3690 1615 3783; x_wconf 90' lang='lat' dir='ltr'><strong>catalogo:</strong></span> <span class='ocrx_word' id='word_1_248' title='bbox 1643 3685 1944 3780; x_wconf 79' lang='lat' dir='ltr'><strong>constituentes¹¹)</strong></span> 
     </span>
     <span class='ocr_line' id='line_1_27' title="bbox 396 3809 1943 3916; baseline -0.001 -32"><span class='ocrx_word' id='word_1_249' title='bbox 396 3814 666 3905; x_wconf 88' lang='lat' dir='ltr'><strong>„procuratorem</strong></span> <span class='ocrx_word' id='word_1_250' title='bbox 695 3813 737 3887; x_wconf 93' lang='lat' dir='ltr'><strong>ad</strong></span> <span class='ocrx_word' id='word_1_251' title='bbox 764 3813 826 3887; x_wconf 95' lang='lat' dir='ltr'><strong>boc</strong></span> <span class='ocrx_word' id='word_1_252' title='bbox 853 3812 1013 3916; x_wconf 87' lang='lat' dir='ltr'><strong>ecclesiae</strong></span> <span class='ocrx_word' id='word_1_253' title='bbox 1039 3815 1171 3888; x_wconf 80' lang='lat' dir='ltr'><strong>restrae</strong></span> <span class='ocrx_word' id='word_1_254' title='bbox 1208 3811 1447 3908; x_wconf 88' lang='lat' dir='ltr'><strong>praepositum,</strong></span> <span class='ocrx_word' id='word_1_255' title='bbox 1485 3811 1593 3886; x_wconf 82' lang='lat' dir='ltr'><strong>uirum</strong></span> <span class='ocrx_word' id='word_1_256' title='bbox 1630 3813 1782 3886; x_wconf 88' lang='lat' dir='ltr'><strong>oculatae</strong></span> <span class='ocrx_word' id='word_1_257' title='bbox 1818 3809 1943 3884; x_wconf 88' lang='lat' dir='ltr'><strong>discre-</strong></span> 
     </span>
     <span class='ocr_line' id='line_1_28' title="bbox 396 3931 1943 4030; baseline -0.002 -23"><span class='ocrx_word' id='word_1_258' title='bbox 396 3931 520 4022; x_wconf 90' lang='lat' dir='ltr'><strong>„tionis</strong></span> <span class='ocrx_word' id='word_1_259' title='bbox 547 3936 582 4009; x_wconf 89' lang='lat' dir='ltr'><strong>et</strong></span> <span class='ocrx_word' id='word_1_260' title='bbox 608 3933 699 4008; x_wconf 90' lang='lat' dir='ltr'><strong>omui</strong></span> <span class='ocrx_word' id='word_1_261' title='bbox 726 3933 1035 4030; x_wconf 88' lang='lat' dir='ltr'><strong>circumscriptione</strong></span> <span class='ocrx_word' id='word_1_262' title='bbox 1062 3935 1249 4029; x_wconf 81' lang='lat' dir='ltr'><strong>providum„</strong></span> <span class='ocrx_word' id='word_1_263' title='bbox 1286 3934 1343 4028; x_wconf 86' lang='lat' dir='ltr'><strong>qui</strong></span> <span class='ocrx_word' id='word_1_264' title='bbox 1372 3934 1565 4010; x_wconf 90' lang='lat' dir='ltr'><strong>constanter</strong></span> <span class='ocrx_word' id='word_1_265' title='bbox 1591 3932 1768 4023; x_wconf 84' lang='lat' dir='ltr'><strong>laborauit,</strong></span> <span class='ocrx_word' id='word_1_266' title='bbox 1798 3933 1834 4006; x_wconf 91' lang='lat' dir='ltr'><strong>et</strong></span> <span class='ocrx_word' id='word_1_267' title='bbox 1861 3931 1943 4006; x_wconf 87' lang='lat' dir='ltr'><strong>fide-</strong></span> 
     </span>
     <span class='ocr_line' id='line_1_29' title="bbox 322 4053 1943 4152; baseline 0 -24"><span class='ocrx_word' id='word_1_268' title='bbox 322 4111 325 4119; x_wconf 32' lang='lat' dir='ltr'><strong>f</strong></span> <span class='ocrx_word' id='word_1_269' title='bbox 395 4054 497 4144; x_wconf 77' lang='lat' dir='ltr'><strong>„liber</strong></span> <span class='ocrx_word' id='word_1_270' title='bbox 524 4055 558 4130; x_wconf 91' lang='lat' dir='ltr'><strong>iu</strong></span> <span class='ocrx_word' id='word_1_271' title='bbox 585 4056 686 4132; x_wconf 80' lang='lat' dir='ltr'><strong>curio</strong></span> <span class='ocrx_word' id='word_1_272' title='bbox 713 4077 919 4151; x_wconf 87' lang='lat' dir='ltr'><strong>prosequens</strong></span> <span class='ocrx_word' id='word_1_273' title='bbox 946 4056 1130 4152; x_wconf 89' lang='lat' dir='ltr'><strong>negotium,</strong></span> <span class='ocrx_word' id='word_1_274' title='bbox 1159 4057 1235 4132; x_wconf 91' lang='lat' dir='ltr'><strong>nisu</strong></span> <span class='ocrx_word' id='word_1_275' title='bbox 1263 4057 1346 4148; x_wconf 92' lang='lat' dir='ltr'><strong>toto„</strong></span> <span class='ocrx_word' id='word_1_276' title='bbox 1376 4057 1434 4132; x_wconf 94' lang='lat' dir='ltr'><strong>sed</strong></span> <span class='ocrx_word' id='word_1_277' title='bbox 1461 4056 1543 4148; x_wconf 86' lang='lat' dir='ltr'><strong>quot</strong></span> <span class='ocrx_word' id='word_1_278' title='bbox 1570 4053 1812 4130; x_wconf 88' lang='lat' dir='ltr'><strong>afflictionibus</strong></span> <span class='ocrx_word' id='word_1_279' title='bbox 1830 4055 1866 4130; x_wconf 92' lang='lat' dir='ltr'><strong>et</strong></span> <span class='ocrx_word' id='word_1_280' title='bbox 1884 4076 1943 4128; x_wconf 91' lang='lat' dir='ltr'><strong>au·</strong></span> 
     </span>
     <span class='ocr_line' id='line_1_30' title="bbox 395 4176 1943 4274; baseline 0 -24"><span class='ocrx_word' id='word_1_281' title='bbox 395 4177 541 4272; x_wconf 89' lang='lat' dir='ltr'><strong>„gustiis</strong></span> <span class='ocrx_word' id='word_1_282' title='bbox 568 4179 709 4254; x_wconf 87' lang='lat' dir='ltr'><strong>affectus</strong></span> <span class='ocrx_word' id='word_1_283' title='bbox 736 4178 931 4270; x_wconf 88' lang='lat' dir='ltr'><strong>exstiterit„</strong></span> <span class='ocrx_word' id='word_1_284' title='bbox 961 4178 995 4252; x_wconf 94' lang='lat' dir='ltr'><strong>in</strong></span> <span class='ocrx_word' id='word_1_285' title='bbox 1024 4178 1099 4274; x_wconf 91' lang='lat' dir='ltr'><strong>ipsa</strong></span> <span class='ocrx_word' id='word_1_286' title='bbox 1134 4178 1364 4274; x_wconf 90' lang='lat' dir='ltr'><strong>prosecutione</strong></span> <span class='ocrx_word' id='word_1_287' title='bbox 1400 4200 1475 4252; x_wconf 90' lang='lat' dir='ltr'><strong>cum</strong></span> <span class='ocrx_word' id='word_1_288' title='bbox 1510 4177 1643 4273; x_wconf 90' lang='lat' dir='ltr'><strong>collega</strong></span> <span class='ocrx_word' id='word_1_289' title='bbox 1678 4176 1743 4250; x_wconf 92' lang='lat' dir='ltr'><strong>sibi</strong></span> <span class='ocrx_word' id='word_1_290' title='bbox 1769 4177 1943 4270; x_wconf 88' lang='lat' dir='ltr'><strong>deputato,</strong></span> 
     </span>
     <span class='ocr_line' id='line_1_31' title="bbox 395 4296 1942 4396; baseline -0.003 -22"><span class='ocrx_word' id='word_1_291' title='bbox 395 4321 483 4387; x_wconf 90' lang='lat' dir='ltr'><strong>„uon</strong></span> <span class='ocrx_word' id='word_1_292' title='bbox 510 4300 564 4373; x_wconf 89' lang='lat' dir='ltr'><strong>est</strong></span> <span class='ocrx_word' id='word_1_293' title='bbox 590 4300 687 4376; x_wconf 91' lang='lat' dir='ltr'><strong>nobis</strong></span> <span class='ocrx_word' id='word_1_294' title='bbox 723 4301 870 4376; x_wconf 87' lang='lat' dir='ltr'><strong>facultas</strong></span> <span class='ocrx_word' id='word_1_295' title='bbox 906 4301 1141 4396; x_wconf 90' lang='lat' dir='ltr'><strong>praesentibus</strong></span> <span class='ocrx_word' id='word_1_296' title='bbox 1176 4301 1383 4396; x_wconf 86' lang='lat' dir='ltr'><strong>exprimere,</strong></span> <span class='ocrx_word' id='word_1_297' title='bbox 1422 4299 1581 4394; x_wconf 89' lang='lat' dir='ltr'><strong>quoniam</strong></span> <span class='ocrx_word' id='word_1_298' title='bbox 1618 4298 1739 4394; x_wconf 89' lang='lat' dir='ltr'><strong>lingua</strong></span> <span class='ocrx_word' id='word_1_299' title='bbox 1774 4296 1942 4386; x_wconf 88' lang='lat' dir='ltr'><strong>deficeret„</strong></span> 
     </span>
     <span class='ocr_line' id='line_1_32' title="bbox 395 4417 1942 4518; baseline -0.002 -22"><span class='ocrx_word' id='word_1_300' title='bbox 395 4441 477 4510; x_wconf 90' lang='lat' dir='ltr'><strong>„nec</strong></span> <span class='ocrx_word' id='word_1_301' title='bbox 504 4419 673 4497; x_wconf 87' lang='lat' dir='ltr'><strong>sufficeret</strong></span> <span class='ocrx_word' id='word_1_302' title='bbox 700 4423 862 4515; x_wconf 92' lang='lat' dir='ltr'><strong>calamus„</strong></span> <span class='ocrx_word' id='word_1_303' title='bbox 892 4445 952 4498; x_wconf 91' lang='lat' dir='ltr'><strong>nec</strong></span> <span class='ocrx_word' id='word_1_304' title='bbox 978 4421 1141 4518; x_wconf 86' lang='lat' dir='ltr'><strong>Algorius</strong></span> <span class='ocrx_word' id='word_1_305' title='bbox 1164 4423 1207 4518; x_wconf 86' lang='lat'><strong>¹¹)</strong></span> <span class='ocrx_word' id='word_1_306' title='bbox 1234 4422 1389 4498; x_wconf 85' lang='lat' dir='ltr'><strong>inuentor</strong></span> <span class='ocrx_word' id='word_1_307' title='bbox 1415 4421 1600 4517; x_wconf 82' lang='lat' dir='ltr'><strong>Algorismi</strong></span> <span class='ocrx_word' id='word_1_308' title='bbox 1621 4417 1675 4516; x_wconf 78' lang='lat'><strong>¹¹),</strong></span> <span class='ocrx_word' id='word_1_309' title='bbox 1703 4441 1778 4496; x_wconf 91' lang='lat' dir='ltr'><strong>cum</strong></span> <span class='ocrx_word' id='word_1_310' title='bbox 1801 4419 1874 4494; x_wconf 87' lang='lat' dir='ltr'><strong>suis</strong></span> <span class='ocrx_word' id='word_1_311' title='bbox 1891 4441 1942 4492; x_wconf 88' lang='lat' dir='ltr'><strong>ra·</strong></span> 
     </span>
     <span class='ocr_line' id='line_1_33' title="bbox 395 4542 1942 4640; baseline -0.002 -24"><span class='ocrx_word' id='word_1_312' title='bbox 395 4543 527 4632; x_wconf 82' lang='lat' dir='ltr'><strong>„dirum</strong></span> <span class='ocrx_word' id='word_1_313' title='bbox 554 4543 821 4626; x_wconf 79' lang='lat' dir='ltr'><strong>extractionibus</strong></span> <span class='ocrx_word' id='word_1_314' title='bbox 848 4545 1083 4636; x_wconf 84' lang='lat' dir='ltr'><strong>adversitates„</strong></span> <span class='ocrx_word' id='word_1_315' title='bbox 1112 4567 1198 4637; x_wconf 88' lang='lat' dir='ltr'><strong>quas</strong></span> <span class='ocrx_word' id='word_1_316' title='bbox 1217 4545 1306 4640; x_wconf 93' lang='lat' dir='ltr'><strong>passi</strong></span> <span class='ocrx_word' id='word_1_317' title='bbox 1326 4546 1418 4635; x_wconf 90' lang='lat' dir='ltr'><strong>sunt,</strong></span> <span class='ocrx_word' id='word_1_318' title='bbox 1448 4545 1562 4639; x_wconf 90' lang='lat' dir='ltr'><strong>posset</strong></span> <span class='ocrx_word' id='word_1_319' title='bbox 1589 4542 1774 4618; x_wconf 87' lang='lat' dir='ltr'><strong>efficaciter</strong></span> <span class='ocrx_word' id='word_1_320' title='bbox 1792 4560 1942 4618; x_wconf 85' lang='lat' dir='ltr'><strong>exarare.</strong></span> 
     </span>
     <span class='ocr_line' id='line_1_34' title="bbox 394 4663 1943 4764; baseline 0.001 -25"><span class='ocrx_word' id='word_1_321' title='bbox 394 4667 502 4754; x_wconf 90' lang='lat' dir='ltr'><strong>„Nam</strong></span> <span class='ocrx_word' id='word_1_322' title='bbox 530 4666 560 4740; x_wconf 90' lang='lat' dir='ltr'><strong>si</strong></span> <span class='ocrx_word' id='word_1_323' title='bbox 587 4667 716 4760; x_wconf 89' lang='lat' dir='ltr'><strong>liceret„</strong></span> <span class='ocrx_word' id='word_1_324' title='bbox 746 4667 953 4744; x_wconf 75' lang='lat' dir='ltr'><strong>obstantium</strong></span> <span class='ocrx_word' id='word_1_325' title='bbox 991 4667 1127 4764; x_wconf 89' lang='lat' dir='ltr'><strong>negotio</strong></span> <span class='ocrx_word' id='word_1_326' title='bbox 1165 4689 1224 4763; x_wconf 92' lang='lat' dir='ltr'><strong>per</strong></span> <span class='ocrx_word' id='word_1_327' title='bbox 1251 4669 1367 4742; x_wconf 86' lang='lat' dir='ltr'><strong>acutos</strong></span> <span class='ocrx_word' id='word_1_328' title='bbox 1388 4663 1429 4760; x_wconf 54' lang='grc' dir='ltr'><strong>Ι3)</strong></span> <span class='ocrx_word' id='word_1_329' title='bbox 1457 4666 1566 4742; x_wconf 91' lang='lat' dir='ltr'><strong>obices</strong></span> <span class='ocrx_word' id='word_1_330' title='bbox 1593 4668 1628 4740; x_wconf 94' lang='lat' dir='ltr'><strong>et</strong></span> <span class='ocrx_word' id='word_1_331' title='bbox 1654 4666 1812 4742; x_wconf 89' lang='lat' dir='ltr'><strong>dentatas</strong></span> <span class='ocrx_word' id='word_1_332' title='bbox 1836 4665 1943 4740; x_wconf 90' lang='lat' dir='ltr'><strong>obiec-</strong></span> 
     </span>
     <span class='ocr_line' id='line_1_35' title="bbox 394 4787 1943 4885; baseline -0.001 -23"><span class='ocrx_word' id='word_1_333' title='bbox 394 4787 525 4878; x_wconf 91' lang='lat' dir='ltr'><strong>„tiones</strong></span> <span class='ocrx_word' id='word_1_334' title='bbox 552 4789 704 4864; x_wconf 90' lang='lat' dir='ltr'><strong>seriatim</strong></span> <span class='ocrx_word' id='word_1_335' title='bbox 726 4789 767 4885; x_wconf 88' lang='lat'><strong>¹¹)</strong></span> <span class='ocrx_word' id='word_1_336' title='bbox 796 4813 855 4885; x_wconf 92' lang='lat' dir='ltr'><strong>per</strong></span> <span class='ocrx_word' id='word_1_337' title='bbox 882 4791 1043 4881; x_wconf 90' lang='lat' dir='ltr'><strong>ordinem„</strong></span> <span class='ocrx_word' id='word_1_338' title='bbox 1072 4793 1173 4885; x_wconf 89' lang='lat' dir='ltr'><strong>prout</strong></span> <span class='ocrx_word' id='word_1_339' title='bbox 1199 4811 1235 4864; x_wconf 94' lang='lat' dir='ltr'><strong>se</strong></span> <span class='ocrx_word' id='word_1_340' title='bbox 1253 4789 1356 4864; x_wconf 92' lang='lat' dir='ltr'><strong>habet</strong></span> <span class='ocrx_word' id='word_1_341' title='bbox 1374 4787 1511 4880; x_wconf 83' lang='lat' dir='ltr'><strong>ueritas„</strong></span> <span class='ocrx_word' id='word_1_342' title='bbox 1540 4787 1790 4883; x_wconf 90' lang='lat' dir='ltr'><strong>distinguendo,</strong></span> <span class='ocrx_word' id='word_1_343' title='bbox 1820 4787 1943 4863; x_wconf 89' lang='lat' dir='ltr'><strong>descri-</strong></span> 
     </span>
     <span class='ocr_line' id='line_1_36' title="bbox 394 4909 1941 5004; baseline -0.003 -16"><span class='ocrx_word' id='word_1_344' title='bbox 394 4913 502 5004; x_wconf 84' lang='lat' dir='ltr'><strong>,bere,</strong></span> <span class='ocrx_word' id='word_1_345' title='bbox 531 4911 590 4987; x_wconf 86' lang='lat' dir='ltr'><strong>uix</strong></span> <span class='ocrx_word' id='word_1_346' title='bbox 618 4913 800 4988; x_wconf 88' lang='lat' dir='ltr'><strong>haberetur</strong></span> <span class='ocrx_word' id='word_1_347' title='bbox 826 4934 986 4988; x_wconf 91' lang='lat' dir='ltr'><strong>numerus</strong></span> <span class='ocrx_word' id='word_1_348' title='bbox 1013 4912 1050 4986; x_wconf 91' lang='lat' dir='ltr'><strong>in</strong></span> <span class='ocrx_word' id='word_1_349' title='bbox 1077 4911 1287 4987; x_wconf 88' lang='lat' dir='ltr'><strong>millenario:</strong></span> <span class='ocrx_word' id='word_1_350' title='bbox 1325 4912 1441 4988; x_wconf 87' lang='lat' dir='ltr'><strong>tantas</strong></span> <span class='ocrx_word' id='word_1_351' title='bbox 1472 4909 1693 4988; x_wconf 87' lang='lat' dir='ltr'><strong>difficultates</strong></span> <span class='ocrx_word' id='word_1_352' title='bbox 1720 4911 1941 5002; x_wconf 83' lang='lat' dir='ltr'><strong>audientium„</strong></span> 
     </span>
    </p>
   </div>
   <div class='ocr_carea' id='block_1_3' title="bbox 388 5119 1943 5623">
    <p class='ocr_par' dir='ltr' id='par_1_4' title="bbox 388 5119 1943 5623">
     <span class='ocr_line' id='line_1_37' title="bbox 498 5119 1942 5203; baseline -0.003 -19"><span class='ocrx_word' id='word_1_353' title='bbox 498 5123 522 5203; x_wconf 88' lang='lat'><strong>¹)</strong></span> <span class='ocrx_word' id='word_1_354' title='bbox 544 5141 598 5200; x_wconf 88' lang='lat' dir='ltr'><strong>per</strong></span> <span class='ocrx_word' id='word_1_355' title='bbox 613 5125 716 5185; x_wconf 87' lang='lat' dir='ltr'><strong>literas</strong></span> <span class='ocrx_word' id='word_1_356' title='bbox 732 5124 889 5198; x_wconf 84' lang='lat' dir='ltr'><strong>origInales</strong></span> <span class='ocrx_word' id='word_1_357' title='bbox 909 5122 980 5186; x_wconf 80' lang='lat' dir='ltr'><strong>God.</strong></span> <span class='ocrx_word' id='word_1_358' title='bbox 997 5125 1089 5186; x_wconf 75' lang='lat' dir='ltr'><strong>Roar.</strong></span> <span class='ocrx_word' id='word_1_359' title='bbox 1121 5121 1290 5202; x_wconf 84' lang='lat' dir='ltr'><strong>¹)scriptes</strong></span> <span class='ocrx_word' id='word_1_360' title='bbox 1310 5121 1382 5185; x_wconf 81' lang='lat' dir='ltr'><strong>Ood.</strong></span> <span class='ocrx_word' id='word_1_361' title='bbox 1398 5123 1492 5184; x_wconf 78' lang='lat' dir='ltr'><strong>Rear.</strong></span> <span class='ocrx_word' id='word_1_362' title='bbox 1529 5119 1556 5200; x_wconf 86' lang='lat'><strong>³)</strong></span> <span class='ocrx_word' id='word_1_363' title='bbox 1571 5123 1648 5183; x_wconf 91' lang='lat' dir='ltr'><strong>visas</strong></span> <span class='ocrx_word' id='word_1_364' title='bbox 1665 5129 1696 5182; x_wconf 89' lang='lat' dir='ltr'><strong>et</strong></span> <span class='ocrx_word' id='word_1_365' title='bbox 1710 5129 1854 5184; x_wconf 74' lang='lat' dir='ltr'><strong>uocaus</strong></span> <span class='ocrx_word' id='word_1_366' title='bbox 1872 5121 1942 5183; x_wconf 81' lang='lat' dir='ltr'><strong>Ood.</strong></span> 
     </span>
     <span class='ocr_line' id='line_1_38' title="bbox 388 5223 1940 5306; baseline -0.004 -14"><span class='ocrx_word' id='word_1_367' title='bbox 388 5227 482 5292; x_wconf 72' lang='lat' dir='ltr'><strong>Roar.</strong></span> <span class='ocrx_word' id='word_1_368' title='bbox 522 5225 549 5306; x_wconf 83' lang='lat'><strong>⁴)</strong></span> <span class='ocrx_word' id='word_1_369' title='bbox 571 5231 719 5304; x_wconf 86' lang='lat' dir='ltr'><strong>repositas</strong></span> <span class='ocrx_word' id='word_1_370' title='bbox 746 5228 817 5291; x_wconf 84' lang='lat' dir='ltr'><strong>Ood.</strong></span> <span class='ocrx_word' id='word_1_371' title='bbox 840 5229 934 5290; x_wconf 77' lang='lat' dir='ltr'><strong>Roar.</strong></span> <span class='ocrx_word' id='word_1_372' title='bbox 974 5225 1001 5302; x_wconf 65' lang='grc' dir='ltr'><strong>ὓ)</strong></span> <span class='ocrx_word' id='word_1_373' title='bbox 1024 5246 1146 5304; x_wconf 87' lang='lat' dir='ltr'><strong>quarum</strong></span> <span class='ocrx_word' id='word_1_374' title='bbox 1174 5227 1246 5289; x_wconf 80' lang='lat' dir='ltr'><strong>(lod.</strong></span> <span class='ocrx_word' id='word_1_375' title='bbox 1268 5229 1362 5289; x_wconf 68' lang='lat' dir='ltr'><strong>Beer.</strong></span> <span class='ocrx_word' id='word_1_376' title='bbox 1402 5223 1430 5304; x_wconf 80' lang='lat'><strong>⁸)</strong></span> <span class='ocrx_word' id='word_1_377' title='bbox 1453 5227 1590 5288; x_wconf 82' lang='lat' dir='ltr'><strong>Ecclesia</strong></span> <span class='ocrx_word' id='word_1_378' title='bbox 1615 5223 1688 5288; x_wconf 76' lang='lat' dir='ltr'><strong>(lod.</strong></span> <span class='ocrx_word' id='word_1_379' title='bbox 1710 5227 1806 5288; x_wconf 79' lang='lat' dir='ltr'><strong>Roar.</strong></span> <span class='ocrx_word' id='word_1_380' title='bbox 1844 5223 1940 5304; x_wconf 82' lang='lat' dir='ltr'><strong>⁷)ea·</strong></span> 
     </span>
     <span class='ocr_line' id='line_1_39' title="bbox 388 5328 1943 5414; baseline -0.003 -20"><span class='ocrx_word' id='word_1_381' title='bbox 388 5335 532 5396; x_wconf 88' lang='lat' dir='ltr'><strong>thedralis</strong></span> <span class='ocrx_word' id='word_1_382' title='bbox 555 5333 759 5396; x_wconf 80' lang='lat' dir='ltr'><strong>Gracchensis</strong></span> <span class='ocrx_word' id='word_1_383' title='bbox 786 5332 857 5396; x_wconf 70' lang='lat' dir='ltr'><strong>(iod.</strong></span> <span class='ocrx_word' id='word_1_384' title='bbox 880 5334 974 5394; x_wconf 79' lang='lat' dir='ltr'><strong>Roar.</strong></span> <span class='ocrx_word' id='word_1_385' title='bbox 1012 5329 1115 5410; x_wconf 81' lang='lat' dir='ltr'><strong>⁸)sed</strong></span> <span class='ocrx_word' id='word_1_386' title='bbox 1137 5335 1225 5394; x_wconf 88' lang='lat' dir='ltr'><strong>etiam</strong></span> <span class='ocrx_word' id='word_1_387' title='bbox 1253 5331 1324 5394; x_wconf 79' lang='lat' dir='ltr'><strong>Cod.</strong></span> <span class='ocrx_word' id='word_1_388' title='bbox 1348 5333 1440 5394; x_wconf 73' lang='lat' dir='ltr'><strong>Roas.</strong></span> <span class='ocrx_word' id='word_1_389' title='bbox 1472 5328 1501 5414; x_wconf 82' lang='lat'><strong>¹)</strong></span> <span class='ocrx_word' id='word_1_390' title='bbox 1525 5331 1691 5408; x_wconf 74' lang='lat' dir='ltr'><strong>bequautia</strong></span> <span class='ocrx_word' id='word_1_391' title='bbox 1713 5337 1744 5392; x_wconf 87' lang='lat' dir='ltr'><strong>ct</strong></span> <span class='ocrx_word' id='word_1_392' title='bbox 1765 5329 1943 5392; x_wconf 87' lang='lat' dir='ltr'><strong>confluentia</strong></span> 
     </span>
     <span class='ocr_line' id='line_1_40' title="bbox 388 5433 1939 5518; baseline -0.002 -17"><span class='ocrx_word' id='word_1_393' title='bbox 388 5439 449 5501; x_wconf 83' lang='lat' dir='ltr'><strong>Ed.</strong></span> <span class='ocrx_word' id='word_1_394' title='bbox 471 5439 558 5515; x_wconf 82' lang='lat' dir='ltr'><strong>Lipa</strong></span> <span class='ocrx_word' id='word_1_395' title='bbox 600 5436 640 5518; x_wconf 88' lang='lat'><strong>¹⁰)</strong></span> <span class='ocrx_word' id='word_1_396' title='bbox 664 5441 859 5500; x_wconf 85' lang='lat' dir='ltr'><strong>consistentes</strong></span> <span class='ocrx_word' id='word_1_397' title='bbox 882 5439 942 5500; x_wconf 78' lang='lat' dir='ltr'><strong>Ed.</strong></span> <span class='ocrx_word' id='word_1_398' title='bbox 966 5438 1053 5516; x_wconf 83' lang='lat' dir='ltr'><strong>Lipo.</strong></span> <span class='ocrx_word' id='word_1_399' title='bbox 1088 5435 1127 5516; x_wconf 88' lang='lat'><strong>¹¹)</strong></span> <span class='ocrx_word' id='word_1_400' title='bbox 1150 5438 1368 5513; x_wconf 79' lang='lat' dir='ltr'><strong>delgorithnns</strong></span> <span class='ocrx_word' id='word_1_401' title='bbox 1390 5437 1450 5498; x_wconf 79' lang='lat' dir='ltr'><strong>Ed.</strong></span> <span class='ocrx_word' id='word_1_402' title='bbox 1474 5438 1562 5514; x_wconf 81' lang='lat' dir='ltr'><strong>Lipe.</strong></span> <span class='ocrx_word' id='word_1_403' title='bbox 1601 5433 1644 5516; x_wconf 79' lang='lat'><strong>¹¹)</strong></span> <span class='ocrx_word' id='word_1_404' title='bbox 1666 5436 1843 5511; x_wconf 73' lang='lat' dir='ltr'><strong>bigoritlrmi</strong></span> <span class='ocrx_word' id='word_1_405' title='bbox 1870 5434 1939 5498; x_wconf 77' lang='lat' dir='ltr'><strong>dod.</strong></span> 
     </span>
     <span class='ocr_line' id='line_1_41' title="bbox 388 5539 1441 5623; baseline -0.002 -17"><span class='ocrx_word' id='word_1_406' title='bbox 388 5545 481 5606; x_wconf 74' lang='lat' dir='ltr'><strong>Roar.</strong></span> <span class='ocrx_word' id='word_1_407' title='bbox 523 5541 564 5623; x_wconf 87' lang='lat'><strong>¹³)</strong></span> <span class='ocrx_word' id='word_1_408' title='bbox 587 5545 706 5606; x_wconf 87' lang='lat' dir='ltr'><strong>aculeos</strong></span> <span class='ocrx_word' id='word_1_409' title='bbox 728 5543 788 5606; x_wconf 84' lang='lat' dir='ltr'><strong>Ed.</strong></span> <span class='ocrx_word' id='word_1_410' title='bbox 812 5544 899 5620; x_wconf 75' lang='lat' dir='ltr'><strong>Irips.</strong></span> <span class='ocrx_word' id='word_1_411' title='bbox 942 5539 982 5623; x_wconf 87' lang='lat'><strong>¹⁴)</strong></span> <span class='ocrx_word' id='word_1_412' title='bbox 1006 5545 1170 5604; x_wconf 90' lang='lat' dir='ltr'><strong>seminatim</strong></span> <span class='ocrx_word' id='word_1_413' title='bbox 1193 5549 1224 5604; x_wconf 85' lang='lat' dir='ltr'><strong>et</strong></span> <span class='ocrx_word' id='word_1_414' title='bbox 1254 5541 1325 5605; x_wconf 78' lang='lat' dir='ltr'><strong>(lod.</strong></span> <span class='ocrx_word' id='word_1_415' title='bbox 1348 5543 1441 5605; x_wconf 72' lang='lat' dir='ltr'><strong>Beer.</strong></span> 
     </span>
    </p>
   </div>
   <div class='ocr_carea' id='block_1_4' title="bbox 0 0 2074 6294">
    <p class='ocr_par' dir='ltr' id='par_1_5' title="bbox 0 0 2074 6294">
     <span class='ocr_line' id='line_1_42' title="bbox 0 0 2074 6294; baseline 0 0"><span class='ocrx_word' id='word_1_416' title='bbox 0 0 2074 6294; x_wconf 95' lang='lat' dir='ltr'><strong> </strong></span> 
     </span>
    </p>
   </div>
  </div>
 </body>
</html>
