4162 6288
151 521 216 622 (Α.
235 523 283 602 D.
302 523 424 623 aad)
674 459 676 463 ·
765 549 878 602 urana
904 547 1097 603 snrnnrue.
1627 530 1701 604 alc

149 755 233 831 gam
260 734 465 831 palaestram
491 733 629 811 Polonis
654 735 690 812 et
716 733 915 827 Senonibus,
952 733 1105 829 utrisque
1141 755 1202 830 pro
1229 733 1324 809 illius
1359 731 1540 830 adeptione
1565 735 1601 812 et
1626 756 1705 830 pro·

149 855 299 952 prietate
324 856 568 950 adnitentibus,
606 880 650 933 ex
676 879 743 951 qua
769 858 805 934 et
831 857 978 932 multum
1015 855 1191 953 sanguinis
1217 857 1332 931 fusum
1358 858 1422 949 oet,
1459 857 1495 932 ot
1530 855 1706 952 dispendia

148 976 338 1055 hincinde
365 979 493 1073 secuta,
521 978 558 1054 in
584 979 672 1055 hanc
707 1001 813 1072 usque
848 978 938 1055 diem
973 978 1125 1072 reliquit.
1169 977 1335 1071 Reliquae
1360 979 1431 1053 tres
1458 999 1586 1054 sorores
1612 977 1705 1054 filice

149 1099 365 1193 Praemislai,
404 1100 571 1178 manubia
596 1122 744 1196 perosae,
782 1101 868 1176 duae
893 1099 1052 1176 uidelicet
1082 1099 1247 1178 Verouica
1274 1102 1310 1175 et
1334 1098 1517 1175 Eufrosina
1542 1099 1705 1174 Trrebui·

150 1240 273 1296 caenae
300 1222 541 1298 monasterium
568 1222 696 1299 ordinis
722 1221 964 1314 Gieterciensis,
992 1221 1140 1318 primum
1167 1243 1306 1314 sorores,
1335 1221 1455 1298 deinde
1480 1223 1618 1317 propter
1634 1243 1705 1296 mo·

150 1363 228 1416 rum
255 1345 292 1420 et
316 1343 486 1420 virtutum
512 1345 758 1441 praestantiam
785 1344 995 1433 abbatissae;
1024 1345 1124 1419 Offlra
1150 1367 1227 1421 uero
1245 1343 1441 1421 Gnesneneo
1467 1344 1611 1419 Sanctae
1629 1335 1705 1416 (tla-

150 1485 210 1538 rae
237 1467 398 1560 apatruo
423 1467 581 1544 Boleslao
608 1467 669 1542 Pio
691 1465 886 1542 Galissienei
913 1467 1005 1542 Duce
1032 1465 1212 1540 fundatum
1244 1465 1484 1542 monasterium
1520 1465 1704 1560 ingressae,

150 1585 301 1664 feliciter
326 1587 411 1684 illic,
441 1588 609 1685 obsequiis
635 1589 760 1666 diuinis
786 1587 1010 1684 mancipatae,
1039 1589 1238 1684 absumptae
1266 1591 1359 1664 eunt.

197 1954 347 2028 mrtrrl
373 1954 407 2028 ln
434 1954 713 2029 sardoniricrccr
741 1955 841 2029 caedo
868 1954 965 2046 edita,
994 1955 1194 2029 monasteria
1222 1954 1487 2029 zrvlobortcrre
1514 1960 1549 2030 ot
1575 1956 1665 2031 calvi

390 2077 509 2152 lontio
536 2095 575 2151 ac
602 2078 688 2150 aliar
713 2081 820 2151 tortu
846 2078 977 2151 lirorlr
1002 2078 1155 2151 l‘olonlac
1182 2077 1311 2169 inpune
1336 2082 1479 2152 racana
1513 2119 1517 2130 ‚

259 2315 502 2395 'lbertarorum
527 2318 662 2396 validus
688 2319 856 2397 exercitus
883 2318 1057 2396 Poloniam
1084 2341 1209 2416 magna
1233 2318 1413 2396 uelocitate
1440 2319 1623 2415 ingressus,
1652 2341 1707 2396 ce·

153 2441 227 2515 stro
254 2441 291 2515 et
315 2439 457 2516 civitate
493 2441 757 2534 Sandomiriensi
793 2441 1003 2536 conquisitis,
1041 2443 1151 2517 multa
1185 2441 1360 2518 hominum
1395 2441 1571 2534 utriusque
1604 2463 1707 2517 serus

152 2560 268 2636 millia
293 2561 367 2637 illic
393 2565 530 2658 reperta
555 2563 727 2641 barbarice
753 2563 913 2658 trucidat,
941 2565 1090 2641 caeteros
1117 2585 1273 2659 pecorum
1299 2586 1391 2640 more
1408 2563 1445 2638 in
1463 2563 1610 2642 Wielam
1643 2563 1707 2638 im-

154 2684 335 2778 pellentes,
363 2683 461 2776 aquis
481 2685 506 2780 1)
541 2687 702 2775 suffocat;
739 2685 884 2762 feminae
919 2685 1086 2781 speciosas
1121 2687 1157 2762 et
1192 2687 1420 2762 adolescentes
1447 2685 1483 2760 iu
1510 2685 1708 2761 seruitutem

155 2789 314 2880 abduxit.
360 2805 602 2884 blonasterium
628 2805 896 2885 Zauichostense
922 2809 958 2883 et
984 2807 1079 2884 Oalri
1104 2806 1230 2882 Montis
1256 2809 1414 2896 uastant3
1447 2806 1490 2882 ad
1516 2805 1709 2884 cracoviam

155 2949 265 3021 neque
291 2929 327 3004 et
352 2927 500 3025 Bython
526 2930 656 3025 agendo
683 2931 840 3025 praedam
863 2931 899 3006 et
915 2931 1061 3026 strages,
1090 2929 1371 3025 captivitatesque
1397 2928 1582 3020 hominum,
1611 2949 1708 3024 gras-

155 3050 289 3125 santur.
316 3049 363 3125 nt
389 3050 518 3126 duobus
545 3051 717 3128 mensibus
744 3051 890 3149 integris
915 3051 952 3126 in
979 3050 1119 3128 Polonia
1145 3051 1352 3142 commorati,
1381 3050 1483 3127 factis
1509 3049 1629 3126 multis
1656 3051 1709 3124 in·

155 3169 296 3264 cendiie,
333 3194 409 3248 cum
445 3171 594 3248 maxima
629 3172 804 3250 hominum
840 3175 1015 3270 captorum
1042 3175 1215 3250 atrorum
1250 3173 1375 3269 praeda
1410 3173 1454 3250 ad
1488 3172 1625 3268 propria
1650 3195 1711 3268 per

83 3292 87 3302 '
156 3293 330 3388 Ruseiam,
367 3294 538 3370 Ruthenis
571 3296 607 3371 et
642 3318 757 3372 eorum
792 3296 941 3374 Ducibus
972 3296 1021 3372 eis
1049 3295 1172 3388 solatia
1189 3296 1218 3391 ²)
1244 3295 1442 3387 ferentibus,
1479 3295 1706 3386 reuertuntur,

156 3415 254 3491 nullo
281 3415 496 3492 multitudini
522 3417 742 3494 Thartaricae
768 3419 912 3502 audente
947 3417 1117 3495 resistere.
1162 3419 1242 3492 Dux
1268 3417 1358 3494 enim
1384 3417 1562 3494 Boleslane
1589 3415 1709 3492 croco·

156 3535 285 3612 niensis
302 3537 338 3612 in
356 3537 572 3634 Hungariar'n
598 3541 794 3632 secesserat,
822 3540 1016 3615 Prandotha
1042 3540 1218 3636 epiecopus
1245 3539 1473 3615 cracoviensis
1499 3539 1536 3614 in
1562 3540 1711 3615 castrum

158 3658 430 3752 Rathiboriense,
459 3659 586 3736 milites
612 3663 648 3736 et
673 3661 802 3737 nobiles
829 3661 865 3735 in
892 3663 1027 3737 arcibus
1054 3663 1114 3736 aut
1131 3661 1228 3736 siluis
1246 3662 1426 3756 degebant.
1457 3661 1512 3735 Ad
1529 3661 1617 3736 bano
1634 3681 1710 3735 ras·

157 3779 324 3856 tationem
350 3779 546 3856 Karimirus
568 3781 736 3878 Guyariae
763 3785 842 3856 Dux
868 3783 1053 3858 Thartaroe
1071 3783 1290 3859 insimulatus
1316 3785 1369 3858 est
1395 3782 1582 3874 induxisse,
1611 3803 1710 3875 quem
1838 3809 1841 3820 ·

158 3901 320 3977 Poloniae
346 3903 457 3977 Duces
484 3905 663 3999 propterea
689 3904 800 3979 delere
827 3903 940 3979 conati
967 3905 1059 3996 suunt,
1087 3905 1123 3980 ot
1150 3905 1277 3980 multas
1303 3905 1334 3981 ei
1362 3903 1504 3980 iniurias
1530 3907 1566 3981 ot
1592 3905 1710 3977 contu-

158 4021 279 4097 melias
309 4023 516 4120 irrogarunt.

62 4421 65 4430 ¹
185 4389 263 4467 llcla
290 4391 470 4486 Rnrgariac
495 4388 565 4468 dcx
590 4397 626 4470 ct
651 4394 848 4470 cronicas
874 4392 1047 4468 dodonico
1072 4394 1144 4468 llux
1170 4397 1291 4469 bellun
1319 4397 1352 4468 ln
1374 4393 1490 4470 tocdur
1509 4411 1686 4490 pacemque

834 4521 1045 4590 commutant

265 4753 408 4850 mougle
435 4754 525 4832 inter
551 4755 670 4832 Belum
697 4755 896 4852 Hungariae
931 4756 1060 4852 Regem
1097 4760 1140 4833 ab
1167 4782 1245 4851 unc,
1285 4760 1320 4833 et
1350 4758 1574 4835 Premislaum
1600 4757 1710 4834 Bobe-

162 4873 252 4950 miae
278 4876 416 4970 Ducem,
455 4877 610 4972 partibus
637 4879 680 4953 ab
706 4879 817 4953 altera
831 4877 870 4972 ³),
908 4879 1154 4973 expirantibus,
1188 4883 1231 4954 ab
1257 4883 1401 4972 utroque
1427 4879 1463 4954 in
1490 4904 1612 4957 nouum
1638 4881 1710 4955 bel·

160 4999 234 5071 lum
273 4998 445 5074 occasione
472 4998 607 5092 stiriae,
645 5022 747 5093 quam
782 5001 924 5093 uterque
959 5000 1023 5074 sibi
1055 5000 1265 5094 vendicabat,
1302 5001 1479 5093 dumosi,
1516 5003 1551 5076 et
1578 5002 1711 5097 magnis

160 5117 278 5214 copiis,
306 5119 476 5214 uariisque
502 5119 697 5196 nationibus
723 5123 871 5217 gestum.
893 5122 1013 5198 Belem
1040 5122 1206 5216 siquidem
1233 5123 1430 5218 Hungariae
1457 5123 1586 5219 Regem
1612 5124 1712 5198 Bolo-

270 5397 295 5478 ¹)
317 5399 503 5476 impellendo,
526 5399 612 5462 undis
638 5399 710 5463 coc.
733 5401 827 5464 Rorr.
859 5395 887 5485 ⁹)
911 5402 1021 5464 auxilia
1046 5399 1118 5464 coa.
1140 5401 1233 5464 Rcrr.
1268 5399 1296 5481 ³)
1317 5403 1451 5478 perdtus
1474 5403 1511 5466 ab
1526 5403 1621 5466 altera
1635 5400 1714 5466 aaa

160 5501 199 5566 r'n
225 5501 297 5567 Ooot.
320 5503 395 5567 Act.
1341 5501 1343 5504 ’

212 5637 235 5686 r.
248 5638 342 5694 nm.
356 5639 442 5685 mnae.
455 5638 535 5684 runa.
549 5637 575 5684 n.
589 5637 622 5687 11.
1524 5629 1557 5682 re
