4246 6274
164 533 220 631 (Α.
241 533 288 611 D.
308 535 413 633 1158.)
764 561 875 614 unane
901 562 1074 626 ausurus.
1645 547 1692 621 51

163 745 269 822 metra
295 747 384 842 opud
410 748 551 824 Polonos
577 772 617 826 ea
642 751 843 845 tempestate
878 750 1096 843 habebantur,
1135 753 1193 826 sed
1227 753 1262 828 et
1288 754 1466 848 plerasque
1493 753 1609 828 Poloni
1637 756 1699 830 sub

162 869 305 944 adventu
330 869 479 946 Caesaris
513 872 646 967 proprio
673 871 751 967 igne
778 873 990 965 deleverant,
1019 875 1200 949 nonnullas
1226 876 1439 951 deseruerant
1458 876 1502 970 ¹),
1532 877 1573 950 ad
1601 877 1698 971 palu-

162 990 275 1066 dinosa
301 1013 430 1085 quoque
456 995 491 1068 et
516 993 592 1069 aria
606 994 635 1088 ²)
662 996 734 1070 loca
760 994 977 1071 diverterant.
1032 997 1111 1071 Sola
1146 997 1262 1090 itaque
1297 1019 1453 1092 agrorum
1481 997 1697 1092 populatione

162 1117 229 1190 tam
247 1114 378 1189 ualidus
395 1117 430 1190 et
447 1137 641 1192 numerosus
659 1117 825 1193 exercitus
852 1119 1039 1210 contentae,
1069 1119 1168 1195 tectis
1195 1119 1347 1195 innocuis
1373 1119 1486 1215 ignem
1513 1118 1695 1212 iniiciebet,

161 1236 329 1314 territoria
355 1261 485 1332 quoque
511 1242 546 1314 et
572 1239 746 1316 districtus
773 1229 1084 1317 Wratislaviensem
1120 1243 1155 1317 et
1189 1241 1448 1318 Posnaniensem
1485 1241 1636 1318 incendio
1663 1245 1698 1318 ct

161 1360 265 1456 spolio
299 1363 482 1466 uastabat.¹
518 1362 614 1438 Inter
648 1363 730 1438 haec
764 1363 1003 1438 solertissimus
1040 1365 1227 1458 Imperator
1252 1367 1287 1440 et
1314 1363 1561 1459 expeditionem
1587 1365 1695 1458 illam,

161 1483 253 1559 cuius
281 1483 379 1558 illum
414 1505 512 1580 saepe
547 1485 759 1580 poenitebat,
787 1489 822 1561 et
848 1485 1082 1562 discessionem
1110 1509 1216 1588 enam,
1244 1508 1344 1581 quam
1372 1487 1477 1562 fames
1505 1488 1540 1561 et
1567 1489 1695 1562 morbo·

159 1628 229 1680 rum
258 1605 441 1701 pernicies,
479 1607 690 1700 militumque
717 1609 840 1684 clamor
866 1609 900 1684 et
927 1609 1119 1685 uociferatio
1147 1608 1324 1704 exigebat,
1354 1610 1610 1702 honestaturue,
1639 1631 1698 1704 per

160 1727 383 1806 Wladislaum
411 1729 590 1806 Bohemiae
622 1731 764 1822 Ducem,
801 1732 895 1806 velut
931 1753 1138 1806 communem
1174 1730 1321 1826 partium
1357 1731 1501 1806 amicum
1537 1731 1629 1826 egit,
1658 1733 1698 1806 ut

160 1851 357 1926 Poionorum
382 1853 490 1928 Duces
515 1853 711 1946 Bolcslaus,
747 1854 955 1950 Mpccaslaus
989 1856 1024 1929 et
1050 1852 1216 1930 Henricus
1241 1875 1357 1949 pacem
1384 1876 1404 1928 e
1429 1854 1568 1930 Caesare
1594 1875 1695 1948 expe-

159 1975 288 2066 terent,
325 1974 525 2051 certitudine
561 1977 669 2068 faeta,
708 1997 763 2052 eos
799 1998 913 2072 pacem
949 1978 1193 2052 consecuturos.
1247 1974 1428 2051 Bohemiae
1455 1975 1568 2069 itaque
1594 1975 1696 2050 Ducis

160 2096 402 2193 pollicitatione
428 2098 627 2174 Polonorum
653 2099 760 2174 Duces
787 2098 948 2194 permoti,
978 2101 1039 2173 sub
1067 2097 1259 2174 securitatis
1286 2097 1451 2174 conductu
1478 2097 1514 2171 in
1541 2119 1695 2173 caesarea

160 2222 269 2296 cestra
295 2220 384 2315 apud
412 2219 528 2296 villam
550 2221 714 2315 Grisogue
729 2218 757 2316 ³)
784 2221 910 2296 stativa
937 2220 1075 2296 habenti
1102 2219 1311 2316 perveniunt,
1331 2221 1367 2295 et
1386 2219 1422 2294 in
1440 2221 1694 2296 tabernaculum

159 2341 351 2438 imperiale,
386 2342 443 2418 nbi
470 2343 627 2437 frequens
652 2343 918 2444 consiliariorum
944 2365 1101 2420 numerus
1127 2345 1344 2434 convenerat,
1373 2341 1526 2434 deducti,
1555 2365 1614 2437 per
1640 2365 1692 2416 or·

159 2487 285 2561 ganum
311 2463 458 2540 Bolcslai
483 2467 583 2542 rerba
609 2464 757 2540 faciunt:
786 2465 823 2540 ei
849 2465 1085 2561 scrupulosius,
1112 2464 1234 2559 inquit,
1263 2464 1384 2539 Caesar
1411 2462 1547 2558 optime,
1576 2465 1612 2537 ct
1636 2487 1695 2538 no-

158 2589 264 2662 stram
290 2587 326 2662 et
350 2587 467 2662 fratris
493 2587 600 2664 nostri
627 2587 827 2681 Wladislei,
865 2588 901 2662 in
927 2587 1022 2664 euius
1048 2586 1296 2664 restitutionem
1323 2588 1357 2662 et
1384 2587 1532 2661 favorem
1567 2585 1696 2660 bellum

157 2709 251 2786 nobis
279 2708 403 2804 infers,
441 2731 574 2786 oausam
609 2710 854 2805 examinasses,
890 2733 1101 2805 nequaquem
1132 2712 1248 2786 contre
1274 2731 1334 2785 nos
1360 2707 1518 2784 hostilem
1545 2707 1694 2783 animum

158 2832 341 2922 indulsses;
375 2855 416 2909 ea
442 2831 530 2910 enirn
556 2832 690 2909 iustitia
715 2855 850 2910 causam
876 2836 1026 2910 nostram
1052 2832 1216 2910 rerideres
1231 2831 1259 2928 ⁴)
1286 2830 1493 2928 praeditam,
1522 2831 1561 2905 ut
1587 2829 1697 2926 magis

157 2956 209 3030 illi
236 2955 375 3032 defensa
389 2955 418 3051 6)
453 2978 554 3048 quam
588 2956 722 3033 vexatio
748 2957 919 3034 debeatur.
961 2956 1024 3053 Qui
1050 2955 1115 3032 etsi
1141 2957 1221 3031 tuus
1247 2977 1350 3050 gener
1376 2952 1442 3044 sit,
1471 2951 1615 3028 inficiari
1643 2954 1696 3027 ta·

158 3101 231 3154 men
259 3101 327 3154 non
354 3078 458 3174 potes,
487 3081 522 3154 et
546 3101 607 3155 nos
633 3080 673 3156 de
699 3079 863 3176 sanguine
889 3081 947 3156 tuo
973 3081 1063 3155 satos
1090 3100 1173 3155 esse.
1211 3076 1314 3154 Nobis
1340 3076 1474 3171 quidem
1500 3096 1696 3170 persuasum

157 3203 219 3293 est,
247 3223 357 3296 neque
383 3201 458 3294 tibi,
486 3223 593 3296 neque
627 3204 760 3278 tuorum
795 3201 951 3296 cuiquam
986 3203 1125 3278 fratrem
1160 3201 1313 3276 nostrum
1338 3197 1568 3274 Wladielaum‘
1600 3195 1697 3272 exilii

157 3323 323 3420 supplicio
350 3323 475 3400 iniuste
500 3326 659 3402 affectum
683 3325 799 3418 rideri,
827 3347 892 3420 quo
919 3327 988 3400 tres
1015 3345 1128 3400 omnes
1155 3345 1215 3399 nos
1241 3323 1364 3398 fratrm
1391 3342 1487 3412 suos,
1516 3318 1581 3392 nisi
1608 3318 1696 3394 iusto

156 3448 266 3522 llarte
293 3445 501 3538 concidisset,
529 3449 709 3524 effecturus
735 3451 819 3524 erat.
872 3449 918 3522 et
945 3447 1097 3541 quamuis
1124 3444 1278 3541 plurimis
1305 3442 1436 3518 damnis
1463 3440 1609 3538 patriam
1635 3463 1694 3515 no·

157 3571 262 3644 stram
290 3568 363 3644 sine
389 3569 549 3645 demerito
575 3569 749 3660 afflixeris,
784 3569 820 3644 in
846 3573 957 3644 castra
983 3571 1096 3643 temen
1122 3571 1183 3642 tua
1208 3565 1378 3656 coninua,
1416 3562 1561 3659 singulis
1587 3561 1698 3637 causis

157 3693 191 3764 et
217 3690 367 3784 querelis
393 3690 511 3765 fratris
536 3692 643 3766 nostri
662 3691 853 3782 Wledislai,
883 3693 1018 3786 propter
1044 3713 1129 3784 quae
1156 3710 1312 3784 praesens
1338 3685 1465 3762 bollum
1492 3683 1616 3758 initum
1633 3685 1695 3774 est,

157 3811 247 3888 iusta
282 3812 497 3907 responsione
528 3813 734 3888 satisfacturi
750 3814 789 3908 6).
841 3812 893 3888 Ad
929 3835 969 3888 ea
994 3813 1165 3888 Romanus
1191 3811 1398 3906 Imperator:
1426 3806 1613 3896 Diuturna,
1642 3805 1694 3878 in·

156 3934 230 4028 quit
239 3935 296 4030 7),
325 3935 442 4010 fratris
468 3936 569 4011 vestm
596 3936 775 4012 Wladislai
801 3935 1014 4026 calamitate,
1043 3935 1095 4010 cui
1123 3934 1253 4008 nullam
1280 3929 1528 4006 miserationem
1554 3951 1574 4001 a
1600 3927 1695 4001 nobis

156 4059 191 4130 et
216 4056 469 4151 praedecessore
496 4060 608 4134 nostro
636 4059 786 4134 Conrado
813 4057 934 4154 rogati,
964 4061 1133 4153 praestare
1158 4053 1325 4145 uoluistis,
1354 4051 1448 4144 moti,
1477 4049 1513 4124 in
1539 4069 1697 4144 praesens

157 4179 284 4254 bellum
313 4179 560 4256 descendimus:
607 4182 694 4272 quod
722 4180 787 4255 etsi
813 4181 959 4256 maximo
996 4181 1133 4276 geratur
1170 4179 1326 4272 sumptu,
1363 4171 1557 4248 humanitas
1584 4173 1699 4246 tamen

156 4303 270 4376 nostra
297 4302 388 4376 tenti
415 4303 478 4394 est,
506 4304 546 4377 ut
572 4304 671 4378 facile
699 4303 790 4378 robis
817 4303 979 4400 ignoscat,
1008 4301 1037 4376 si
1064 4301 1169 4376 irater
1195 4301 1304 4375 vester
1322 4295 1532 4372 Wladislaus
1559 4293 1696 4388 plenam

157 4445 292 4498 suorum
321 4424 510 4500 Ducatuum
536 4429 659 4500 sortem
686 4427 862 4521 acceperit.
895 4426 1161 4520 Interponuntur
1187 4423 1262 4517 post
1288 4420 1371 4494 haec
1396 4415 1654 4513 placitationum
1670 4413 1699 4508 Β)

156 4547 337 4636 tractatus,
365 4548 400 4622 et
426 4547 515 4622 inter
541 4548 782 4644 Imperatorem
808 4547 1025 4638 Fridericum,
1058 4547 1230 4639 Ducesque
1258 4543 1457 4616 Polonorum
1483 4540 1544 4612 sub
1571 4537 1700 4610 duabus

158 4668 406 4744 conditionibus
432 4693 500 4767 pax
527 4671 754 4767 componitur:
801 4673 840 4746 ut
867 4670 1022 4746 videlicet
1048 4671 1188 4744 fratrem
1215 4665 1440 4744 Wladislaum
1465 4660 1535 4736 suis
1561 4656 1700 4734 Ducati·

157 4791 219 4864 bns
245 4792 357 4867 Duces
383 4793 583 4868 Polonorum
619 4794 802 4870 restituant
827 4797 862 4869 et
888 4793 1050 4869 tricantes
1085 4792 1219 4866 lanceas
1255 4785 1387 4863 Caesari
1414 4783 1449 4858 in
1476 4783 1601 4858 bellum
1627 4781 1698 4855 Me·

157 4910 374 5009 diolanum')
401 4913 552 4990 mittant.
580 4917 626 4992 Et
652 4918 731 4992 dum
758 4919 900 5012 utraque
928 4914 1073 4992 conditio
1096 4911 1281 4988 allecibus
1307 4908 1507 4984 Polonorum
1534 4902 1698 4992 Bolcslao‚

265 5121 290 5202 ¹)
313 5125 460 5186 nonnullis
484 5126 608 5187 desertis
643 5125 714 5189 Cod.
737 5127 828 5188 Roer.
874 5123 902 5205 ²)
925 5127 1003 5186 invia
1035 5121 1105 5186 Ood.
1128 5122 1219 5182 Roar.
1265 5116 1292 5194 3)
1314 5117 1499 5190 Kriszogowe
1521 5111 1582 5173 Ed.
1606 5111 1700 5171 Dobr.

160 5223 186 5304 ⁴)
207 5231 396 5303 conspiceres
419 5247 485 5291 esse
507 5233 567 5292 Ed.
589 5233 683 5294 Dobr.
723 5229 749 5311 5)
772 5231 903 5293 defensio
926 5231 985 5290 Ed.
1007 5230 1100 5290 Dobr.
1139 5223 1165 5304 ⁶)
1188 5226 1283 5286 causis
1308 5230 1339 5283 et
1361 5221 1496 5296 querelis,
1519 5218 1622 5292 quibus
1648 5231 1702 5275 nos

157 5333 265 5394 iniuste
289 5349 387 5395 coram
404 5335 550 5398 Caesarea
573 5343 623 5398 tua
637 5339 795 5399 Maiestate
817 5337 956 5408 oneravit,
979 5337 1009 5394 in
1024 5334 1127 5395 faciem
1143 5335 1312 5406 praesentes
1334 5325 1510 5401 responsuri.
1532 5322 1592 5383 Ed.
1607 5320 1702 5380 Dobr.

161 5433 188 5513 7)
211 5437 265 5498 His
289 5438 377 5500 dietis
398 5425 569 5502 sunericus
591 5443 762 5517 Imperator,
785 5443 916 5502 Ducibus
938 5440 1077 5500 Poloniae
1101 5454 1204 5497 sereno
1227 5435 1308 5496 vultu
1331 5431 1470 5509 exceptis,
1493 5428 1617 5501 benigne
1639 5441 1701 5484 res-

159 5543 298 5621 pondens,
315 5546 357 5606 ait
371 5545 431 5608 Ed.
447 5545 540 5616 Dobr.
566 5544 641 5632 ⁸)de
656 5566 729 5622 prece
746 5554 776 5618 et
789 5547 1027 5611 reconciliatione
1048 5542 1116 5604 Occi.
1130 5543 1220 5602 Rorr.
1245 5536 1271 5618 9)
1287 5537 1507 5598 blediolanense
1528 5531 1598 5593 t'ool.
1610 5530 1702 5602 Rosa,
