4192 6272
167 509 230 604 (Α.
252 508 298 586 D.
319 509 439 604 1290.)
774 451 886 582 arana
912 530 1107 587 sarrrmus.
1645 508 1718 582 501

167 741 233 794 sae.
260 717 389 812 Quibus
416 717 516 792 malis
542 717 708 792 militares
735 715 848 792 attriti
870 717 903 810 ¹),
932 717 1079 794 Heurico
1106 717 1191 793 Duci
1207 715 1234 811 ²)
1265 715 1539 792 Wratislaviensi
1575 739 1610 790 se
1646 739 1720 790 rur-

166 861 224 914 sus
251 839 445 929 subiiciunt,
474 839 532 932 qui
559 839 752 934 episcopum
779 838 1028 914 Oracoviensem
1069 839 1212 914 Paulum
1248 841 1283 913 et
1310 861 1424 913 ornnes
1453 837 1578 912 milites
1606 841 1722 931 captos

167 962 337 1051 relaxans,
368 940 570 1055 praesidium
597 961 683 1036 forte
712 960 859 1034 rnilitum
887 961 923 1035 in
949 961 1107 1036 Gracovia
1134 960 1235 1034 iussit
1252 960 1445 1049 consistere,
1465 961 1552 1052 quod
1571 961 1605 1035 st
1624 961 1720 1035 Wla·

165 1083 312 1156 dislaum
338 1082 471 1157 boktak
498 1083 623 1158 Ducem
642 1082 882 1177 Ouyaviensem
910 1085 952 1156 ab
979 1082 1152 1158 invasione
1179 1083 1318 1171 arceret,
1347 1083 1382 1156 ct
1408 1081 1612 1156 desciscendi
1639 1105 1659 1154 a
1686 1103 1721 1156 sa

163 1203 373 1280 occasionem
401 1203 570 1279 militibus
598 1205 813 1298 praecideret.
841 1204 1019 1278 Fratribus
1056 1202 1261 1294 blinoribuS,
1291 1202 1349 1294 qui
1376 1203 1601 1278 Wladislaum
1631 1204 1719 1276 Lok-

165 1328 225 1401 tek
252 1327 288 1401 et
314 1349 392 1401 suos
419 1328 600 1401 nonnullos
627 1326 754 1402 milites
782 1328 1007 1416 servaverant,
1038 1329 1171 1420 peracto
1199 1326 1298 1414 bello,
1327 1325 1458 1419 gratiae
1486 1324 1631 1416 habilae,
1665 1321 1744 1398 eo-'

125 1443 135 1450 ’
165 1470 309 1540 rumque
336 1447 490 1524 coenobio
518 1450 588 1522 tarn
616 1447 826 1543 largitiones,
855 1471 956 1541 quum
984 1447 1217 1522 immunitates
1254 1447 1390 1522 ducales
1416 1467 1601 1520 concessae.

166 1816 323 1888 llanricus
350 1819 487 1908 quadus
514 1811 633 1888 Probus
661 1816 809 1902 noritur,
837 1816 1015 1889 bucatibm
1042 1815 1303 1890 wratislaviensi
1331 1812 1477 1889 bunrado
1505 1813 1722 1904 dlugovicnsi,

165 1937 371 2011 bracariensi
398 1957 474 2011 vcro
503 1942 538 2011 sl
564 1937 817 2010 taudcnirlousl
852 1938 1050 2011 l’raarnislao
1085 1937 1215 2010 llaioris
1242 1937 1394 2009 boloniae
1421 1937 1562 2008 broilus
1590 1936 1721 2026 legalis

165 2059 452 2134 wratislavienses
486 2058 619 2133 laudun
656 2059 836 2133 buaradun
871 2061 988 2132 bucam
1024 2061 1147 2150 perosi,
1175 2058 1307 2131 berrico
1344 2057 1552 2148 logaicrcnsi
1578 2058 1657 2130 buci
1685 2076 1721 2129 so

853 2180 1040 2254 subiiciunt.

268 2420 508 2497 Valetudinem
535 2421 709 2496 adversam
737 2445 780 2496 ex
808 2443 935 2497 veneno
971 2421 1035 2497 sibi
1077 2445 1135 2516 por
1161 2443 1240 2496 suos
1277 2421 1424 2496 Stesitas
1451 2421 1719 2511 subministrato,

166 2567 283 2638 aqua
310 2545 387 2638 plus
414 2565 516 2637 quarn
543 2545 697 2618 semestri
721 2544 939 2620 *detinebatur
966 2544 1088 2640 spatio,
1117 2543 1285 2618 Hemicus
1312 2546 1454 2634 quartus
1480 2545 1608 2617 Probus
1634 2543 1722 2616 alias

164 2667 249 2740 Pius
276 2667 355 2740 Dux
382 2664 676 2742 Wratislaviensis
718 2665 916 2761 intelligens
943 2665 1067 2740 sensim
1095 2665 1318 2756 invalescere,
1348 2667 1382 2739 ot
1408 2664 1477 2739 viur
1513 2664 1633 2740 veneni
1661 2687 1721 2738 au·

166 2787 242 2883 geri
268 2789 304 2863 et
331 2786 484 2879 diffundi,
514 2787 642 2862 Thorna
668 2787 945 2864 Wratislaviensi
972 2787 1126 2882 episcopo
1167 2790 1202 2862 et
1228 2787 1430 2882 prirnoribus
1457 2787 1637 2861 baronibus
1664 2808 1719 2861 ac·

165 2909 310 3001 carsilis,
339 2932 415 2984 curn
442 2909 577 2984 nullum
604 2910 822 3004 superstitem
858 2909 1084 3003 relinqueret,
1113 2909 1428 2984 Wratislaviensem
1463 2907 1630 2984 Ducatum
1660 2931 1719 3003 pa-

170 3034 247 3105 truo
274 3053 334 3105 suo
361 3029 515 3106 cunrado
542 3029 771 3125 Glogoviensi,
801 3030 1052 3106 dracoviensem
1078 3053 1156 3105 voro
1183 3032 1218 3104 et
1241 3027 1546 3104 Sandomirionsom
1573 3028 1721 3104 Praemi-

166 3153 238 3228 slao
265 3150 402 3228 blaioris
428 3151 599 3244 Polemios,
628 3152 777 3227 Ducibus
816 3151 1051 3228 testamentali
1079 3151 1288 3227 ordinatiore
1325 3150 1515 3247 consignat.
1561 3151 1717 3226 daetoras

167 3297 221 3348 res
248 3296 327 3349 suas
355 3273 481 3368 partim
507 3273 669 3365 ecclesiis,
698 3273 824 3369 partim
851 3273 998 3350 consorti
1024 3295 1103 3349 suae
1130 3271 1359 3368 blecbtildi³),
1389 3273 1513 3368 partim
1545 3272 1720 3348 miserabi-

167 3395 257 3471 libus
285 3395 437 3491 personis
464 3396 623 3490 partitus,
653 3396 836 3472 Undecimo
872 3397 1035 3471 dolendas
1071 3395 1221 3490 Augusti
1249 3395 1284 3469 in
1311 3397 1420 3472 castro
1447 3393 1722 3470 Wratislaviensi

167 3517 307 3609 decedit,
336 3519 372 3592 et
398 3517 434 3591 in
461 3517 603 3593 ecclesia
630 3518 776 3594 Sanctae
803 3519 919 3593 (trucis
945 3541 967 3594 a
993 3540 1028 3594 so
1055 3518 1188 3592 noviter
1214 3519 1327 3594 e'recta
1352 3521 1388 3593 et
1414 3517 1532 3592 dolatu
1549 3515 1721 3612 sepelitur.

166 3641 248 3714 Post
274 3638 370 3714 cuius
397 3637 525 3713 obitum
553 3639 728 3714 liunradus
755 3640 992 3735 Glogoviousis
1027 3641 1128 3732 Dus,
1159 3662 1234 3714 curn
1270 3662 1306 3714 so
1342 3641 1388 3714 ab
1420 3637 1566 3715 Henrico
1602 3640 1721 3731 quarto

166 3761 343 3836 haeredem
377 3761 412 3835 ot
447 3759 483 3834 iu
525 3760 842 3836 Wratislaviensem
885 3762 1053 3836 Ducatum
1091 3783 1314 3838 successorem
1350 3762 1464 3836 nosset
1499 3761 1720 3849 declaratum,

165 3881 424 3958 Wratislaviam
451 3881 600 3972 advenit,
629 3905 772 3976 sperans
798 3905 834 3957 sa
863 3882 1179 3958 Wratislaviensem
1216 3884 1383 3958 Ducalurn
1419 3880 1556 3976 pacifice
1583 3883 1618 3957 et
1644 3882 1721 3956 abs-

166 4025 231 4096 que
259 4001 479 4098 competitore
507 4025 745 4097 possessurum.
774 4004 1006 4099 Principatum
1034 4007 1148 4080 autom
1176 4005 1271 4078 illius
1298 4003 1472 4079 nonnullis
1495 4005 1565 4077 tarn
1593 4001 1721 4077 milita·

166 4124 271 4217 ribus,
296 4146 398 4215 quam
425 4123 555 4199 civibus
581 4125 920 4201 Wratislaviensibus
960 4149 1180 4221 magnopere,
1210 4126 1297 4219 quod
1324 4127 1359 4200 ot
1386 4126 1422 4199 in
1450 4147 1589 4220 guerras
1616 4124 1721 4199 bella·

166 4269 233 4338 que
260 4248 295 4320 at
322 4245 546 4320 dissensiones
574 4247 761 4340 proclivus,
790 4249 825 4322 et
853 4248 888 4321 in
916 4271 1067 4324 sermono
1096 4270 1223 4348 parum
1251 4269 1353 4323 verax
1379 4245 1486 4339 foret,
1515 4245 1722 4321 fastidienti-

167 4371 242 4457 bus,
270 4366 470 4458 quibusdum
511 4390 587 4442 voro
628 4368 913 4462 approbantibus,
943 4392 978 4445 re
1005 4392 1049 4445 ax
1076 4368 1353 4445 altercationibus
1380 4370 1416 4443 et
1442 4367 1563 4463 iurgiis
1591 4368 1659 4442 iam
1687 4367 1722 4442 in

166 4487 362 4564 seditionem
393 4489 579 4582 spectante,
608 4490 774 4564 Hauricus
801 4490 1041 4585 Legnicaensis
1067 4493 1146 4565 Dux
1162 4493 1199 4586 4),
1232 4490 1324 4565 filius
1351 4489 1500 4566 Boleslai
1527 4489 1626 4566 Saevi
1653 4490 1748 4564 ao·-

165 4613 307 4706 gatcuce
323 4609 362 4704 ⁵),
393 4594 539 4684 ruoribus
566 4612 601 4684 et
628 4611 755 4686 virtute
782 4611 870 4688 iuter
896 4611 1027 4687 Slosiae
1056 4613 1230 4708 Principes
1256 4613 1448 4707 spectatior,
1480 4633 1539 4706 per
1558 4611 1718 4686 maiorem

166 4735 202 4808 ot
230 4731 396 4807 saniorem
424 4730 624 4805 militarium
651 4735 687 4807 et
714 4732 834 4808 civium
864 4734 1200 4810 wratislaviensium
1227 4736 1357 4830 partem
1376 4733 1556 4826 accersitus
1574 4732 1721 4823 advenit,

165 4855 201 4928 et
228 4853 421 4928 cunradum
448 4852 708 4948 Glogoviansem
735 4854 902 4949 Ducern⁶l
930 4857 1089 4950 patruum
1116 4878 1335 4950 germanum,
1364 4855 1400 4928 iu
1427 4852 1723 4930 Wratislaviensis

166 4976 318 5049 Ducatus
344 4968 552 5068 possessior're
578 4975 754 5067 aliquanto
781 4977 930 5071 tompore
957 4978 1152 5054 haerentem
1167 4977 1196 5071 ⁷)
1231 5000 1275 5053 ox
1302 4975 1527 5053 wratislavia
1553 4974 1722 5050 discedere

278 5269 300 5346 ι)
322 5273 440 5332 attoniti
467 5271 538 5334 Cod.
562 5273 654 5334 Roar.
681 5271 706 5350 ρ)
729 5273 804 5334 Duci
828 5273 907 5336 deest
934 5277 969 5335 ia
995 5273 1066 5336 Ood.
1090 5273 1164 5334 Aut.
1189 5271 1216 5355 ³)
1237 5275 1376 5335 Motbildi
1402 5272 1473 5336 doe.
1497 5275 1588 5336 Roar.
1614 5267 1640 5350 ⁴)
1655 5273 1723 5332 Dux

164 5375 245 5436 deest
267 5376 303 5435 ia
329 5373 399 5436 eoa.
423 5375 497 5438 Act.
523 5373 548 5454 5)
572 5378 706 5453 Rogatlra
732 5376 804 5439 Ood.
827 5379 920 5441 Roas.
954 5375 980 5457 6)
1003 5379 1216 5441 Βυοθιηάεθεέ
1238 5381 1274 5440 io
1300 5377 1370 5441 Cori.
1395 5377 1469 5440 Aut.
1502 5375 1528 5456 ⁷)
1551 5395 1722 5455 permanan·

168 5485 227 5540 tom
255 5478 327 5540 dod.
358 5481 449 5543 Rosr.
