4172 6278
150 501 269 602 (nn.
289 503 399 602 ulcr)
763 525 875 581 ursus
901 523 1055 582 smnus.
1610 505 1684 582 201

148 715 240 790 unta
265 711 455 808 frequentia
480 711 669 788 illustrium
687 733 906 808 personarum
933 711 1002 789 fuit
1028 711 1174 808 insigne,
1203 714 1243 788 ut
1268 733 1312 789 ex
1334 711 1547 808 patriarchis,
1576 713 1689 790 archi-

148 833 304 930 episcopis
329 836 366 910 et
391 833 569 930 episcopis,
597 833 742 928 aliisque
769 834 1023 930 praestantibus
1050 833 1214 930 praelatis
1241 833 1337 910 mille
1362 833 1499 910 ducenti
1525 835 1560 910 et
1587 834 1688 929 quin·

147 955 247 1030 decim
272 958 550 1044 numerarentur;
578 955 708 1048 inquo
735 957 770 1032 et
797 979 857 1052 pro
876 955 1028 1052 generali
1055 955 1204 1031 subsidio
1231 955 1355 1031 l’errae
1381 955 1526 1031 Sanctae
1552 957 1689 1032 ferendo

146 1077 274 1152 enixius
300 1077 479 1170 laboravit,
517 1079 553 1152 et
579 1078 695 1173 plures
722 1077 949 1154 ordinationes
983 1077 1087 1152 utiles
1123 1101 1183 1173 pro
1210 1077 1422 1154 reformanda
1448 1077 1601 1153 Ecclesia
1626 1076 1690 1152 Dei

145 1197 359 1275 attollendis
385 1199 561 1276 nonnullis
587 1198 748 1275 abusibus
774 1199 892 1276 edidit.
937 1199 999 1274 (lui
1025 1199 1129 1275 etiam
1164 1199 1311 1276 Ooncilio
1346 1200 1466 1276 beatus
1492 1198 1688 1273 Dominieue

145 1321 236 1416 pater
260 1323 296 1397 et
323 1321 501 1398 institutor
535 1321 663 1398 ordinis
697 1321 970 1398 Praedicatorum
1005 1321 1176 1415 intermit,
1213 1324 1248 1397 et
1275 1321 1349 1395 illic
1375 1320 1429 1394 sui
1455 1320 1582 1396 ordinis
1608 1342 1687 1396 con·

144 1441 363 1519 firmationem
389 1445 434 1519 ab
458 1443 656 1520 Innocentio
691 1445 785 1538 Papa
820 1443 893 1519 ficri
929 1441 1062 1538 petivit,
1100 1465 1200 1535 quem
1235 1441 1272 1516 in
1298 1442 1496 1518 l'lrolosanis
1534 1441 1688 1537 partibus

144 1565 237 1639 verbo
262 1564 298 1640 et
325 1567 481 1660 exemplo
507 1567 626 1641 contra
653 1563 1086 1660 haereticospraedicando
1113 1564 1322 1639 instituerat.
1349 1565 1393 1638 In
1410 1565 1524 1640 codem
1552 1564 1690 1658 insuper

143 1684 357 1760 lateranensi
384 1684 532 1762 (loncilio
568 1686 743 1780 praelatus
774 1685 993 1762 Innocentius
1020 1687 1115 1780 Papa
1141 1685 1307 1761 desiderio
1331 1684 1464 1760 animae
1491 1705 1572 1760 suae
1598 1683 1688 1778 poti·

142 1807 207 1899 tus,
242 1830 309 1899 quo
336 1809 497 1883 aestuans
533 1808 569 1882 in
596 1827 748 1883 sermone
783 1807 820 1881 in
855 1807 1004 1882 Concilio
1040 1807 1210 1903 proposito
1236 1806 1334 1900 quasi
1353 1807 1378 1900 ¹)
1413 1806 1609 1902 prophetice
1635 1805 1687 1879 in-

141 1927 336 2004 choaverat:
370 1927 563 2018 ,Desiderio
581 1928 768 2005 desideravi
787 1929 849 2004 hoc
867 1929 999 2004 Pascha
1016 1928 1218 2004 munducare
1239 1927 1429 2004 vobiscum“
1441 1927 1480 2022 ²),
1500 1927 1596 2003 obiit.
1624 1926 1686 2001 Oui

142 2049 307 2124 Honorius
333 2049 457 2126 tertius
483 2049 644 2141 subsedit,
682 2071 794 2144 aquo
821 2051 941 2126 beatus
975 2050 1177 2134 Franciscus
1211 2051 1289 2146 post
1320 2051 1445 2125 multos
1471 2049 1603 2124 labores
1629 2069 1690 2142 per
1756 2121 1759 2126 .

142 2170 280 2247 multmn
309 2171 511 2247 instantium
537 2171 688 2248 ordinem
716 2193 813 2246 suum
840 2171 989 2247 obtinuit
1016 2171 1218 2247 confirmari.
1254 2173 1381 2248 Beatus
1408 2170 1546 2266 insuper
1572 2169 1688 2245 Domi-

141 2290 233 2365 nicue
258 2314 303 2368 ex
330 2291 508 2389 Hispaniis
534 2293 658 2370 iterum
684 2293 826 2369 Romam
854 2313 1019 2385 reverens,
1047 2293 1106 2367 ubi
1124 2293 1328 2389 Magistrum
1357 2289 1604 2386 Reinaldumu
1631 2289 1687 2366 dc·

140 2431 257 2489 canum
286 2414 405 2490 Sancti
432 2414 556 2512 Amani
582 2414 871 2507 aurelianensem,
901 2415 942 2488 de
968 2413 1239 2510 peregrinatione
1257 2415 1381 2492 'ferrae
1406 2415 1551 2490 Sanctae
1577 2435 1687 2489 rever·

140 2533 279 2629 tentem,
295 2537 477 2630 offendens,
504 2536 546 2610 ad
572 2536 809 2612 assumendum
835 2557 933 2612 suurn
961 2535 1110 2612 ordinem
1136 2536 1284 2612 induxit.
1311 2537 1382 2632 Quo
1401 2536 1585 2631 assumpto,
1613 2555 1690 2609 cum

139 2659 232 2732 beato
258 2657 440 2734 Dominico
466 2658 562 2735 venit
588 2657 775 2734 Bononiam
800 2661 837 2734 et
863 2657 973 2754 coepit
995 2657 1188 2754 praedicare
1216 2661 1252 2733 et
1279 2659 1511 2734 commendare
1537 2655 1688 2734 ordinem

140 2779 423 2873 Praedicatorum,
460 2783 496 2857 el
529 2781 671 2856 eundem
694 2780 855 2872 ordinem,
893 2780 1035 2856 Domino
1070 2781 1279 2876 cooperante,
1308 2800 1368 2876 par
1394 2780 1502 2856 totam
1527 2780 1689 2855 Irombar-

141 2900 225 2976 diam
252 2904 294 2977 et
319 2901 472 2978 Venetiis
498 2902 535 2976 in
561 2901 654 2978 brevi
689 2903 839 2997 tempore
875 2901 1021 2978 feliciter
1056 2901 1310 2978 disseminavit:
1347 2902 1445 2997 quasi
1480 2901 1571 2977 enim
1607 2901 1691 2976 tuba

140 3043 267 3116 mnora,
299 3045 366 3099 vox
393 3023 655 3119 praedicationis
681 3022 754 3098 eius
790 3024 888 3099 corda
922 3022 1133 3100 audientium
1168 3024 1378 3118 percutiebat
1414 3025 1449 3099 et
1476 3024 1611 3117 pectora
1636 3020 1689 3095 in-

139 3143 257 3222 durata
287 3143 471 3223 efficaciter
498 3143 748 3238 liquefaciebat.

434 3511 572 3592 lentae
599 3513 863 3592 llladlrlrvionrl
890 3515 1045 3610 episcopo
1073 3514 1222 3592 succedit
1247 3515 1391 3592 lictori.

238 3756 327 3831 Cum
354 3755 453 3831 annis
480 3779 583 3852 prope
610 3756 783 3834 duodecim
809 3757 1130 3834 wladislaviensem
1152 3757 1327 3835 ecclesiam
1354 3757 1485 3835 Bartha
1512 3755 1688 3854 episcopus

138 3877 296 3970 rexisset,
326 3880 426 3954 rebus
452 3878 623 3973 excipitur
648 3879 820 3971 humanis,
849 3880 962 3954 dolore
988 3880 1111 3955 calculi
1137 3881 1321 3974 correptus.
1368 3879 1440 3974 Quo
1466 3881 1556 3975 apud
1582 3882 1688 3955 eccle-

137 3997 221 4073 siam
248 3998 573 4076 wladislaviensem
600 4001 780 4092 tumulato,
810 4000 953 4076 Michacl
980 4002 1137 4093 Polonus,
1166 4001 1289 4076 nobilis
1308 4002 1348 4076 de
1367 3999 1499 4076 lumilia
1525 4000 1690 4076 (iodrum-

137 4119 180 4194 ba
193 4122 224 4215 4)
251 4143 314 4216 per
339 4121 538 4197 electionem
566 4122 761 4197 canonicam
788 4123 831 4196 ab
857 4122 1006 4197 Honorio
1032 4123 1125 4217 Papa
1151 4122 1264 4216 tertio,
1293 4123 1446 4199 cunrado
1470 4123 1636 4199 llasoviae
1655 4125 1690 4199 et

136 4240 297 4317 (luiaviae
323 4243 415 4319 Duce
442 4243 515 4317 eius
542 4242 741 4320 electionem
767 4246 993 4338 promovente,
1022 4243 1187 4339 provisus.

598 4602 807 4718 nudus
842 4603 1069 4720 DOMINI
1104 4603 1237 4722 1216.

135 4847 213 4924 cru
241 4845 425 4924 vlmtltutrr
443 4863 517 4923 cem
534 4850 694 4924 iriderim
722 4853 827 4925 clamo
854 4852 894 4925 ds
920 4853 1055 4945 inperio
1082 4852 1266 4947 contemtu
1296 4855 1476 4929 emortuo
1503 4851 1690 4928 lnnooantio

537 4973 638 5065 laps,
664 4972 825 5047 donorum
852 4975 885 5046 ln
912 4975 1020 5048 mcum
1047 4975 1119 5048 cius
1145 4975 1301 5049 mcaedlt.

241 5174 383 5252 Duobus
410 5176 451 5252 dc
477 5175 637 5273 Imperio,
660 5178 819 5256 videlicet
845 5180 1015 5256 Friderico
1041 5183 1077 5257 et
1103 5182 1237 5274 Ottone,
1266 5180 1555 5274 contendentibus,
1586 5181 1691 5256 durus

247 5367 273 5448 ¹)
294 5385 382 5444 quern
403 5371 489 5444 quasi
515 5369 586 5432 Occi.
609 5369 703 5432 Rocr.
743 5369 771 5450 Ω)
794 5371 870 5432 Lac
893 5371 1014 5447 nomo.
1040 5371 1115 5449 (lap.
1134 5365 1249 5434 XXII.
1264 5389 1291 5432 c.
1307 5375 1354 5434 15.
1393 5370 1607 5451 ummuuun
1630 5373 1690 5435 Ed.

134 5472 233 5534 Dobr.
274 5469 505 5551 ‘JGodziemba
529 5472 600 5538 Coc.
623 5473 717 5539 Rcrr.

186 5607 211 5654 J.
224 5608 319 5664 illuct.
332 5609 419 5655 umor.
432 5608 512 5654 Mon.
526 5607 552 5653 Τ.
566 5609 599 5654 Π.
1501 5602 1534 5648 26
1626 5604 1632 5618 ¹
