4186 6276
134 534 199 640 (Α.
219 537 267 614 D.
289 534 402 639 1180.)
756 559 867 614 emes
893 559 1046 615 sexsus.
1600 539 1671 614 105

134 747 274 822 moritur
300 751 336 823 et
362 747 397 822 in
424 746 596 823 Ploceeusi
623 745 764 824 ecclesia
791 747 964 844 sepelitur.
992 747 1051 823 Oui
1079 747 1178 822 Vites
1204 748 1244 823 de
1270 747 1388 823 dhotel
1417 769 1461 822 ex
1478 748 1569 822 terra
1587 747 1672 822 San-

133 869 325 946 domiriensi
352 871 458 962 ortus,
489 869 611 944 nobilis
638 871 801 945 dedomo
828 870 960 961 lanima,
990 893 1049 966 per
1075 871 1270 945 electionem
1297 869 1488 944 canonicam
1516 869 1673 960 succedit,

133 993 280 1066 aPetro
306 991 495 1068 Gnesneusi
522 992 780 1088 archiepiscopo,
820 993 992 1068 Kaeimiro
1019 993 1109 1067 Duce
1136 992 1344 1068 creeoviensi
1379 994 1414 1068 et
1431 991 1550 1087 'Regni
1577 992 1673 1066 Polo·

134 1113 209 1208 niae
235 1115 418 1190 Mouarcba
444 1115 685 1206 consentiente,
714 1115 887 1211 provisus:
924 1115 981 1210 qui
1012 1115 1080 1191 trie
1106 1115 1308 1192 monasterie
1343 1115 1468 1189 ordinis
1494 1117 1672 1189 Preemou·

134 1237 312 1312 stratensis
338 1237 505 1328 fundavit,
534 1237 690 1313 videlicet
716 1237 752 1312 in
781 1237 938 1331 Withov,
968 1240 1081 1314 Busko
1108 1242 1142 1314 et
1169 1239 1338 1312 Ploceslvo.

592 1599 801 1714 eunus
836 1567 1060 1714 nomm
1094 1599 1228 1714 neo.
1290 1621 1291 1624 Ν

135 1848 318 1924 laetatam
347 1850 520 1950 pacificato
549 1851 670 1943 begua,
705 1852 879 1944 llpeeeslai
914 1853 1005 1944 lagae
1032 1851 1161 1944 iniquas
1188 1851 1340 1942 abreget,
1377 1867 1540 1942 novaeque
1566 1849 1675 1925 instar

10 2083 11 2086 Ν
135 1973 324 2046 coemittit:
351 1991 408 2065 pro
435 1992 568 2066 querum
596 1973 838 2048 eoebrnatione
865 1978 898 2048 at
924 1974 1064 2047 allevier
1091 1974 1202 2048 Sancti
1229 1991 1361 2066 corpora
1388 1973 1519 2046 bonan
1547 1974 1675 2065 legatus

850 2096 960 2171 nitria
1600 2100 1602 2104 ’

240 2335 415 2412 Universis
443 2337 623 2433 provinciis
650 2337 762 2434 Regni
789 2339 946 2415 Poloniae
973 2339 1015 2414 ad
1037 2337 1261 2414 obedientiam
1287 2359 1381 2414 suem
1400 2336 1593 2412 Kaeimirus
1611 2339 1674 2412 Po·

90 2472 98 2498 ·
136 2459 290 2534 lonorum
317 2460 394 2532 Dux
421 2461 456 2533 et
482 2461 674 2552 blenarcba,
702 2460 788 2536 mira
814 2461 962 2552 solertia,
991 2461 1223 2553 industriaque
1243 2459 1265 2555 1)
1293 2449 1450 2552 reductis,
1478 2461 1512 2534 id
1531 2460 1676 2556 primum

10 2605 11 2608 ‘
137 2581 201 2656 sibi
227 2581 388 2676 Princeps
414 2582 540 2657 virtute
567 2584 678 2658 clarus
705 2585 872 2678 agendum
908 2584 1102 2680 assumpsit,
1131 2586 1171 2658 ut
1198 2581 1341 2679 petriam
1377 2581 1557 2677 exquisitis
1584 2604 1676 2678 pres-

137 2703 226 2778 suris
262 2706 298 2778 et
333 2704 583 2799 gravaminibus
622 2727 814 2780 concussam
851 2707 885 2780 in
921 2707 1112 2781 libertatern
1152 2708 1188 2779 eb
1226 2706 1428 2798 aequitatem
1469 2705 1622 2781 vendicet
1636 2705 1676 2800 Ἰ).

137 2827 259 2900 Omnes
286 2826 400 2920 itaque
426 2849 512 2921 quae
540 2851 560 2901 a
585 2829 772 2924 Myeczslec
798 2829 904 2903 fratre
931 2851 1000 2917 suo,
1038 2828 1175 2920 eiusque
1211 2829 1389 2923 praelectis
1415 2829 1450 2902 et
1477 2827 1678 2904 officialibus

137 2948 343 3024 constitutae
361 2951 459 3024 erant
476 2973 580 3025 novae
599 2950 719 3042 datiae,
747 2951 888 3044 tributa,
915 2952 1049 3027 telonea
1074 2953 1109 3026 et
1135 2951 1327 3026 exactiones
1352 2949 1508 3025 dissolvit
1530 2951 1565 3024 et
1581 2952 1677 3024 abro-

137 3073 210 3166 gat,
239 3071 427 3146 calumnias
453 3074 596 3164 resecat,
634 3073 891 3149 calumniatores
917 3076 977 3148 aut
1004 3073 1181 3169 proscribit
1216 3077 1276 3149 aut
1310 3073 1390 3169 igne
1425 3071 1616 3162 muterisat,
1643 3073 1679 3146 et
1724 3061 1726 3064 ’

137 3193 251 3268 omnia
277 3191 399 3268 iudicia
426 3193 553 3288 inique,
581 3194 703 3288 quibus
730 3196 944 3272 substantiae
970 3195 1142 3271 hominum
1169 3196 1441 3286 absorbebantur,
1468 3193 1623 3270 eliminat
1644 3196 1679 3268 et

137 3316 180 3389 ad
207 3316 304 3408 recti,
333 3315 482 3409 iustique
517 3317 707 3394 libraminis
743 3320 869 3416 redigit
893 3319 1088 3416 puritatem.
1133 3317 1187 3394 lld
1213 3318 1355 3394 maiores
1390 3317 1508 3413 deiude
1542 3319 1676 3407 ebusus,
1770 3373 1774 3390 .

137 3439 196 3531 qui
224 3461 267 3513 ex
294 3439 398 3514 veteri
425 3441 675 3532 consuetudine,
710 3465 777 3517 non
805 3442 897 3518 iuter
922 3441 1222 3538 praevaricationes
1247 3443 1283 3516 et
1308 3441 1402 3534 vitia,
1431 3442 1488 3515 sed
1516 3439 1604 3514 inter
1629 3437 1678 3513 le·

138 3581 199 3657 ges
225 3563 261 3635 et
288 3560 363 3636 iura
388 3561 500 3658 Regni
527 3566 800 3654 numerabantur,
830 3565 1020 3658 abolendos,
1057 3587 1193 3660 operam
1224 3585 1318 3638 suem
1345 3585 1475 3638 omnem
1501 3559 1678 3637 convertit:

138 3683 198 3776 qui
227 3683 384 3775 quoniam
411 3687 446 3759 et
472 3685 644 3782 Principes
670 3689 704 3762 et
724 3691 874 3780 barenes,
904 3687 1112 3782 maioresque
1130 3685 1288 3762 Poloniae
1303 3684 1331 3781 ³)
1357 3687 1584 3781 pervaserant,
1613 3682 1678 3758 dif-

138 3805 312 3881 ficiliorem
338 3806 388 3882 sui
406 3808 434 3902 ⁴)
460 3808 653 3884 alliciebant
680 3811 898 3904 curationem,
928 3812 1068 3886 moleste
1094 3809 1281 3886 ferentibus
1307 3809 1518 3905 primoribus,
1547 3829 1583 3881 se
1609 3805 1679 3880 suis

137 3929 383 4024 praerogativis
408 3932 444 4004 et
469 3933 761 4008 commoditatibus
788 3933 927 4029 privari.
954 3935 1041 4009 Erat
1066 3933 1192 4009 etemm
1218 3931 1394 4008 Polonicae
1420 3930 1515 4027 genti
1542 3951 1679 4004 consue·

137 4051 348 4126 tudinarium
375 4055 410 4127 et
437 4054 585 4146 solenne,
623 4058 662 4130 ut
688 4056 816 4131 nobiles
843 4059 878 4132 et
904 4055 1070 4132 militares
1085 4057 1249 4131 ‘faciendo
1265 4055 1293 4150 6)
1320 4076 1379 4150 per
1405 4055 1560 4148 Regnum
1586 4055 1680 4126 trau·

10 4241 11 4248 r
137 4173 226 4248 situs
252 4173 449 4265 abitinere,
478 4199 544 4251 uon
572 4177 706 4252 foenum
733 4179 974 4270 tantummodo,
1009 4178 1172 4275 stipulam
1198 4179 1233 4254 et
1259 4177 1402 4274 paleam,
1431 4177 1489 4251 sed
1515 4196 1681 4251 annonam

139 4297 176 4370 et
201 4297 369 4390 reliquum
395 4297 522 4373 rictum
549 4301 741 4395 agrestibus
767 4301 832 4376 eibi
858 4301 930 4377 deri
945 4302 973 4397 6)
1000 4301 1217 4399 imperarent,
1245 4305 1280 4377 et
1306 4281 1525 4377 abnuentium
1551 4299 1682 4394 potenti

136 4417 322 4512 invasione,
352 4419 504 4496 domibus
530 4423 566 4496 et
589 4418 720 4499 'horreis
747 4423 935 4520 perfractis,
972 4446 1073 4498 suam
1102 4421 1336 4500 necessitatem
1372 4421 1530 4498 licentius
1564 4421 1682 4516 exple·

136 4543 217 4616 rent
255 4543 291 4617 et
317 4543 404 4617 boue
438 4543 623 4639 agrestium
659 4569 725 4620 nou
760 4547 831 4621 tam
866 4547 1095 4642 depascerent,
1130 4569 1230 4640 quam
1257 4546 1499 4642 proculcarent.
1544 4543 1683 4618 Privata

135 4664 276 4760 insuper
302 4665 440 4760 negotia
465 4666 590 4742 exilem
617 4665 786 4744 interdum
812 4668 1108 4765 importantiamb
1135 4668 1306 4761 babentia,
1339 4668 1466 4743 nobiles
1493 4667 1527 4740 et
1553 4665 1681 4739 milita-

135 4808 195 4861 res
221 4786 436 4882 disposituri,
465 4811 567 4881 eqrvos
582 4788 611 4884 ε)
637 4790 823 4885 agrestium
852 4791 886 4865 in
914 4815 990 4868 rure
1017 4792 1071 4868 vel
1097 4791 1224 4887 campis
1254 4791 1479 4887 apprehensos
1493 4787 1532 4884 ⁹),
1561 4811 1620 4882 per
1647 4809 1682 4862 se

135 4910 201 4984 aut
226 4930 304 4984 suos
331 4909 499 4986 satellites
524 4933 718 4988 conscensus
738 4913 792 5008 ¹⁰),
821 4912 925 4990 citato
952 4915 987 4990 et
1013 4913 1176 5010 pervicaci
1194 4912 1237 5008 ¹¹)
1263 4935 1361 4987 cursu
1387 4913 1489 5008 longa
1515 4909 1683 4984 interdum
1785 4951 1786 4954 κ

247 5117 274 5199 ¹)
296 5121 457 5194 celeritate,
479 5124 653 5197 ingenioque
680 5123 749 5185 (lod.
774 5123 864 5186 Reae.
903 5117 930 5197 Ω)
952 5124 1121 5186 vindicaret.
1137 5125 1197 5185 Ed.
1220 5123 1314 5184 Debr.
1352 5119 1380 5200 8)
1401 5121 1523 5182 Maioris
1537 5119 1684 5194 ,Poloniae
1794 5126 1798 5137 ⁴

137 5225 202 5287 Ed.
224 5225 317 5286 Βοῦν.
356 5221 383 5304 ⁴)
406 5227 462 5286 sibi
489 5223 560 5288 Ood.
584 5229 676 5288 Rosa.
721 5223 747 5305 5)
771 5227 913 5289 iacientes
936 5228 995 5290 Ed.
1018 5229 1112 5290 Βοῦν.
1151 5225 1257 5306 ⁶)sibi
1279 5227 1343 5288 dari
1364 5227 1443 5288 deest
1464 5228 1500 5285 aba
1517 5225 1587 5288 Ood.
1610 5223 1684 5285 Aer.

140 5327 397 5408 ⁷)nece'ssitatem
431 5329 501 5393 uec.
525 5331 618 5393 Βονν.
657 5329 686 5412 ⁸)
711 5336 792 5406 equis
828 5333 899 5394 (led.
922 5335 1014 5396 Roer.
1053 5330 1080 5412 9)
1106 5334 1295 5409 apprehensis
1328 5330 1398 5395 (led.
1421 5331 1512 5392 Βοῦν.
1554 5327 1595 5408 ¹⁰)
1617 5345 1685 5390 ccu-

139 5435 253 5496 scenais
280 5433 351 5496 Geel.
374 5436 467 5496 Beer.
509 5432 552 5520 ¹¹)
573 5438 686 5511 pernici
708 5437 768 5499 Ed.
791 5437 885 5500 Βοῦν.

192 5571 214 5617 v.
228 5570 318 5628 erma
333 5571 417 5616 mser.
430 5572 508 5616 aaran
524 5571 548 5616 a.
563 5571 595 5618 11.
1405 5612 1409 5618 ,
1499 5578 1531 5630 14
