4208 6282
153 556 205 654 (s.
222 551 270 632 D.
291 555 394 652 lrrr.)
765 577 877 630 ursae
903 575 1055 632 suxrus.
1463 639 1469 672 κ
1636 555 1684 630 95

153 769 251 843 lorare
278 765 562 856 oontendoramus‚
591 785 764 861 pressuras
790 765 825 840 et
853 753 919 860 ipsi
947 763 1137 860 opperimur
1157 765 1191 861 ¹).
1219 765 1335 858 Neque
1353 764 1420 843 iarn
1446 765 1538 842 salus
1555 765 1687 862 patriae

150 889 236 964 nobis
263 888 494 964 tantummodo
520 889 701 983 spectanda
717 887 757 983 i),
795 888 1007 980 euraudaque
1033 888 1095 979 est,
1132 889 1191 964 sed
1221 910 1350 964 summo
1377 887 1501 982 studio,
1537 909 1684 964 summa·

150 1033 206 1105 que
232 1033 313 1086 eura
339 1011 432 1086 salus
458 1009 591 1106 priuata
623 1010 802 1102 serrendo,
840 1009 1164 1104 providendumque,
1203 1033 1245 1087 ne
1280 1011 1415 1106 publiea
1450 1033 1525 1088 oum
1552 1009 1686 1106 prirata

149 1156 210 1210 una
234 1133 404 1210 intersunt
419 1130 458 1228 3).
505 1131 588 1208 Mihi
608 1132 653 1212 ,in
679 1136 750 1208 tam
777 1132 963 1228 periculoso
989 1134 1024 1209 et
1050 1132 1181 1228 patriae
1207 1135 1241 1210 ot
1268 1135 1382 1210 nostro
1413 1133 1604 1210 diserinrine
1629 1135 1686 1230 ty··

147 1277 286 1331 murum
313 1256 425 1350 plaoet
450 1235 559 1348 deliri,
597 1257 631 1330 et
659 1255 694 1330 in
721 1256 831 1332 looum
857 1254 929 1330 eius
956 1254 1127 1330 meliorem
1153 1255 1334 1351 surrogari.
1378 1255 1444 1332 Sed
1469 1256 1684 1352 anticipatio-

149 1400 217 1453 nem
235 1379 409 1454 eeleritate
435 1378 544 1454 etiam
564 1378 717 1457 admixta
743 1378 832 1454 faoto
859 1377 1020 1474 optimam
1047 1400 1130 1470 roor,
1159 1401 1212 1472 ne,
1240 1378 1270 1452 si
1296 1363 1461 1475 tyrannus
1487 1378 1578 1475 prior
1603 1401 1684 1474 sup·

148 1499 254 1597 pliciis
281 1523 342 1576 nos
368 1501 526 1594 affecerit,
556 1503 694 1577 eonatus
721 1501 838 1592 nostri,
866 1501 962 1576 nobis
989 1501 1168 1592 damnatis,
1205 1500 1356 1578 residunt
1382 1501 1418 1576 in
1444 1500 1589 1576 irritum.
1634 1502 1685 1592 Ea

146 1623 312 1698 mutantia
338 1623 439 1700 faoile
463 1625 505 1699 ab
532 1623 685 1699 omnibus
715 1625 853 1719 aooeptu
879 1627 914 1699 et
940 1624 1089 1717 laudata,
1125 1625 1199 1698 tum
1226 1624 1359 1700 domum
1386 1623 1426 1699 de
1453 1623 1685 1699 substituendo

146 1747 231 1821 Duae
261 1747 368 1822 altaro
403 1747 437 1821 ot
472 1747 652 1822 Monsroha
688 1745 890 1821 consultatio
925 1745 1043 1820 habita
1057 1747 1104 1841 b:
1141 1767 1225 1839 quae
1260 1767 1336 1820 oum
1367 1745 1445 1842 plus
1471 1744 1685 1820 difficultatis

145 1869 264 1944 habero
291 1867 471 1959 rideretur,
508 1868 643 1963 longius
669 1867 706 1942 in
732 1868 795 1942 illa
821 1868 1033 1942 immoratum
1061 1869 1124 1959 est,
1161 1867 1360 1963 praesertim
1394 1890 1469 1942 oum
1495 1867 1683 1962 aliquorum

143 1990 330 2066 sententiae
365 1990 563 2066 variassent.
608 1991 732 2066 Verum
759 1991 952 2086 Stephanus
982 1990 1155 2086 palatinus
1188 1990 1413 2068 Oraooriensis
1448 1989 1597 2066 orations
1622 2013 1685 2066 sua

143 2115 287 2188 domnos
315 2113 349 2187 in
377 2113 584 2189 eoneordiam
601 2113 753 2188 reduxit:
781 2114 855 2188 Non
883 2113 1048 2205 eonrenit,
1078 2112 1201 2207 inquit,
1229 2133 1391 2209 proesres,
1419 2115 1459 2188 ut
1475 2135 1546 2190 rem
1564 2113 1684 2208 suapte

142 2235 274 2310 faeilem
302 2235 339 2309 in
366 2235 603 2312 difficultatem
639 2237 843 2327 adroeemus,
882 2236 918 2310 st
943 2237 1014 2310 tam
1041 2235 1182 2330 patrias,
1221 2257 1322 2329 qaam
1356 2237 1470 2311 nostro
1505 2234 1680 2330 gliscente,

143 2358 204 2447 rsl,
233 2359 274 2430 ut
300 2358 412 2433 rerius
447 2359 595 2450 eloquar,
633 2357 947 2453 superimpendonte
982 2357 1141 2453 paritulo,
1178 2357 1341 2434 uarietate
1376 2357 1620 2434 sententiarum
1647 2357 1683 2432 in

141 2480 326 2575 longiorem
352 2481 526 2556 trahamus
553 2503 690 2557 moram.
720 2481 828 2555 Extat
854 2480 943 2554 onim
970 2480 1005 2554 in
1032 2479 1217 2576 propinquo
1245 2479 1404 2576 Princeps
1426 2479 1594 2576 ingenuus
1611 2481 1682 2556 Ka·

140 2603 278 2676 aimirus
306 2602 586 2678 Sandomiriensis
612 2605 707 2678 Dux:
739 2603 835 2679 ouius
861 2603 1073 2699 probitatem,
1102 2603 1327 2698 prudentiam,
1354 2603 1579 2678 faotiritatem
1594 2603 1622 2698 ⁵)
1648 2605 1683 2678 et

141 2725 340 2800 modestiam
367 2725 522 2834 plurimis
548 2749 615 2800 non
641 2728 776 2801 tantum
803 2725 936 2802 iudieiis
962 2728 998 2801 et
1024 2725 1143 2822 signis,
1171 2726 1229 2802 sed
1252 2725 1406 2822 oporibus
1423 2727 1459 2802 et
1475 2722 1683 2820 effeutibus⁶l

139 2851 173 2922 et
198 2848 348 2923 ridimus
375 2848 441 2944 ipsi
466 2851 502 2924 et
527 2848 684 2924 eontinue
710 2848 912 2944 experimur.
958 2849 1001 2923 Iu
1027 2871 1126 2943 quem
1158 2847 1365 2924 liberalitate
1400 2849 1542 2925 naturae
1568 2869 1683 2924 ornnes

137 2993 221 3066 pene
248 2970 407 3062 virtutes,
444 2971 622 3062 iustitiam,
660 2971 905 3062 fortitudinem,
941 2970 1211 3066 temperantiam,
1247 2971 1498 3065 liberalitatem,
1537 2971 1682 3068 pruden-

137 3093 232 3184 tium,
263 3092 466 3168 industriam
493 3094 625 3169 eonstat
653 3092 872 3168 confluxisse:
909 3093 1052 3168 blandus
1079 3092 1243 3187 alloquio,
1279 3093 1529 3170 oonrorsatione
1555 3093 1679 3189 gnaris,

136 3214 231 3290 aditu
259 3213 386 3308 faoilis,
423 3214 569 3311 propriis
595 3217 630 3290 et
656 3215 782 3291 exteris
817 3214 927 3290 eirilis
953 3218 988 3292 et
1013 3216 1191 3308 humanus,
1228 3214 1360 3292 miseris
1387 3217 1422 3290 st
1447 3215 1563 3310 aliqua
1590 3217 1681 3292 eala·
1723 3299 1727 3308 ,

136 3337 258 3413 mitate
300 3337 468 3432 oppressis
502 3337 691 3433 gratiosus;
728 3337 762 3412 in
798 3337 923 3413 rirtute
953 3337 1146 3413 honoranda
1181 3337 1348 3434 egregius,
1375 3337 1410 3413 in
1437 3337 1550 3414 labore
1585 3361 1681 3434 prae·

135 3460 271 3536 rulando
300 3460 458 3556 providus
483 3463 518 3536 et
544 3459 579 3536 iu
606 3459 846 3537 distribuendis
873 3460 922 3536 roi
949 3460 1102 3556 publioae
1121 3453 1314 3537 muneribus
1339 3463 1374 3536 et
1399 3461 1520 3538 oifiuiis
1547 3461 1680 3558 dispen-

134 3585 227 3658 sator
254 3582 379 3674 fidelis,
407 3585 539 3659 tantam
565 3583 608 3659 ad
635 3606 747 3660 ornnes
773 3584 925 3659 redolens
938 3582 968 3679 ⁷)
993 3583 1237 3680 benignitatem
1263 3586 1298 3660 et
1324 3583 1481 3680 gratiam,
1509 3588 1548 3661 ut
1575 3584 1681 3660 ineer-

134 3705 252 3802 tuur')
282 3705 441 3798 offecerit,
469 3707 583 3781 utrum
611 3705 645 3780 in
672 3705 733 3782 illo
761 3709 882 3781 natura
908 3705 1055 3801 gratiam
1081 3705 1206 3798 rineat,
1235 3729 1278 3780 an
1304 3706 1416 3802 gratia
1441 3709 1608 3782 naturam.
1636 3709 1682 3782 Et

132 3828 213 3903 lieet
240 3850 280 3902 se
309 3827 462 3902 omnibus
487 3830 523 3904 et
549 3829 749 3923 placabilem
776 3831 811 3904 et
838 3827 1042 3904 exorabilem
1074 3828 1242 3920 exhibeat,
1280 3830 1540 3923 eunotomnrque
1566 3851 1679 3905 exeas·

131 3951 226 4026 sibus
255 3951 360 4026 iaoile
386 3951 583 4046 depredatus
601 3951 774 4046 iguoseat;
803 3950 1082 4026 calumniatorum
1099 3952 1211 4026 tamon
1237 3953 1309 4026 tam
1335 3973 1469 4027 sereres
1494 3954 1530 4026 et
1555 3973 1629 4026 osor
1646 3955 1682 4027 et

132 4073 273 4166 punitor
301 4075 365 4165 est,
393 4073 493 4147 utin
521 4095 665 4168 perenne
692 4095 804 4148 eorum
831 4073 1035 4149 eoniusionis
1052 4073 1275 4168 opprobrium,
1303 4074 1338 4147 ot
1363 4075 1403 4148 ut
1428 4073 1570 4150 emeris
1587 4074 1681 4150 labes

132 4195 207 4289 ipsa
233 4195 359 4271 terrori
385 4193 498 4288 fieret,
534 4196 695 4288 quosdam
722 4196 757 4270 in
785 4197 894 4271 fronte
925 4199 985 4272 aut
1011 4195 1047 4270 in
1074 4195 1170 4290 genis
1196 4195 1352 4270 eandenti
1378 4197 1466 4271 ferro
1480 4195 1509 4292 ν)
1534 4197 1680 4291 insigni·

130 4317 180 4392 rit
207 4317 374 4410 cauterio,
411 4317 489 4392 aliis
516 4317 551 4392 in
578 4339 670 4410 naso,
699 4317 777 4392 aliis
804 4317 839 4392 in
866 4317 987 4414 lingua
1013 4317 1259 4394 mutilationem
1286 4317 1468 4414 impressit,
1506 4319 1680 4414 plerosque

18 4521 25 4528 ,
130 4441 263 4516 oueaari
307 4440 368 4515 aut
394 4439 542 4515 fustibus
577 4439 669 4515 eaedi
704 4440 887 4518 mandarit.
918 4441 1181 4536 ,Fmgalitatem
1214 4461 1288 4516 roro
1315 4443 1351 4516 et
1376 4440 1617 4517 liberalitatem
1644 4441 1680 4516 iu

129 4586 167 4638 eo
194 4563 432 4639 eorumendare
458 4585 525 4638 non
551 4561 706 4658 expedit:
733 4563 787 4638 his
814 4563 903 4638 enim
929 4562 1113 4639 rirtutibus
1139 4583 1253 4638 omnes
1279 4563 1403 4638 astatis
1429 4565 1564 4640 nostrae
1582 4563 1679 4638 Prin·

130 4685 221 4781 cipes
249 4684 409 4782 perrieit.
451 4685 567 4778 Neque
594 4689 632 4759 ut
659 4685 829 4780 plerisque
855 4685 1069 4780 Principibus
1096 4706 1166 4760 mos
1193 4687 1255 4777 est,
1284 4687 1343 4760 aut
1369 4685 1480 4761 inhiat
1507 4685 1680 4780 aequiram-

129 4809 191 4900 dis,
221 4811 287 4884 aut
316 4807 481 4884 inoumbit
515 4807 702 4902 acquisitis,
738 4808 796 4884 sed
831 4807 1004 4884 unirersos
1038 4829 1157 4884 oeneus
1183 4829 1260 4883 suos
1286 4807 1322 4882 in
1348 4808 1397 4884 rei
1423 4808 1576 4904 publioeo
1603 4831 1681 4904 pro··

128 4929 240 5026 isotus
267 4932 307 5008 et
332 4930 502 5006 commoda
528 4929 713 5006 distribuit.
742 4931 859 5005 dibum
887 4933 922 5006 et
948 4929 1095 5022 quietem
1121 4954 1188 5006 non
1215 4929 1281 5006 nisi
1307 4931 1350 5006 ad
1371 4932 1526 5007 naturam
1545 4931 1678 5026 aeeipit,

129 5055 163 5127 et
189 5054 409 5150 sequestrato
435 5075 456 5127 a
482 5073 518 5128 se
544 5051 623 5146 otio,
651 5052 764 5150 iugem
792 5051 855 5127 sibi
883 5051 1023 5144 indixit,
1052 5075 1093 5127 ne
1120 5053 1288 5148 torpesoat
1314 5051 1450 5148 ignaria
1469 5051 1522 5148 ¹⁰),
1551 5053 1679 5128 exerei-

239 5246 266 5325 ¹)
291 5249 498 5322 opprimemur.
515 5246 574 5308 Ed.
589 5247 682 5309 Dobr.
722 5243 748 5323 ⁵²)
772 5243 916 5319 speranda
941 5244 1012 5305 Coei.
1033 5243 1126 5306 Roer.
1164 5243 1191 5323 ³)
1213 5250 1344 5320 pareant.
1361 5244 1421 5307 Ed.
1443 5244 1538 5306 Dobr.
1576 5239 1605 5323 ⁴)
1627 5245 1678 5305 ba·

128 5352 190 5413 bita
214 5360 264 5413 est
291 5349 364 5411 Ood.
386 5349 479 5412 Roas.
515 5346 541 5427 ὕ)
564 5357 595 5410 et
616 5351 799 5425 prudentiam
817 5351 847 5409 in
863 5351 950 5410 rebus
975 5351 1087 5424 magnis
1113 5349 1183 5411 dos.
1206 5349 1298 5411 Roar.
1333 5347 1359 5428 ⁸)
1381 5349 1467 5410 isatis
1493 5349 1562 5410 (iod.
1585 5348 1680 5410 Roas.

132 5453 160 5536 τ)
182 5457 333 5517 exbibens
367 5456 438 5517 Ood.
460 5453 552 5516 Rorr.
591 5450 758 5532 brubium
793 5453 863 5516 Ood.
886 5454 977 5517 sorr.
1016 5451 1045 5536 9)
1068 5455 1218 5516 candentis
1248 5453 1318 5516 ferri
1351 5453 1422 5515 God.
1443 5452 1536 5516 Iioer.
1578 5451 1618 5534 ¹⁰)
1640 5467 1678 5516 rra

129 5567 309 5644 torpescant
330 5561 447 5638 ingenia
469 5559 528 5622 Ed.
552 5558 645 5623 Dobr.
1031 5544 1034 5550 ’
