4208 6282
134 504 193 604 (Α.
213 505 267 604 Β.
281 503 389 607 tlte.)
757 529 868 582 uranu
894 527 1048 583 sexsus,
1601 510 1673 583 103

134 717 219 810 quod
247 721 287 792 ut
312 715 547 812 aequanimius
573 717 688 808 ferret,
717 718 752 791 et
778 716 945 792 ordinatio
972 719 1054 792 tuno
1081 717 1231 793 eonfeota
1256 716 1297 791 de
1324 717 1453 792 eaetero
1477 719 1554 792 rata
1574 717 1674 808 foret,

133 840 212 914 dnos
240 841 426 936 lipeoaslao
461 837 638 913 districtus
672 863 693 914 a
727 839 935 916 Oraoorionsi
971 839 1141 935 prouincia
1175 840 1373 930 abstractos,
1410 838 1675 916 Bitbomionseru

7 1015 8 1060 3
133 961 291 1038 nonlicet
317 964 352 1038 et
379 960 684 1038 Osuauoniuensem
705 963 728 1056 ¹)
755 963 795 1038 de
824 986 907 1055 noro
934 962 1081 1058 largitus
1107 965 1178 1051 est;
1207 961 1300 1038 ouius
1326 961 1398 1037 filio
1425 962 1556 1038 noviter
1581 964 1673 1052 nato,

133 1085 172 1158 ad
200 1084 476 1181 baptisteriorum
512 1084 750 1162 solennitatum
785 1085 960 1176 inuitatus,
998 1107 1117 1160 nomen
1144 1107 1242 1160 suurn
1268 1084 1461 1160 Kaaimirus
1496 1084 1674 1172 indiderat.

132 1207 303 1282 Musonius
329 1207 432 1282 eliam
458 1210 494 1282 et
520 1207 674 1284 buteriae
701 1206 888 1304 provintias
915 1207 956 1281 ad
982 1207 1221 1302 hestkonem²l
1248 1208 1403 1302 nepotem
1429 1229 1537 1302 sunm,
1567 1206 1676 1282 filium

7 1321 8 1410 l
134 1329 282 1404 Boleslai
309 1329 430 1426 Crispi,
458 1329 677 1424 pertinentes
708 1329 821 1406 Zironi
840 1329 960 1404 Gornili
978 1329 1050 1404 viro
1076 1330 1266 1424 grandaevo
1292 1332 1328 1404 et
1354 1329 1511 1425 prudenti
1538 1329 1673 1405 commi·

7 1467 8 1558 ᾗ
133 1451 177 1525 sit
203 1452 458 1546 gubernandas,
496 1452 531 1526 el
557 1451 718 1528 Lestlroni
751 1473 810 1526 suo
847 1451 961 1548 nepoti
989 1451 1150 1526 illumin
1178 1451 1372 1527 directorem
1400 1454 1435 1528 et
1461 1453 1634 1526 alumnum
1648 1449 1676 1546 ³)

7 1609 8 1634 ÷
134 1575 270 1669 propter
297 1573 369 1649 eins
396 1574 603 1669 singularem
631 1574 832 1670 probitatem
858 1574 1031 1670 praeierit.
1059 1576 1108 1649 Eo
1126 1574 1264 1671 insuper
1290 1597 1377 1650 enno
1403 1574 1595 1650 Kaaimirus
1613 1576 1676 1648 Po·

133 1697 287 1772 louorum
313 1698 392 1772 Dux
407 1697 435 1792 6)
462 1698 685 1789 Brestensem,
713 1697 1033 1790 Wladimiriensem,
1065 1697 1321 1774 Drohiozensem
1347 1700 1383 1773 et
1408 1697 1676 1774 Premisliensenr

134 1819 323 1914 prorineias
349 1841 369 1893 a
395 1819 514 1916 Regno
541 1841 600 1896 suo
627 1819 806 1896 distraetus
841 1823 1027 1916 reeuperat,
1061 1820 1242 1896 oleastris
1269 1819 1512 1916 principalibus
1538 1819 1675 1914 neuqui-

7 1931 9 1956 '
134 1942 221 2034 sitis,
250 1941 511 2034 constitutisque
538 1941 758 2038 praesidibus,
795 1942 984 2038 prouinoies
1011 1942 1102 2038 ipsas
1128 1967 1188 2038 per
1213 1966 1249 2019 se
1274 1931 1501 2018 administrat.
1546 1944 1675 2038 Myonn-

7 2117 9 2168 ὲ
134 2064 226 2138 slaus
254 2067 369 2140 autern
396 2064 506 2140 Senex
532 2065 668 2140 Maioris
694 2065 853 2139 Poloniee
880 2067 1198 2141 et‘Pomeranorum
1225 2066 1303 2140 Dux
1329 2065 1439 2158 afilio
1466 2066 1548 2140 Otto
1562 2065 1590 2159 ⁵)
1616 2088 1676 2140 er·
1733 2097 1737 2102 ·

7 2171 8 2200 ³
135 2187 260 2277 elusus,
289 2186 325 2261 in
352 2185 610 2262 Rathiborionse
636 2186 813 2283 oppidum,
835 2188 924 2280 quod
950 2210 1030 2263 suae
1056 2187 1175 2263 extitit
1201 2187 1392 2283 potestatis,
1420 2211 1456 2263 se
1474 2187 1610 2282 reeepit,
1638 2189 1674 2262 et

134 2310 205 2384 illio
233 2331 309 2384 ourn
336 2331 440 2386 uxore
466 2312 501 2386 et
527 2310 636 2385 tribus
664 2309 745 2384 filiis
771 2310 874 2404 subl)
902 2309 991 2384 omni
1027 2333 1138 2386 rerum
1173 2309 1340 2386 tenuitate
1366 2311 1401 2386 et
1427 2309 1567 2406 penuria
1593 2332 1672 2406 age·

135 2433 190 2506 bat
217 2431 415 2508 inoolatnm.
481 2512 484 2520 ,
1592 2459 1594 2463 ’

237 2555 381 2632 Sedeute
415 2555 563 2630 Ioroelao
599 2553 807 2631 lsaaslauioz
843 2555 934 2630 Dure
965 2554 1106 2631 Russiao
1141 2555 1239 2630 aunis
1273 2555 1403 2650 aliquot
1430 2555 1465 2630 iu
1492 2553 1676 2652 Kporiensi

7 2657 8 2684 ¹
134 2676 343 2772 Prinoipotu,
371 2676 530 2753 felicitati
555 2679 591 2753 ot
622 2677 705 2753 sorti
732 2676 804 2751 eius
830 2677 1083 2753 Swunthoslaus
1109 2677 1446 2774 Gayrnyeouieusisb
1482 2679 1560 2752 Dux
1587 2677 1674 2752 inui-

7 2805 8 2858 ἒ
135 2800 226 2892 done,
255 2799 406 2876 exoroitn
425 2823 490 2874 non
509 2822 612 2896 parvo
638 2801 852 2898 mngregato,
881 2801 1056 2876 ablaturus
1083 2800 1136 2874 illi
1163 2800 1386 2897 Kpouiensem
1412 2801 1589 2891 Dueatum,
1618 2823 1675 2875 re-

7 3009 9 3032 ,
135 2921 183 2995 dit
210 2921 419 2997 clandestine
445 2924 561 2997 onuba
587 2922 696 3012 illurn,
726 2925 761 2998 el
778 2923 873 2996 nullo
900 2922 1153 3018 diffidatione
1179 2922 1372 3018 praemissa,
1401 2923 1480 2998 dunr
1506 2923 1676 2998 Ieroslaus

7 3099 9 3110 .
134 3044 345 3120 Isaaslawion
379 3044 416 3119 in
451 3066 526 3120 aree
561 3043 743 3140 Kpoviensi
778 3066 914 3121 sonorus
949 3045 1158 3136 oonsisteret,
1196 3047 1343 3122 rastrum
1378 3044 1578 3141 Kyorieuse,
1616 3068 1675 3141 pro

7 3185 8 3222 ⁷
133 3165 239 3242 amieo
267 3168 302 3240 et
327 3166 434 3241 fratre
461 3165 688 3259 existimatus,
716 3166 905 3262 ingreditur
931 3189 1006 3244 oum
1039 3167 1191 3265 omnibus
1218 3167 1287 3243 suis
1314 3167 1419 3262 oopiis
1445 3169 1480 3242 et
1502 3167 1675 3244 inuentum

134 3291 286 3384 oreupat.
331 3288 427 3364 Inter
453 3290 638 3364 tumultum
665 3291 778 3366 tamen
805 3291 884 3364 Dux
911 3291 1079 3366 Iaroslaus
1114 3313 1214 3386 aegre
1247 3290 1401 3386 aufugit3
1437 3311 1569 3366 consors
1596 3312 1672 3366 roro

7 3439 8 3504 ;
134 3433 194 3486 sura
220 3414 257 3487 et
283 3410 375 3486 filius
402 3411 496 3486 illius
522 3411 641 3503 iunior,
670 3414 704 3488 et
730 3411 837 3488 omnis
860 3412 984 3488 militia
1002 3436 1023 3488 o
1040 3397 1269 3488 Sparthoslao
1294 3414 1395 3508 ‘napta
1421 3414 1485 3488 est.
1514 3412 1675 3488 Omnibus

7 3549 8 3588 ³
134 3535 278 3628 denique
313 3535 482 3610 thesauris
508 3535 578 3610 suis
613 3535 833 3632 amplissimis
861 3538 895 3610 et
922 3536 1013 3612 omni
1039 3536 1244 3631 supelleetili
1271 3536 1521 3612 Suantboslaus
1549 3535 1675 3631 potitus

135 3659 361 3750 nebettam
387 3657 547 3753 captivos,
584 3680 684 3752 quarn
720 3659 830 3754 spolia
857 3659 892 3734 in
919 3658 1158 3756 ozyrnyeonlp
1189 3660 1365 3750 deduoeus,
1401 3661 1548 3734 oestrum
1582 3659 1684 3754 Kys.

133 3780 248 3855 riense
284 3779 572 3875 impugnationem
608 3781 736 3856 veritus
771 3781 938 3857 desertum
975 3780 1124 3875 reliquit.
1169 3780 1239 3876 Quo
1274 3781 1442 3858 Iarosleus
1468 3779 1674 3856 Isnaslauioz

7 3993 8 3996 Ν
132 3903 260 3994 andito,
276 3901 470 3978 veontraotis
497 3902 718 3978 auxiliaribus
745 3903 860 3999 oopiis,
899 3901 980 3978 duos
1007 3903 1144 4000 insuper
1170 3905 1308 3999 nepotes
1335 3925 1412 3979 suos
1438 3904 1557 3996 Duoes,
1585 3901 1674 3976 filios

7 4077 9 4108 ,
132 4025 297 4100 Rostislei
333 4025 460 4100 babens
495 4047 570 4099 oum
605 4025 763 4121 gentibus
790 4026 825 4100 in
852 4048 911 4100 suo
939 4026 1112 4118 comitatu,
1148 4025 1241 4102 uenit
1276 4025 1312 4100 in
1343 4026 1458 4123 Kyou,
1496 4027 1531 4103 et
1565 4047 1674 4100 aroem

132 4146 358 4244 Kporiensem
384 4146 463 4220 forti
492 4147 658 4242 praesidio
685 4147 851 4240 muniens,
880 4171 1011 4224 omnem
1037 4149 1172 4243 uulpem
1198 4147 1324 4243 patrati
1350 4147 1386 4222 in
1412 4169 1448 4223 se
1474 4170 1535 4242 per
1560 4148 1674 4222 Suan-

132 4269 301 4344 thoslaum
329 4268 642 4366 Gayrnpeoriensem
669 4270 793 4347 Duoem
816 4270 975 4346 laoiuoris
994 4270 1030 4345 in
1048 4269 1265 4366 Kpovienses,
1293 4269 1389 4366 quasi
1408 4292 1520 4346 eorum
1538 4293 1599 4366 opo
1619 4268 1673 4366 ¹⁰),

132 4391 273 4467 oonsilio
299 4393 334 4466 et
360 4391 630 4469 subordinatione
657 4394 828 4488 patratum
855 4393 969 4487 fuerit,
1006 4394 1196 4486 refundens,
1233 4393 1411 4469 ditioribus
1443 4392 1572 4468 uiribus
1597 4416 1673 4489 spo·

132 4514 238 4608 lintis,
270 4515 374 4589 etiem
401 4536 514 4592 omues
541 4517 690 4608 abbates,
719 4517 918 4608 sacerdotes,
947 4517 1136 4608 monachos,
1165 4516 1326 4594 moniales
1353 4517 1387 4592 el
1414 4516 1582 4609 quoslibet
1608 4516 1674 4591 La·

132 4637 223 4712 tinus
249 4636 412 4732 captivat,
440 4639 475 4712 et
500 4659 637 4733 marem
664 4660 798 4714 oeusum
825 4661 884 4734 pro
902 4661 1014 4716 eorum
1042 4638 1241 4714 liberatione
1268 4637 1401 4734 aoeipit,
1429 4639 1576 4714 eaeteros
1593 4661 1673 4714 uen-

132 4760 244 4835 ditet
271 4761 381 4835 multa
407 4759 629 4836 abominanda
655 4761 690 4836 in
717 4762 924 4858 Kyorienses
950 4761 1142 4836 committit.
1174 4761 1296 4837 bontra
1322 4761 1590 4837 Suantbosleum
1616 4763 1674 4836 de-

7 4895 8 4914 ¹
133 4881 234 4975 nique
260 4881 574 4979 Ouprnpeouiensem
602 4885 726 4960 Duram
754 4885 886 4960 hostem
912 4887 947 4960 et
973 4884 1189 4980 spoliatorem
1216 4906 1314 4959 suurn
1336 4883 1495 4980 prooedit,
1522 4886 1557 4960 et
1575 4883 1673 4959 illum

7 4997 9 5040 ³
132 5003 168 5079 iu
194 5005 392 5102 Ozyrnpeow
419 5005 559 5100 obsedit,
587 5008 645 5083 sed
672 5007 829 5102 proficere
856 5029 892 5082 se
919 5031 985 5083 non
1009 5007 1140 5100 sidens,
1174 5027 1249 5083 eum
1276 5007 1336 5082 illo
1363 5006 1568 5104 paoilioatur.

238 5199 261 5279 ¹)
283 5202 539 5277 Odwipaimensem
569 5201 628 5261 Ed.
651 5201 745 5261 Βοῦν.
785 5198 813 5278 ῃ)
835 5200 1016 5262 Leszlronem
1046 5201 1105 5261 Βνῦ.
1128 5201 1222 5262 Βοῦν.
1260 5197 1287 5279 ³)
1309 5207 1462 5277 patronum
1487 5198 1557 5262 θοοῦ.
1580 5197 1672 5262 Βοῦν.

134 5296 245 5384 ⁴)an
268 5315 299 5370 et
320 5307 487 5368 Monaroba
511 5305 582 5370 θοοῦ.
605 5308 697 5368 Βονν.
737 5303 762 5384 ⁵)
787 5306 893 5366 Ottone
916 5306 975 5366 Ed.
997 5307 1092 5366 Βοῦν.
1131 5303 1159 5384 ⁶)
1183 5321 1247 5366 curn
1272 5304 1333 5366 Ed.
1355 5306 1448 5367 Βοῦν.
1490 5301 1672 5384 ¹)Czernle·

76 5454 78 5463 ,
132 5413 251 5476 oriensis
274 5415 338 5477 Ed.
361 5413 457 5474 Βοῦν.
490 5408 515 5491 ⁸)
538 5413 608 5473 belli
623 5412 781 5474 indictione
808 5411 878 5473 θοοῦ.
901 5413 991 5474 Roer.
1022 5408 1049 5494 9)
1072 5412 1248 5506 Caernioiow
1271 5409 1330 5472 Ed.
1353 5407 1446 5472 Βοῦν.
1481 5405 1521 5490 ¹⁰)
1544 5424 1596 5486 spe
1610 5408 1672 5474 aa.

7 5579 9 5592 ,
132 5517 217 5586 Βοῦν.
