4162 6288
1001 575 1113 629 umus
1138 575 1333 632 snumrus.
1672 551 1741 652 (Α.
1762 549 1809 632 D.
1828 549 1950 651 1202.)
2010 625 2013 630 ,

700 885 965 962 dmonivaticnlr
991 887 1108 962 terrm
1135 886 1288 981 ledrigis
1314 888 1500 981 procuratio
1527 887 1650 983 incipit

500 1126 617 1226 Signis
642 1127 745 1205 variis
769 1130 805 1205 et
831 1127 996 1225 prodigiis
1015 1129 1039 1224 ¹)
1066 1127 1328 1224 nostraene
1355 1131 1391 1205 et
1413 1129 1636 1226 splendorem,
1665 1127 1786 1224 quibus
1814 1130 1946 1205 bouum

396 1249 580 1346 Hedvigim
606 1250 735 1326 Slesiee
761 1251 797 1326 et
823 1251 983 1327 Poloniae
1009 1252 1196 1343 Ducissam,
1225 1250 1365 1327 Henrioi
1392 1273 1468 1327 cum
1494 1254 1600 1327 barba
1625 1251 1753 1328 Slesiae
1779 1253 1816 1328 et
1840 1252 1946 1326 arcio

396 1372 445 1447 ris
471 1372 630 1448 Poloniae
664 1372 768 1448 Ducis
795 1373 961 1464 relictam,
999 1396 1059 1467 pro
1095 1373 1167 1448 suis
1193 1373 1350 1468 oporibus
1376 1375 1412 1448 et
1438 1373 1569 1449 meritis
1600 1373 1781 1469 insignivit
1806 1372 1945 1448 Artissi-

397 1515 483 1585 mus,
512 1494 549 1568 in
575 1494 734 1570 Poloniae
768 1493 886 1588 Regno
918 1497 954 1570 et
989 1493 1171 1589 provinciis
1205 1494 1326 1570 vicinis
1362 1495 1463 1590 longe
1499 1495 1635 1588 lateque
1669 1495 1943 1588 diffundentibus,

397 1615 572 1710 Principes
592 1615 719 1691 Slesiae
734 1613 773 1710 ³),
803 1615 1013 1692 wladislaus
1040 1616 1316 1711 Salcnburgensis
1335 1616 1522 1711 episcopus,
1551 1617 1725 1692 dunmdus
1742 1616 1944 1712 Glogovien·

397 1736 456 1828 sie,
483 1735 651 1812 Henrious
678 1735 982 1829 wratislaviensis,
1020 1739 1160 1832 nepotes
1186 1737 1293 1830 illius,
1327 1739 1472 1814 Thomas
1498 1737 1791 1814 Wratislavieusis
1817 1737 1944 1833 episco

396 1879 461 1953 pus
487 1881 564 1935 cum
590 1859 679 1934 clero
705 1860 740 1935 et
766 1857 908 1934 ccclesia
933 1881 995 1935 sua
1021 1858 1185 1955 permoti,
1214 1859 1257 1934 ad
1285 1860 1528 1955 procurandam
1558 1860 1854 1952 canonisationem,
1882 1859 1943 1934 im·

396 2001 501 2074 pensa
526 1981 662 2072 collata,
699 1979 910 2057 Salomonem
937 1981 1208 2058 archidiaconum
1234 1981 1496 2074 cracoviensem,
1533 1981 1738 2077 Megistrum
1767 1981 1943 2058 Nicolaum

395 2101 635 2178 scholasticum
661 2101 922 2195 cracoviensem,
959 2104 995 2179 et
1023 2102 1334 2199 Ahercngebertum
1351 2104 1380 2199 4)
1406 2104 1570 2180 decanum
1595 2103 1943 2200 wischegrndensem,

396 2222 572 2298 canonicos
589 2223 899 2315 wratislavienses,
928 2225 971 2299 ad
997 2225 1175 2300 Urbanum
1202 2227 1330 2320 Papam
1346 2225 1373 2320 ὅ)
1400 2227 1559 2317 quartum
1577 2225 1829 2301 transmittunt.
1857 2224 1943 2320 Quo-

395 2365 471 2419 mm
497 2345 743 2440 propositione,
774 2369 834 2441 per
860 2368 1025 2442 organum
1052 2345 1241 2422 Salomonis
1267 2346 1494 2423 archidiaconi
1521 2346 1748 2424 Oraccviensis
1774 2345 1811 2422 in
1837 2345 1943 2422 consi

395 2465 499 2541 sterio
526 2466 660 2562 publico
686 2468 788 2558 facta,
817 2490 885 2562 qua
912 2491 1030 2564 genus,
1062 2468 1180 2561 vitam,
1210 2468 1367 2545 meritum
1394 2471 1430 2544 et
1456 2469 1621 2544 miracula
1646 2468 1683 2544 in
1708 2467 1782 2544 vita
1806 2471 1843 2544 et
1869 2469 1944 2564 post

395 2589 535 2664 mortem
564 2588 657 2664 edita
682 2591 801 2664 beatae
828 2589 993 2686 Hedvigis
1034 2591 1303 2685 explicabantur,
1339 2591 1501 2666 Urbanus
1526 2592 1620 2686 Papa
1647 2591 1789 2685 quartus
1815 2589 1942 2682 auditu,

395 2709 602 2805 gravitatem
637 2710 775 2786 solitam
810 2713 1024 2805 servaturus,
1062 2711 1280 2788 wolimirum
1315 2712 1508 2808 episcopum
1542 2711 1882 2805 wladislaviensem,
1909 2715 1944 2788 et

394 2831 535 2906 fratrem
563 2831 733 2909 Simonem
759 2831 887 2907 ordinis
914 2833 1186 2910 Praedicatcrum
1213 2833 1457 2910 Provincialem
1484 2832 1653 2926 Poloniae,
1683 2857 1742 2930 pro
1769 2831 1942 2910 examina·

394 2951 487 3027 tione
513 2952 604 3030 vitae
639 2956 674 3030 et
706 2954 934 3050 prodigiorum
970 2955 1116 3032 feminae
1152 2957 1271 3032 beatae
1307 2956 1468 3052 deputat,
1505 2957 1541 3031 et
1575 2977 1717 3032 examen
1752 2954 1942 3030 huiusmodi

393 3073 595 3169 specialibus
629 3075 741 3151 literis
775 3077 967 3152 demandat.
1013 3076 1253 3152 Continuatum
1286 3080 1401 3153 autem
1440 3076 1510 3151 fuit
1535 3099 1678 3154 examen
1713 3077 1942 3154 huiuscemodi

394 3217 455 3290 per
480 3195 799 3273 wladislaviensem
827 3197 1027 3293 episcopum
1059 3197 1277 3274 wolimirum
1304 3200 1341 3273 et
1366 3197 1612 3274 Provincialem
1639 3197 1800 3274 Poloniae
1835 3197 1941 3273 Simo-

394 3338 472 3392 nem
498 3339 605 3409 usque
631 3318 674 3392 ad
699 3316 836 3393 Annum
862 3319 997 3393 Domini
1025 3318 1244 3395 Millesimum
1271 3319 1539 3394 ducentesimum
1566 3319 1816 3415 sexagesimum
1843 3341 1940 3411 quar·

393 3439 479 3531 tum,
507 3460 583 3514 cum
609 3439 708 3515 Anno
734 3439 917 3516 llillesimc
943 3440 1171 3518 ducentesimo
1198 3440 1407 3538 sexagesimo
1426 3442 1581 3535 secundo,
1610 3441 1762 3538 Septimo
1779 3441 1940 3518 (lalanda-

393 3581 469 3636 rum
494 3561 693 3640 Novembris
719 3562 895 3660 coepisset.

702 3927 886 4006 translatio
914 3931 1104 4007 nonasterii
1131 3929 1406 4008 zcvlclnrtcnris
1432 3931 1631 4008 cosroen.

494 4167 740 4265 Ruthenorum,
760 4171 1013 4267 Thartaromm,
1033 4173 1290 4267 Lithuanorum,
1306 4175 1578 4269 caeterorumque
1598 4172 1780 4270 gentilium
1798 4193 1936 4267 sequeu-

391 4291 484 4368 tibus
509 4295 545 4369 et
571 4293 791 4371 clandestinis
817 4295 852 4370 in
879 4297 1030 4372 Ducatus
1058 4319 1135 4372 suos
1162 4297 1406 4392 irruptionibus
1442 4299 1618 4373 Boleslaus
1649 4295 1796 4372 Pudicus
1822 4297 1936 4370 Gracc-

392 4414 518 4491 uieusis
544 4417 580 4490 et
605 4415 887 4492 sandomiriensis
922 4419 1001 4492 Dux
1034 4421 1215 4513 permotus,
1253 4440 1448 4512 summeque
1475 4419 1652 4513 providens
1678 4419 1714 4492 et
1740 4437 1937 4512 praecavens

391 4557 500 4631 opere,
529 4559 570 4612 ne
595 4538 747 4613 barbaris
773 4537 810 4613 in
836 4539 984 4614 dominia
1010 4561 1071 4614 sua
1093 4563 1136 4615 ex
1154 4539 1369 4636 insperatow
1396 4540 1612 4632 irruentibus,
1641 4539 1787 4615 ancillae
1812 4537 1936 4613 tlhristi

390 4657 664 4734 muctimoniales
690 4657 726 4734 in
752 4659 954 4736 monasterio
984 4661 1244 4737 Zauichcstensi
1276 4683 1357 4736 ase
1384 4661 1525 4737 fundate
1551 4664 1587 4737 et
1612 4661 1741 4752 dotato,
1777 4659 1937 4754 uliquca

390 4779 542 4856 barbaris
568 4783 800 4856 tractarentur
825 4784 945 4877 probro
962 4783 1016 4860 vel
1035 4781 1192 4873 ludibrio,
1219 4781 1485 4858 Zauichostense
1512 4781 1754 4858 monasterium
1780 4782 1816 4858 et
1842 4801 1936 4855 sanc·

390 4899 583 4978 timcniales
618 4901 655 4977 in
690 4924 730 4978 ec
760 4883 935 4998 degentes,
969 4904 1009 4980 de
1045 4903 1184 4979 consilio
1219 4904 1433 4979 Prandothae
1467 4903 1615 5000 episcopi
1650 4901 1879 4981 dracovieusis
1903 4901 1936 4977 et

389 5024 553 5099 baronum
588 5045 734 5117 sucrum,
762 5023 984 5101 intutiorem
1019 5026 1140 5118 locum,
1178 5023 1236 5120 qui
1268 5025 1373 5102 Slrala
1399 5027 1484 5101 alias
1511 5025 1615 5122 Lapis
1641 5025 1786 5102 Sanctae
1811 5023 1935 5100 Marivm

390 5145 594 5242 appellatur,
622 5145 733 5221 tribus
760 5145 963 5223 milliaribus
989 5170 1010 5222 a
1036 5146 1248 5224 dracoviensi
1274 5149 1356 5225 urbe
1374 5147 1568 5242 distantem,
1596 5147 1788 5223 transtulit.
1816 5147 1862 5222 Et
1878 5167 1935 5241 op-

497 5421 521 5504 ¹)
543 5427 688 5502 portentis
706 5424 778 5491 (lod.
797 5423 878 5489 Oula.
910 5422 1082 5504 i>favorem
1101 5423 1172 5489 (lod.
1188 5425 1282 5488 Reor.
1313 5421 1343 5504 ³)
1358 5425 1498 5488 Poloniae
1513 5431 1602 5501 atque
1620 5423 1733 5486 Slesiae
1756 5417 1828 5488 coc.
1843 5422 1932 5485 Reor.

390 5522 418 5610 4)
440 5529 677 5608 Ahengebertum
702 5527 774 5594 (lod.
796 5531 890 5595 Rorr.
923 5525 950 5610 ο)
971 5531 1081 5608 Papam
1103 5531 1181 5594 deest
1201 5532 1238 5592 irc
1263 5528 1334 5594 (lod.
1357 5529 1432 5593 Aac.
1464 5526 1492 5608 θ)
1514 5547 1551 5593 ex
1565 5530 1725 5606 improviso
1749 5526 1821 5592 Ged-
1843 5529 1933 5594 Borr-
2062 5557 2063 5564 κ
