4246 6274
169 555 232 654 (Α.
254 559 301 639 D.
319 562 430 660 1146.)
790 583 902 638 arnna
929 582 1103 652 suranna.
1674 562 1724 640 25

275 773 379 860 Pulso
414 770 603 848 Wladislao
638 772 730 847 Duce
764 793 808 847 ex
838 770 989 862 Polonia,
1027 771 1191 866 pulsaque
1227 771 1364 846 tandem
1399 769 1542 846 Ducissa
1578 771 1726 848 cristina

171 895 323 969 consorte
349 915 423 983 sua,
451 893 560 988 pulsis
582 892 680 982 filiis,
717 893 798 968 dum
824 915 894 987 pax
911 893 934 988 ¹)
960 893 1096 988 integra
1132 915 1191 987 por
1227 914 1342 966 omnes
1377 891 1530 987 regiones
1565 894 1725 970 Poloniaa

171 1015 366 1106 affulsisset,
395 1016 572 1090 Bolesluus
599 1014 736 1109 (irispus
759 1015 967 1110 cognomine,
989 1014 1087 1118 inter
1113 1015 1238 1089 fratres
1265 1013 1403 1088 secundi
1429 1013 1636 1094 matrimonii
1664 1039 1724 1090 na·

170 1138 210 1210 tu
237 1136 355 1227 maior,
382 1138 418 1212 ot
444 1137 600 1228 fratrum,
629 1136 922 1229 praelatorumque
940 1138 974 1212 et
992 1135 1141 1210 omnium
1168 1134 1627 1228 baronummilitariumquc
1645 1159 1723 1216 cou-
1819 1198 1822 1204 -

170 1279 285 1350 saum,
313 1257 472 1334 maiorem
498 1256 732 1352 Principatum
759 1259 794 1332 ot
819 1257 1049 1334 Monarchiani
1066 1258 1267 1332 Polonorum
1285 1255 1443 1349 obtinuit,
1473 1259 1509 1331 et
1534 1261 1625 1334 sorte
1644 1280 1717 1350 sua,

171 1379 305 1454 Ducatu
332 1379 489 1454 uidelicet
524 1378 693 1454 Masouiao
720 1381 756 1452 et
781 1379 939 1455 Ouiariac
965 1379 1001 1454 in
1015 1378 1045 1473 ²)
1079 1378 1151 1453 eius
1187 1377 1314 1452 ditione
1350 1377 1482 1474 integre
1517 1383 1722 1470 remanente,

101 1487 104 1493 ¹
171 1500 275 1574 etiam
301 1500 529 1577 canonensis
568 1499 785 1594 Principatus
812 1501 877 1590 illi,
914 1499 965 1575 ite
997 1503 1036 1576 ut
1061 1500 1202 1576 fratrom
1229 1498 1390 1576 minorem
1405 1497 1433 1594 3)
1460 1503 1543 1575 natu
1570 1502 1722 1578 Korini-

170 1643 258 1712 rum,
287 1622 341 1697 cui
367 1646 389 1697 a
416 1625 513 1718 patre
539 1623 637 1696 nulla
662 1629 734 1696 sors
760 1621 881 1697 relicta
907 1623 991 1713 orat,
1019 1624 1164 1712 curaret,
1193 1620 1345 1696 adiectus
1371 1623 1442 1696 est.¹
1466 1621 1530 1716 Qui
1556 1623 1723 1717 cupidita-

170 1742 218 1817 tis
245 1765 363 1818 causas
389 1745 425 1818 ot
451 1743 650 1833 occasiones,
679 1744 818 1837 propter
851 1765 935 1836 quas
961 1742 1250 1818 animaduertebat
1276 1741 1366 1816 inter
1393 1741 1563 1819 fretosa
1590 1745 1724 1822 Wladi·

172 1865 244 1939 slao
271 1865 453 1960 procellam
480 1863 635 1960 granium
663 1864 814 1939 caedium
841 1864 875 1938 et
902 1864 1068 1940 bellorum
1094 1865 1248 1940 exortem
1274 1884 1358 1953 esse,
1390 1863 1573 1958 succidens,
1601 1866 1724 1940 fratros

171 2007 288 2060 omnes
314 2008 440 2082 magna
465 1987 598 2060 colebat
632 1984 808 2061 affectione
834 1986 871 2061 et
896 1984 1073 2076 charitate,
1102 2006 1163 2060 nec
1190 1985 1299 2059 solum
1325 1985 1523 2062 modestiam
1557 2008 1723 2062 summam
1852 2031 1854 2034 -

171 2105 206 2181 in
232 2129 289 2182 eos
315 2107 477 2198 exercuit,
513 2108 570 2182 sed
598 2106 701 2180 etiam
728 2105 981 2198 liberalitatem,
1015 2106 1196 2201 plerasque
1233 2105 1457 2200 possessiones
1484 2107 1568 2182 iuris
1589 2107 1646 2182 -sui
1675 2109 1724 2184 eis

171 2227 321 2322 largiens
347 2231 382 2305 at
408 2229 617 2304 condonans:
646 2249 724 2333 'qua
759 2226 907 2332 quidem
930 2226 1164 2304 munificentia
1193 2229 1228 2302 et
1255 2227 1419 2302 modestia
1452 2228 1574 2320 effecit,
1604 2232 1643 2316 ut
1670 2230 1723 2304 illi

170 2372 302 2424 summa
328 2349 404 2444 lide,
442 2372 575 2425 summa
602 2349 776 2424 deuotione
802 2351 845 2424 ab
872 2348 1027 2424 omnibus
1062 2350 1247 2443 pareretur,
1275 2350 1311 2424 at
1336 2348 1460 2424 fratres
1487 2352 1614 2444 absquo
1638 2375 1721 2444 oue·

170 2471 243 2545 rela
268 2472 304 2546 et
328 2493 500 2559 murmure
527 2471 600 2547 eius
626 2469 758 2545 obirent
784 2469 949 2544 iussiones
982 2471 1018 2545 at
1043 2469 1197 2565 imperia.
1233 2469 1296 2564 Qui
1323 2469 1427 2544 etiam
1454 2470 1619 2548 Karimiri
1645 2495 1722 2567 ger-

171 2591 262 2666 mani
289 2592 431 2668 iunioris
457 2615 571 2669 curam
598 2595 634 2668 et
659 2591 810 2688 regimen
845 2591 1014 2686 suscepit:
1051 2592 1147 2666 cuius
1184 2591 1251 2666 iarn
1277 2592 1359 2666 tunc
1393 2593 1465 2668 tarn
1499 2594 1723 2686 continentes

170 2715 241 2788 tarn
269 2713 354 2790 culti
381 2716 416 2790 et
443 2714 553 2790 ornati
580 2737 602 2788 a
628 2713 775 2809 singulis
803 2715 1009 2788 notabantur
1036 2735 1161 2804 mores,
1199 2715 1238 2786 ut
1264 2712 1332 2788 rim
1358 2714 1484 2788 aetatis
1510 2720 1720 2811 superarent.

171 2834 241 2909 Sub
267 2858 333 2929 quo
359 2839 510 2932 temporo
536 2858 558 2911 a
584 2835 721 2911 Polonis
755 2833 903 2910 maxime
938 2835 1081 2929 uulgata
1116 2835 1266 2929 practica
1280 2835 1310 2928 ⁴)
1337 2836 1491 2917 notatum
1509 2839 1591 2923 est:
1619 2859 1722 2930 quarn

170 2956 379 3032 ualidissima
405 2979 459 3032 ras
487 2958 538 3032 est
566 2955 712 3048 iustitia,
745 2977 784 3030 eo
811 2955 916 3030 altius
943 2978 1128 3050 emergens,
1164 2977 1230 3048 quo
1256 2956 1432 3031 obscenius
1458 2958 1563 3034 fuerit
1589 2962 1721 3054 procul-

50 3059 57 3076 ’
170 3077 258 3169 cata,
286 3081 571 3170 temeratoresquo
597 3099 675 3154 suos
701 3075 858 3152 atrociori
885 3077 1014 3152 mulcta
1048 3077 1214 3171 percellit,
1252 3076 1438 3172 graviorem
1465 3102 1606 3174 poenam
1633 3083 1723 3156 inlli-

170 3219 256 3292 gens
282 3199 319 3272 in
345 3221 381 3275 se
408 3199 684 3292 delinquentibus
710 3201 747 3274 at
772 3198 973 3274 criminosis.
1158 3205 1161 3213 '

194 3313 198 3320 ’
273 3320 399 3395 Lucius
424 3323 519 3417 Papa
545 3321 710 3398 moundus
737 3343 812 3396 cum
840 3320 1012 3396 mansibus
1038 3319 1203 3411 undecim,
1240 3319 1358 3396 diebus
1388 3324 1545 3419 quatuor,
1573 3325 1721 3408 insum

170 3442 264 3517 Petri
291 3443 446 3535 sedisset,
474 3443 617 3518 moritur
642 3443 770 3518 Romae
796 3443 831 3516 et
858 3442 894 3516 in
921 3442 1142 3518 Lateranansi
1168 3442 1310 3519 ecclesia
1335 3445 1509 3539 sepelitur.
1555 3449 1636 3524 Post
1663 3472 1721 3524 ou·

170 3562 224 3637 ius
250 3567 393 3642 mortem
419 3565 613 3641 Gordinales
642 3563 678 3638 in
704 3563 847 3639 ecclesia
873 3563 989 3640 Sancti
1016 3563 1162 3640 Gaemrii
1189 3565 1230 3638 de
1256 3564 1349 3641 Urbe
1376 3566 1411 3640 in
1438 3570 1587 3646 cunclari
1612 3571 1720 3654 inclu·
1770 3593 1774 3598 '

170 3684 255 3780 si⁵),
282 3687 363 3761 dum
389 3708 491 3782 super
516 3685 672 3781 eligendo
698 3685 814 3760 futuro
840 3675 978 3760 Summo
1004 3685 1167 3762 Pontifice
1194 3685 1230 3759 in
1256 3688 1335 3761 vota
1360 3687 1455 3764 uaria
1480 3691 1575 3768 scissi
1595 3696 1719 3783 esseut,

171 3805 412 3899 aliquantoque
446 3811 609 3903 temporo·
631 3806 805 3882 concordia
831 3805 921 3882 inter
947 3806 1025 3882 illos
1053 3805 1225 3902 provenire
1257 3829 1323 3882 uon
1350 3812 1474 3904 posset,
1511 3811 1547 3888 iu
1574 3814 1720 3891 Bernar-

171 3927 250 4002 dnm
267 3929 424 4005 abbatam
451 3929 567 4005 Sancti
593 3926 768 4004 anastasii
794 3928 893 4002 extra
920 3927 1046 4003 Urbem
1073 3927 1199 4003 ordinis
1222 3927 1464 4024 bistarciensis,
1493 3933 1585 4014 beati
1611 3935 1719 4018 Barn-

170 4049 268 4123 hardi
295 4051 546 4128 adversatione
584 4049 695 4124 filium
721 4052 757 4124 et
782 4048 948 4124 virtutum
978 4071 1114 4149 suarum
1142 4051 1393 4144 aemulatorem,
1430 4053 1540 4128 virum
1566 4077 1717 4132 reneren-

170 4169 232 4246 dae
258 4172 442 4248 senectutis
468 4176 504 4248 at
529 4171 620 4248 ritae
647 4173 794 4262 sanabo,
822 4170 960 4246 natione
986 4170 1159 4264 Pisanum,
1195 4194 1239 4246 ex
1266 4171 1436 4268 insperato
1463 4175 1617 4272 dirigunt
1643 4181 1722 4253 rota

170 4313 242 4385 sua,
270 4294 306 4369 et
333 4293 443 4389 ipsum
470 4293 507 4368 in
533 4295 662 4392 Papam
698 4315 758 4388 per
784 4290 1086 4386 inspirationem&
1112 4291 1258 4388 eligunt.
1304 4293 1369 4390 Qui
1396 4296 1571 4392 Eugenius
1597 4300 1720 4374 tertius

169 4417 309 4491 uocatus
335 4418 387 4491 est
413 4415 449 4491 in
476 4415 733 4505 consecratione,
763 4435 865 4507 quarn
892 4413 972 4488 dum
998 4436 1065 4488 non
1092 4413 1230 4490 auderet
1257 4414 1384 4492 Romae
1405 4419 1553 4514 explere,
1582 4421 1617 4495 in
1635 4422 1719 4496 Far·

168 4535 265 4612 tenso
291 4536 531 4613 monasterium
559 4559 595 4612 se
620 4535 840 4627 transferens,
868 4534 942 4609 illic
968 4557 1043 4610 cam
1069 4535 1211 4632 accepit.
1238 4535 1292 4612 Ad
1318 4537 1449 4635 hunol)
1475 4543 1594 4618 beatus
1611 4545 1719 4620 Beru-

168 4657 295 4734 bardus
312 4659 461 4734 Librum
487 4659 528 4734 de
554 4655 830 4747 consideratione,
867 4655 954 4732 uitia
989 4657 1228 4750 praelatorum,
1264 4659 1462 4736 clericorum
1489 4665 1524 4738 et
1550 4665 1718 4743 Romano·

168 4801 243 4856 rum
264 4779 522 4856 evidentissime
557 4800 711 4874 carpens,
748 4775 895 4872 scripsit.
941 4777 1078 4852 Iordani
1113 4781 1226 4854 autem
1261 4780 1397 4874 patricii
1431 4784 1467 4858 at
1493 4783 1719 4870 Romanorum

169 4901 369 4977 suscitatum
395 4902 431 4976 in
458 4923 494 4977 so
521 4899 784 4996 persecutionem
810 4897 992 4990 vitaturus,
1022 4898 1058 4972 in
1085 4897 1234 4975 Galliam
1259 4922 1295 4975 se
1321 4903 1517 4997 transtulit,
1546 4909 1581 4981 ct
1607 4930 1628 4982 a
1653 4910 1718 4984 Lo-

169 5021 334 5119 donigo⁸l
359 5023 523 5099 Francim
548 5023 644 5117 Rege
669 5019 815 5117 gloriose
841 5019 1030 5114 susceptus,
1066 5021 1206 5096 concilio
1233 5021 1351 5098 Remis
1377 5025 1554 5118 celebrato,
1587 5029 1720 5122 praedi-

276 5315 300 5397 ¹)
323 5321 407 5394 quies
430 5319 490 5381 Ed.
513 5318 608 5379 Dobr.
648 5313 728 5393 θοι
749 5313 810 5376 Ed.
833 5313 927 5374 Dobr.
967 5311 996 5394 ³)
1018 5316 1166 5376 minimum
1189 5315 1248 5379 Ed.
1270 5317 1363 5380 Dobr.
1403 5315 1431 5398 ⁴)
1453 5323 1635 5398 experientia
1650 5323 1719 5388 Cot.

165 5422 259 5484 Roas.
301 5419 328 5500 ὅ)
351 5423 483 5484 conclusi
507 5421 579 5484 Ood.
601 5421 693 5484 Rosa.
732 5415 759 5497 ⁰)
782 5419 1012 5494 suspicationem
1042 5420 1103 5482 Ed.
1126 5421 1221 5482 Dobr.
1261 5418 1386 5502 ⁷)huuc
1409 5425 1498 5488 ctiam
1531 5426 1602 5492 Ood.
1626 5431 1718 5493 Roar.

169 5523 195 5606 ⁸)
216 5527 369 5590 Ludorico
391 5527 452 5588 Ed.
474 5527 568 5589 Dobr.

208 5644 239 5694 a.
251 5644 346 5704 uum.
361 5645 446 5692 meaos
461 5645 538 5690 soron.
554 5643 579 5690 r.
593 5644 626 5691 11.
990 5659 992 5664 ·
1547 5657 1564 5706 ⁴
