4140 6298
126 573 188 666 (Α.
209 573 257 648 D.
278 570 401 671 1249.)
737 595 847 646 runnu
875 595 1068 648 seerruus.
1601 574 1674 647 317

125 803 329 876 persequens
347 782 371 875 ¹)
397 781 483 873 odio,
511 782 614 856 etiarn
643 783 783 857 Pontem
810 783 969 872 castrum,
1003 781 1091 872 quod
1118 783 1241 856 Borsno
1268 803 1288 854 a
1316 782 1412 875 patre
1439 781 1588 868 tenebat,
1617 782 1675 854 ob-

124 903 255 979 sidione
283 904 448 978 vallaret:
485 905 610 978 Borsao
638 897 718 978 curn'
750 902 931 978 baronibus
967 903 1007 978 de
1034 903 1226 978 Suemborlr
1240 902 1269 996 12)
1296 905 1331 977 et
1357 903 1523 996 Lemberg
1550 903 1585 976 et
1612 901 1676 976 ali·

124 1024 249 1119 quibus
277 1026 317 1101 de
343 1025 492 1117 Miseno,
531 1027 644 1099 castra
680 1025 858 1099 Premislai
896 1027 993 1098 nocte
1030 1024 1201 1115 invadens,
1241 1023 1417 1118 percussit,
1456 1023 1678 1118 pluribusque

124 1146 330 1240 interfectis,
358 1147 583 1223 Premislaum
610 1147 646 1222 et
673 1169 786 1221 oruues
813 1167 890 1221 suos
917 1146 953 1219 in
980 1147 1114 1241 turpem
1141 1147 1257 1240 fugam
1286 1144 1369 1239 egit.
1401 1145 1478 1220 Rex
1505 1141 1678 1237 iuterim³)

124 1269 350 1344 Wenceslaus
377 1271 413 1344 ot
439 1270 662 1344 Boheruorum
700 1269 735 1343 et
762 1267 975 1343 lustralium
1012 1267 1149 1342 adiutus
1185 1266 1394 1357 assistentia,
1433 1268 1631 1360 occupatum
1658 1287 1679 1338 a

124 1390 196 1466 lilio
225 1391 386 1486 Regnum
421 1393 609 1486 recuperat,
646 1391 682 1466 ot
709 1390 818 1464 filium
855 1391 897 1464 ad
934 1411 969 1466 se
997 1389 1032 1464 in
1059 1389 1204 1464 Tirsuou
1239 1387 1429 1464 uenientem
1465 1387 1617 1482 captivat
1642 1387 1678 1474 ct

124 1512 252 1587 carceri
280 1512 448 1600 includit;
484 1535 620 1587 suorum
648 1535 726 1586 roro
754 1509 1023 1587 consiliariorum
1058 1511 1172 1605 capita
1199 1510 1234 1584 in
1262 1512 1375 1585 monte
1411 1509 1548 1585 Petrino
1583 1509 1679 1584 trube
1711 1570 1714 1578 ,

124 1633 227 1708 iussit
255 1633 378 1708 decuti.
425 1635 521 1709 Inter
548 1656 631 1725 ques
658 1634 762 1708 etiam
790 1635 893 1728 caput
929 1632 1067 1707 Stiborii
1104 1633 1334 1706 lludrahlona
1359 1631 1400 1706 de
1427 1631 1635 1707 Sohumborlr
1651 1629 1680 1724 ⁴)

124 1757 159 1829 et
187 1756 401 1830 Thouaeuou
428 1755 501 1848 (qui
529 1755 565 1828 iu
592 1777 655 1830 sua
682 1755 853 1849 sapientia
879 1755 961 1828 adeo
988 1753 1224 1828 confidentiam
1251 1751 1410 1828 habuisse
1437 1751 1612 1842 asseritur,
1641 1753 1681 1826 ut

125 1877 234 1952 Deum
263 1898 361 1971 posse
388 1898 423 1952 so
450 1877 485 1950 in
513 1876 691 1950 consilium
728 1898 826 1950 suum
862 1898 1032 1951 assumere
1048 1875 1076 1970 5)
1112 1875 1334 1970 gloriaretur)
1370 1875 1465 1950 tralm
1504 1875 1680 1950 decussum

124 1999 189 2080 est.
219 1997 431 2072 Premislaus
457 2021 535 2072 roro
563 1997 655 2072 filius
682 1997 758 2092 post
784 1996 985 2070 humiliatus
1012 1999 1047 2072 et
1065 2019 1124 2091 per
1143 1998 1284 2072 barones
1311 1995 1401 2090 patri
1429 1993 1679 2085 reconciliatus,

126 2118 307 2194 calcitrare
335 2118 482 2210 erubuit,
511 2123 546 2194 et
574 2123 670 2216 patre
696 2112 907 2211 concedente,
938 2118 973 2192 in
999 2117 1153 2206 lloraria
1180 2119 1222 2192 ad
1252 2117 1359 2216 petris
1396 2118 1534 2193 mortem
1572 2115 1681 2214 gessit

125 2240 374 2336 Principatum.

581 2571 789 2717 rurus
826 2604 1048 2716 oourur
1085 2603 1224 2718 rare.

126 2855 346 2929 Praemislaur
374 2859 408 2928 ct
434 2855 603 2928 llolorlaus
640 2856 758 2928 iterum
790 2855 944 2951 notorem
972 2855 1136 2927 rurunirn
1164 2854 1249 2926 inter
1276 2872 1311 2926 re
1340 2852 1505 2926 liuidum:
1533 2857 1567 2927 et
1593 2853 1682 2945 peior

337 2995 413 3069 perr
441 2977 721 3058 comitantum
748 2977 826 3049 llnci
853 2977 1007 3049 resistere
1035 2975 1198 3049 dubitanti
1218 2979 1317 3068 etque
1334 2975 1473 3086 timenti.

233 3218 442 3296 Divisiouem
469 3222 637 3296 terrarum
664 3223 699 3296 et
726 3217 961 3311 Ducetuum⁶l
997 3218 1223 3294 Praemislaus
1258 3217 1466 3298 Gncsneusis
1493 3220 1529 3295 et
1555 3219 1682 3294 Posna-

127 3340 258 3418 niensis
285 3343 384 3432 Dux,
421 3340 511 3416 iuter
542 3363 579 3415 se
606 3343 642 3416 et
668 3342 861 3416 Beleslaum
899 3364 1098 3437 germanum
1136 3363 1235 3416 suum
1271 3343 1397 3418 Ducem
1433 3339 1681 3432 (lalissiensem,

127 3462 295 3559 superiori
325 3465 474 3558 tompore
501 3463 705 3538 celebratam
732 3462 930 3555 infectores
968 3465 1117 3539 castrum
1144 3466 1179 3539 et
1206 3463 1378 3555 ciuitatem
1410 3461 1682 3554 Posnanieneem,

128 3585 232 3660 iuxta
257 3584 433 3660 ecclesiam
462 3584 618 3660 maiorem
655 3583 929 3676 Posnanienseru,
959 3585 1068 3660 multa
1083 3583 1111 3679 ⁷)
1126 3585 1319 3681 -diligentia
1346 3585 1448 3677 atque
1475 3583 1629 3679 impensa
1643 3583 1682 3678 ⁶),

129 3705 303 3800 uariisque
337 3705 512 3799 aedificiis,
541 3706 680 3782 fossatis
707 3709 742 3781 et
769 3705 1035 3802 propugnaculis
1070 3706 1244 3782 exstruxit
1275 3708 1310 3782 et
1337 3704 1592 3782 consummarit.
1638 3705 1685 3779 Et

129 3829 239 3905 fratre
266 3849 326 3904 suo
353 3829 508 3904 Beleslco
534 3829 626 3904 Duce
653 3827 848 3904 Galissiensi
873 3828 1046 3920 accersito,
1075 3828 1273 3925 consignato
1300 3828 1331 3904 ei
1358 3827 1547 3904 Gnesnensi
1574 3828 1684 3902 Duca-

129 3953 169 4025 tu
198 3973 238 4026 ce
264 3949 384 4026 castris
412 3949 611 4045 oppidisque
637 3952 749 4047 Bnyn,
790 3951 937 4026 crudem
964 3973 1025 4026 seu
1052 3951 1160 4028 (ledon
1176 3950 1215 4046 9),
1244 3951 1416 4047 Bpechou,
1446 3950 1585 4040 Ostrou,
1613 3949 1684 4023 Na·

129 4072 200 4163 lrel,
230 4071 349 4164 Usene,
377 4071 557 4146 Ouarnlrou
583 4074 619 4147 et
646 4072 771 4165 Sruem,
801 4074 949 4148 castrum
977 4075 1012 4148 et
1038 4073 1205 4148 Ducatum
1232 4071 1468 4148 Galissiensem
1496 4072 1539 4146 ab
1561 4069 1621 4144 illo
1648 4068 1685 4144 iu

131 4194 331 4288 perpetuam
359 4193 603 4288 possessiouem
631 4193 771 4289 accepit,
814 4216 999 4288 nouemque
1026 4193 1223 4270 diuisionem
1252 4195 1342 4270 inter
1368 4217 1403 4270 se
1429 4195 1465 4269 et
1492 4193 1686 4268 Beleslaum

131 4313 275 4389 fratrem
312 4337 378 4389 non
412 4338 456 4389 ex
491 4335 597 4408 aequo
634 4317 696 4390 aut
730 4315 997 4390 consiliariorum
1035 4315 1193 4408 arbitrio,
1232 4317 1291 4392 sed
1325 4337 1502 4392 exsensu
1537 4313 1684 4409 proprio,

130 4433 238 4530 priori
267 4434 404 4510 irritata
430 4437 600 4528 (Boleslco
629 4440 713 4510 netu
740 4437 868 4511 minore
895 4437 1064 4512 aduersari
1092 4461 1159 4512 non
1186 4438 1344 4532 audente)
1373 4435 1491 4510 multis
1517 4435 1599 4511 uiris
1622 4434 1685 4509 im-

132 4556 368 4651 probantibus,
405 4558 599 4648 celebrauit,
637 4558 777 4633 meliora
803 4581 955 4650 quaeque
987 4560 1022 4632 in
1049 4582 1145 4633 suam
1171 4561 1295 4634 sortem
1321 4558 1544 4654 approprians
1571 4559 1606 4635 et
1632 4556 1685 4632 in-

133 4679 300 4754 foecunda
326 4681 361 4754 et
387 4701 520 4773 quaque
546 4679 714 4755 deteriora
741 4681 896 4755 Beleslao
931 4680 1032 4756 fratri
1060 4681 1267 4772 relinquens.
1313 4679 1463 4756 Coniecit
1480 4683 1524 4756 et
1549 4678 1586 4754 in
1612 4678 1686 4754 rin·

132 4800 212 4875 cula
239 4801 413 4894 praefatus
449 4800 676 4876 Praeruislaus
713 4801 953 4877 Posnaniensis
988 4803 1067 4876 Dux
1102 4803 1266 4878 Tlromam
1302 4802 1526 4878 castellanum
1559 4803 1686 4876 Posna-

132 4921 287 4996 niensem
312 4924 348 4998 et
374 4921 606 4998 Thornislauru
633 4922 839 5018 pincernam,
868 4924 1044 5017 filiumque
1070 4923 1142 5000 eius
1169 4924 1407 5019 Sandiuogiuur
1429 4923 1473 5017 ¹⁰)
1499 4923 1629 4998 nobiles
1647 4923 1688 4998 de

132 5043 230 5118 domo
258 5043 406 5119 Nulancu
429 5044 491 5138 ''):
520 5047 675 5120 astruens
703 5045 782 5120 illos
809 5046 851 5122 od
878 5068 913 5121 so
940 5047 975 5121 et
1001 5047 1141 5122 fratrem
1169 5069 1266 5121 suum
1294 5045 1488 5121 Beleslaum
1516 5045 1556 5120 de
1583 5042 1685 5120 llaio·

135 5183 443 5192 n-——-—-—-...—---
454 5185 547 5192 ...μ-,-

244 5233 268 5312 ¹)
290 5242 517 5310 persequeretur
543 5235 613 5298 Ueri.
637 5238 731 5299 Reor.
757 5235 783 5312 Ω)
800 5237 982 5312 Szwemberg
997 5239 1056 5299 Ed.
1071 5238 1157 5314 Lips.
1182 5235 1209 5314 ³)
1225 5243 1323 5298 autem
1346 5237 1406 5298 Ed.
1429 5237 1517 5312 Lipe.
1542 5231 1568 5312 ⁴)
1585 5235 1685 5295 Senm-

133 5342 208 5415 berg
231 5340 299 5400 Cod.
321 5342 415 5402 Roar.
441 5337 466 5417 ⁵)
482 5357 588 5402 vocare
615 5338 686 5403 Ocri.
709 5343 801 5402 Roar.
826 5339 853 5420 ὓ)
868 5343 1034 5404 Ducetnom
1055 5343 1179 5402 Maioris
1198 5343 1339 5402 Polonioe
1367 5339 1438 5402 (lod.
1463 5342 1556 5402 Rorr.
1583 5337 1610 5418 ⁷)
1626 5357 1686 5400 ma·

134 5461 192 5518 gna
219 5442 289 5504 Cod.
312 5445 408 5505 Roar.
438 5441 610 5522 ⁸)expcnse
635 5445 706 5506 eoo.
729 5447 822 5507 Beer.
854 5443 882 5527 9)
900 5447 1031 5512 Grodecz
1055 5465 1107 5512 sce
1131 5446 1219 5511 Giecz
1246 5443 1316 5512 (iod.
1341 5447 1434 5510 acer.
1469 5442 1509 5524 ¹⁰)
1527 5444 1687 5504 Sauduiuo·

135 5549 212 5626 pum
241 5545 311 5610 aaa.
335 5549 427 5610 Roar.
464 5546 504 5628 ¹¹)
519 5549 650 5612 Natenoz
678 5548 749 5610 (lod.
766 5551 858 5613 aar.
