4140 6298
125 565 194 673 (Α.
215 568 266 646 D.
288 567 414 672 1243.)
739 592 852 645 urana
879 591 1073 646 senuimus.
1605 571 1679 646 293

123 780 159 854 ot
185 779 385 858 obedienter
411 781 600 877 susceptus,
633 779 760 876 primos
786 782 822 856 et
848 779 1046 877 praecipuos
1072 777 1342 858 (lraooviensinm
1367 781 1404 858 et
1430 779 1681 858 Sandomirien·

123 901 215 978 sium
236 904 262 999 ¹)
289 905 443 994 barones,
469 905 505 980 et
531 903 708 1001 signanter
734 903 941 980 (ilementum
968 903 1158 999 palatinum
1179 903 1432 981 (lracoviensom
1458 904 1499 980 de
1524 905 1621 979 domo
1646 903 1683 980 et

124 1023 263 1100 familia
288 1025 488 1118 (initiorum,
517 1025 691 1122 captivare
718 1024 872 1101 instituit
888 1025 928 1120 ²).
969 1027 1177 1102 Sonventnm
1204 1026 1294 1122 apud
1320 1025 1596 1104 Scarbimiriense
1621 1047 1681 1120 op·

125 1145 266 1242 pidum,
298 1146 397 1241 quasi
436 1150 537 1224 rebns
564 1146 710 1243 publicis
746 1147 961 1242 provisurus,
999 1149 1189 1224 commenta
1215 1147 1284 1224 doli
1310 1147 1346 1222 in
1372 1149 1506 1243 pectore
1531 1167 1680 1240 vorans,

125 1269 296 1362 quomodo
323 1268 491 1344 militibus
517 1268 791 1346 (tracoviensibus
816 1270 1065 1362 exterminatis,
1102 1269 1294 1346 cracoviam
1331 1269 1437 1365 possit
1463 1269 1536 1345 iure
1562 1291 1682 1364 porpe-

124 1391 185 1464 tuo
213 1389 290 1467 sine
316 1392 474 1487 scrupulo
492 1391 744 1468 retractationis
763 1391 944 1487 possidere,
973 1391 1087 1468 Tertio
1114 1392 1279 1468 Calentes
1306 1390 1389 1465 Iulii
1416 1389 1536 1466 indicit
1547 1389 1587 1485 ³).
1614 1389 1684 1465 Ubi

124 1535 203 1588 oum
232 1535 351 1588 omnes
377 1512 623 1606 convenissent,
651 1515 833 1590 seeundum
859 1514 1026 1590 occultam
1053 1513 1206 1589 malitiae
1238 1511 1489 1604 diffinitionem,
1526 1513 1586 1588 dat
1611 1510 1684 1586 suis

125 1633 268 1730 signum
296 1634 424 1711 milites
455 1634 689 1712 Sraooviansos
725 1634 930 1730 captivandi.
975 1637 1046 1712 Nec
1072 1657 1176 1728 mora,
1204 1635 1412 1711 Praibislaue
1437 1633 1683 1712 Waurninoao·

125 1755 220 1849 vion,
250 1756 371 1834 Witelr
398 1757 628 1854 Bpenpovion,
665 1755 820 1833 Andreas
847 1758 1009 1833 Sullanis
1036 1759 1076 1834 de
1102 1758 1335 1855 Myednupedn
1350 1756 1389 1852 ⁴),
1421 1756 1583 1832 Nicolans
1610 1757 1683 1830 Ias-

125 1879 238 1970 sntko,
269 1879 405 1954 Sandol
442 1879 482 1954 de
509 1878 660 1954 Ohodona
684 1881 721 1955 et
747 1877 807 1955 alii
835 1879 1008 1975 simplices
1034 1900 1110 1955 cum
1136 1879 1186 1955 eis
1211 1877 1439 1975 captivantur,
1476 1879 1512 1954 et
1538 1876 1685 1954 vinculis

125 1999 307 2076 constricti
334 1999 519 2077 Maeoniam
535 1999 564 2096 ⁵)
604 2001 815 2076 deducuntur
841 2003 877 2076 et
904 2001 939 2074 in
965 2002 1096 2076 arctam
1123 2000 1312 2077 custodiam
1339 2000 1580 2088 retruduntur;
1608 1999 1684 2076 ille·

127 2143 224 2198 meus
252 2144 331 2198 vero
358 2121 533 2217 palatinus
567 2121 798 2198 Sraooviensis
829 2145 905 2198 cunr
942 2121 1106 2198 iratribus
1140 2123 1308 2215 Sullone,
1346 2121 1517 2197 Theodoro
1544 2121 1579 2197 et
1605 2120 1685 2196 aliis

127 2243 301 2320 demedio
328 2243 575 2339 captivantium
602 2243 638 2318 in
665 2244 878 2340 Hungariam
904 2245 1123 2340 aufugerunt,
1151 2245 1285 2340 aRege
1312 2243 1523 2340 protegendi.
1550 2241 1684 2338 (laptivi
1825 2239 1829 2245 ’

126 2367 247 2441 autem
273 2367 311 2442 et
337 2365 421 2441 diris
460 2365 584 2442 inclusi
615 2367 800 2463 ergastulis
826 2365 863 2440 in
888 2366 1046 2458 llaaovia,
1083 2389 1160 2442 cnm
1187 2365 1360 2442 mensibus
1386 2367 1514 2440 duobus
1540 2363 1684 2461 captivi·

127 2489 241 2562 tatem
269 2488 460 2583 praefatam
486 2489 637 2584 perpessi
673 2488 830 2580 fuissent,
867 2488 1083 2583 compedibus
1109 2487 1229 2564 ferreis
1255 2487 1449 2580 confractis,
1487 2484 1686 2562 subnectis

127 2609 356 2706 intempestae
382 2609 532 2705 caligine
559 2611 656 2684 illam
683 2610 811 2707 singuli
837 2611 997 2686 evadunt.
1038 2612 1085 2685 Et
1110 2611 1264 2686 Clemens
1290 2609 1465 2706 palatinus
1490 2607 1685 2686 Oracovien-
1834 2697 1839 2707 Ι

128 2732 177 2808 sis
202 2754 253 2808 ex
279 2732 460 2828 Hungaria
486 2733 680 2825 revert'tur,
709 2732 920 2829 captivorum
946 2731 1116 2808 solutione
1142 2732 1271 2808 andita.
1315 2731 1441 2809 Divina
1465 2730 1557 2809 enim
1583 2730 1685 2807 mise·

128 2854 217 2930 ratio
246 2877 314 2932 non
341 2855 498 2932 deserens
524 2856 776 2950 praesumentes
815 2853 920 2931 dese
951 2855 1140 2950 praedictos
1166 2854 1255 2931 viros
1289 2853 1459 2951 captivos,
1496 2853 1607 2950 primo
1632 2851 1687 2927 dio

129 2975 286 3073 Augusti
312 3000 333 3050 a
359 2976 507 3052 vinculis
533 2977 724 3070 absolutos,
764 2976 900 3053 illaesos
927 2976 1010 3053 fecit
1035 2976 1148 3054 abiro:
1184 2975 1244 3072 qui
1271 2997 1386 3053 omnes
1411 2997 1489 3052 cum
1514 2974 1687 3051 dismanta

129 3097 289 3194 palatino
314 3099 359 3175 ed
384 3098 577 3176 Sraooviam
612 3098 805 3193 venientes,
842 3101 915 3175 tam
950 3119 1060 3176 arcem
1095 3121 1198 3194 quam
1233 3097 1426 3193 civitatem,
1462 3095 1617 3194 expulsis
1652 3097 1689 3172 et

129 3207 253 3297 eiectis
278 3219 358 3296 indo
382 3220 531 3297 (lunradi
567 3221 789 3317 praesidibus,
827 3219 989 3296 insuam
1025 3220 1186 3318 redigunt
1219 3220 1436 3317 potestatem.
1480 3217 1687 3296 advenienti

130 3365 267 3437 quoque
292 3343 450 3420 Boleslao
482 3343 608 3420 Pudioo
643 3342 729 3420 Duoi
758 3365 819 3419 sno
845 3365 920 3420 cum
957 3345 1110 3420 consorte
1136 3365 1199 3418 sna
1224 3342 1343 3440 Kinga
1377 3366 1421 3418 ex
1446 3340 1628 3438 Hnngoria
1653 3342 1689 3416 et

130 3465 295 3558 lloravia,
332 3487 408 3541 oum
435 3487 557 3562 magno
584 3467 707 3561 plausu
733 3467 769 3542 et
795 3465 1006 3543 iucunditate
1037 3467 1227 3557 occurrunt,
1265 3467 1301 3542 et
1326 3464 1557 3542 consentiente
1583 3463 1687 3555 atque

131 3589 278 3684 rogante
304 3587 500 3662 Prandotbe
525 3587 735 3694 cracoviensi
761 3588 928 3683 episeopo,
962 3587 1073 3683 ipsum
1100 3586 1136 3662 in
1162 3588 1290 3663 Ducem
1314 3589 1351 3663 et
1377 3585 1570 3676 dominum,
1599 3583 1687 3658 inre-

133 3709 279 3786 iurando
305 3709 360 3784 illi
387 3711 564 3805 praestito,
591 3711 779 3785 assumunt.
822 3709 970 3806 Quorum
997 3709 1192 3805 exemplum
1219 3708 1342 3786 caeteri
1369 3708 1499 3785 nobiles
1523 3709 1560 3782 et
1584 3705 1687 3782 armi·

132 3831 208 3928 geri
234 3831 482 3925 Gmoomensea
510 3831 633 3926 quibus
660 3833 772 3909 caetra
797 3833 833 3908 et
859 3831 1064 3907 munitiones
1099 3831 1273 3907 cunradus
1298 3833 1378 3906 Dux
1403 3828 1572 3906 Haedum
1598 3849 1688 3904 oom-

134 3954 286 4046 miserat,
324 3953 442 4046 menti,
479 3953 545 4030 sibi
572 3955 685 4030 castra
710 3956 746 4031 et
772 3953 989 4046 munitiones,
1026 3953 1120 4050 pacti
1154 3953 1262 4029 vitam
1288 3955 1324 4029 et
1350 3951 1494 4044 veniam,
1531 3950 1687 4028 reddunt.

80 4149 90 4172 Ι
133 4075 206 4169 Quo
235 4097 367 4152 rumore
392 4075 567 4151 Sunrsdus
592 4075 763 4152 llosoviao
789 4077 869 4151 Dux
893 4075 1037 4168 excitus,
1065 4097 1183 4152 versus
1209 4074 1413 4165 draconem,
1441 4073 1589 4169 stipatus
1606 4093 1689 4168 gen·

134 4197 230 4273 tibus
258 4197 388 4290 multis,
416 4197 602 4291 blasovitis‚
631 4198 824 4290 Litbnanis
853 4197 1098 4294 Iaonuingis⁶l
1125 4199 1161 4274 et
1187 4197 1329 4274 caetum
1355 4195 1519 4288 barbaris,
1557 4215 1689 4290 prooes-

135 4318 195 4394 sit.
237 4320 284 4394 Et
310 4319 390 4394 dum
418 4319 593 4415 pugnandi
621 4320 750 4416 copiam
777 4321 956 4395 Boleslaus
983 4319 1130 4395 Pudicus
1157 4342 1224 4394 non
1251 4319 1388 4410 temnet,
1417 4315 1548 4393 moenia
1575 4317 1690 4392 delen·

134 4441 215 4517 dere
240 4443 433 4533 contentus,
470 4442 645 4517 Sunradus
680 4443 760 4516 Dux
798 4441 968 4517 Maeoniae
1004 4441 1179 4517 ecclesiam
1215 4440 1332 4517 Sancti
1367 4437 1565 4534 Andreaob
1592 4439 1691 4514 extra

136 4583 252 4638 muros
278 4561 512 4638 dracovienses
538 4562 650 4654 sitan,
680 4564 716 4638 et
741 4562 858 4638 Sancti
886 4562 1023 4658 Georgii
1051 4562 1086 4636 in
1114 4563 1227 4638 castra
1254 4561 1458 4653 incastellot,
1489 4567 1527 4636 et
1553 4558 1692 4636 fossatis

138 4683 309 4776 valliculae
336 4683 520 4779 dispositis,
549 4684 660 4760 valido
687 4684 846 4780 imposito
873 4683 1040 4780 praesidio
1067 4685 1208 4760 castelle
1240 4683 1357 4762 Sancti
1383 4682 1548 4774 Andreae,
1577 4683 1691 4778 Bogu-

136 4805 219 4880 thae
246 4803 351 4878 militi
387 4803 598 4880 Sraooviensi
634 4805 703 4900 (bic
729 4805 876 4901 armiger
902 4807 991 4900 erat)
1026 4805 1276 4896 commendato,
1315 4805 1350 4880 in
1382 4804 1578 4895 llssoviam,
1615 4823 1691 4878 cnm

138 4924 323 5020 potentiori
350 4945 429 5001 mos
455 4926 605 5002 exercitu
631 4927 813 5018 rediturus,
850 4927 1005 5004 discedit.
1050 4929 1133 5004 Post
1167 4927 1263 5003 cuius
1297 4926 1482 5003 discessum
1510 4925 1693 5003 castollum

139 5046 259 5122 Sancti
285 5045 442 5122 Andreae
469 5071 529 5142 per
555 5049 749 5146 Bogutbam
785 5049 858 5126 eius
885 5049 1072 5145 praesidem
1098 5050 1255 5127 Boleslao
1281 5049 1407 5126 Pudioo
1433 5047 1601 5126 redditum
1628 5048 1692 5139 eet,
1819 5095 1824 5105 -

250 5342 274 5421 ¹)
295 5344 506 5408 Graoovicnscs
537 5351 568 5406 et
595 5344 849 5407 Sandomiriensea
872 5345 932 5407 Ed.
955 5342 1042 5423 Lips.
1081 5343 1280 5423 ⁹)captivare
1302 5345 1439 5406 institnit
1454 5344 1532 5405 deest
1553 5344 1589 5404 ior
1619 5342 1692 5406 (lod.

139 5445 214 5510 Aret.
245 5444 273 5526 ³)
294 5449 409 5512 indixit
429 5446 501 5512 dod.
522 5449 616 5512 Reor.
649 5445 676 5528 ⁴)
699 5449 862 5512 Sulkovion
884 5451 922 5512 de
940 5450 1126 5513 Niedzvicdn
1148 5451 1210 5512 lid.
1233 5445 1320 5526 [epe.
1351 5444 1379 5525 θ)
1401 5449 1431 5508 in
1452 5447 1617 5512 uuonan
1631 5447 1693 5511 Ed.

142 5537 228 5629 Lips.
268 5549 294 5630 ⁸)
316 5553 478 5633 lattwingis
504 5553 574 5622 θοᾷ.
596 5552 671 5622 Aot.
712 5551 738 5640 ⁷)
759 5555 794 5616 Β.
816 5555 953 5623 Andreae
975 5556 1113 5638 Apostoli
1136 5555 1293 5622 ecelesiam
1315 5554 1376 5620 Ed.
1399 5548 1486 5636 Lips.
