4246 6274
190 559 250 655 (Α.
271 559 318 634 D.
338 559 445 656 1147.)
805 584 917 636 arnna
944 585 1117 648 aurnuns.
1691 570 1738 642 27

189 772 252 860 set,
282 793 342 864 spe
368 772 456 845 bena
482 770 573 861 data,
602 771 818 864 animumque
837 773 959 847 benum
979 772 1101 846 babere
1119 773 1345 848 Wladislaum
1367 773 1389 867 ¹)
1417 774 1527 848 iussit.
1556 777 1742 866 Postquam

188 912 265 966 reru
292 893 327 965 et
353 890 535 965 Wladislai
562 913 696 966 consors
722 892 864 968 Ducissa
891 891 1038 967 cristina
1064 916 1139 968 curn
1167 893 1276 968 tribus
1310 895 1392 967 filiis
1419 918 1440 968 a
1466 895 1581 970 leniris
1608 897 1649 970 dc
1676 898 1739 972 Pc-

187 1011 280 1086 lcnia
305 1013 459 1105 expulsa,
495 1015 634 1088 suaset
662 1012 787 1105 mariti,
818 1013 1030 1106 filiorumque
1054 1036 1151 1089 casus
1178 1017 1213 1089 et
1239 1037 1416 1090 aerumnas
1452 1017 1554 1110 lenge
1590 1039 1740 1092 sermone

186 1133 341 1208 cunrade
375 1132 603 1208 chrancrum
638 1134 726 1229 Regi
762 1137 971 1225 enarrasset,
1009 1138 1049 1208 ut
1084 1135 1136 1208 sui
1172 1137 1207 1210 et
1234 1136 1381 1211 filiorum
1417 1159 1552 1212 sucrum
1590 1137 1739 1212 misereri

185 1253 385 1348 dignaretur
411 1255 447 1328 et
474 1277 533 1350 per
559 1254 612 1328 ius
639 1255 816 1350 sanguinis
843 1257 879 1330 et
904 1277 964 1350 per
991 1255 1140 1330 efficium
1160 1255 1425 1351 imperatorium,
1455 1258 1596 1334 adiectis
1614 1259 1737 1332 lachri-

187 1375 254 1448 mis
280 1376 498 1470 precabatur;
527 1375 738 1450 Wladislaus
764 1399 895 1469 queque
910 1375 938 1470 9)
965 1377 1166 1452 Polcncrum
1193 1379 1272 1450 Dux
1290 1380 1325 1452 et
1343 1401 1402 1472 per
1429 1399 1464 1452 se
1483 1378 1593 1472 ipsum
1620 1381 1655 1453 et
1682 1402 1740 1472 pen

185 1495 447 1590 aulicos-Regis
473 1497 601 1570 sedulis
628 1498 783 1592 precibus
809 1497 1000 1572 (luuradnm
1027 1498 1168 1592 Regem,
1197 1500 1236 1572 ut
1263 1520 1343 1574 suae
1370 1499 1561 1574 calamitati
1588 1503 1738 1594 praesta-

185 1619 239 1692 ret
266 1614 430 1711 sclaliab
470 1619 506 1692 et
532 1639 566 1692 se
593 1639 669 1692 curn
703 1640 806 1694 uxore
842 1621 877 1692 et
913 1618 996 1691 filiis
1023 1618 1058 1690 in
1087 1617 1190 1692 exilio
1226 1641 1461 1694 consenescere
1497 1643 1562 1696 nen
1600 1620 1737 1710 sineret,

185 1737 368 1834 fatigabat.
416 1738 469 1812 du
495 1739 621 1814 Ducem
649 1739 787 1834 insuper
812 1740 1035 1814 Bchemcrum
1062 1739 1290 1814 Wladislaum
1317 1740 1537 1834 personaliter
1564 1763 1600 1815 se
1627 1743 1738 1816 ccnl-

184 1881 275 1951 rens,
303 1860 429 1934 Ducem
455 1882 534 1934 rere
561 1859 795 1935 Rutbencrum
821 1882 881 1954 per
908 1859 1045 1935 nunties
1068 1860 1271 1951 sollicitans,
1300 1863 1339 1934 ut
1367 1883 1402 1936 se
1431 1861 1465 1936 in
1493 1863 1652 1956 Regnum
1680 1883 1737 1936 sn·

185 2002 242 2054 um
271 1980 464 2072 restituant,
493 1981 595 2055 variis
622 1981 798 2056 conatibus
825 1981 1025 2076 instigabat.
1070 1982 1339 2075 Rumoribusque
1365 1982 1534 2058 continuis
1562 1983 1739 2058 Beleslaus

184 2101 323 2196 Orispus
350 2102 550 2178 Polcncrum
576 2103 655 2176 Dux
682 2105 717 2177 et
743 2103 867 2178 fratres
895 2102 947 2176 sui
974 2104 1183 2196 blyeczslans
1215 2104 1325 2178 Senex
1353 2105 1388 2176 et
1414 2103 1580 2178 Henricus
1603 2104 1737 2198 primus

183 2224 411 2314 terrebantur,
440 2225 510 2297 tam
537 2223 729 2298 Ouaradum
755 2224 984 2298 Romanarum
1010 2224 1150 2318 Regem,
1179 2246 1279 2317 ‹puam
1307 2224 1536 2300 Wladislaum
1558 2225 1739 2320 Beberniae

181 2346 312 2419 Ducem
338 2367 413 2419 curn
441 2343 603 2439 potentiis
629 2344 859 2420 validissimis
877 2345 919 2419 ad
947 2345 1193 2420 restituendum
1220 2347 1361 2422 fratrem
1388 2368 1501 2420 acrum
1526 2346 1562 2420 in
1581 2347 1737 2440 Regnum

181 2466 301 2540 cantra
326 2486 363 2558 se
389 2467 432 2539 ab
460 2487 538 2556 una,
574 2467 772 2542 Rutbemun
787 2466 815 2560 ⁴)
847 2468 889 2540 ab
916 2466 1037 2557 altera,
1075 2466 1231 2560 partibus
1266 2469 1435 2542 ventures.
1481 2465 1597 2560 nequo
1624 2468 1737 2542 tamen

180 2585 297 2661 anime
325 2585 481 2680 vulgatos
506 2589 542 2661 et
569 2585 710 2662 iniectos
737 2587 952 2682 excipiebant
979 2589 1135 2677 terreres,
1170 2589 1206 2662 et
1232 2587 1368 2662 futurae
1395 2587 1609 2662 resistentiac
1635 2591 1738 2680 atque

180 2706 394 2782 dimicationi
421 2729 455 2782 se
483 2709 661 2802 parabant.
689 2708 862 2782 cunradus
880 2711 993 2784 autern
1012 2709 1239 2782 Romanorum
1266 2708 1353 2800 Rex,
1382 2708 1446 2784 etsi
1467 2708 1621 2802 precibus
1639 2709 1737 2784 Wla·

180 2828 285 2903 dislai
312 2829 513 2904 Pelcncrum
540 2829 644 2904 Ducis
670 2832 705 2904 et
731 2829 896 2906 consertis
932 2851 1011 2904 suae
1038 2828 1205 2904 Gristinae
1233 2829 1394 2905 Ilucissae
1420 2831 1551 2920 metus,
1589 2828 1736 2902 auxilia·

179 2952 299 3024 turum
334 2971 370 3026 se
409 2971 524 3024 eorum
560 2971 680 3025 musae
716 2953 750 3025 et
777 2949 1014 3026 restituturum
1050 2949 1086 3022 in
1122 2950 1279 3044 Regnum
1316 2949 1489 3044 pellicitus
1524 2950 1736 3042 frequentius

179 3070 316 3161 fnisset,
344 3071 444 3146 rebus
470 3071 586 3146 tamen
613 3070 752 3166 Imperii
779 3073 815 3147 et
841 3070 1103 3161 calamitatibus,
1139 3093 1225 3162 quae
1252 3071 1375 3146 Terrae
1406 3071 1550 3146 Sanctae
1577 3072 1612 3146 et
1639 3071 1735 3145 Obri-

179 3189 305 3266 stianis
332 3190 366 3266 in
393 3214 433 3266 ea
459 3191 693 3268 habitantibus
720 3192 965 3282 inferebantur,
1003 3191 1226 3286 pluribusque
1252 3191 1331 3267 aliis
1358 3191 1502 3286 publicis
1529 3194 1565 3266 et
1591 3191 1734 3286 privatis

178 3311 341 3408 negotiis,
370 3335 423 3403 ne,
452 3335 553 3406 queam
580 3313 754 3408 pellicitus
780 3315 903 3404 fuerat,
940 3336 1036 3408 cpem
1052 3313 1080 3408 ⁵)
1107 3313 1297 3389 Wladislao
1324 3315 1524 3407 praestaret,
1561 3315 1735 3388 averteba-

179 3437 251 3508 tur.
279 3434 489 3529 Expugnata
515 3433 683 3526 siquidem
709 3457 749 3510 ea
776 3436 978 3529 tempestate
1005 3437 1117 3509 fuerat
1143 3434 1263 3509 civitas
1290 3433 1423 3524 Edisse,
1457 3456 1542 3526 qnae
1570 3434 1606 3506 in
1632 3435 1733 3508 Sacra

179 3554 361 3649 Scriptura
399 3553 511 3630 Aracb
552 3555 756 3646 nominatur,
796 3578 854 3650 per
889 3557 1017 3650 Regem
1053 3556 1167 3650 dlapb
1203 3557 1243 3630 de
1279 3557 1460 3630 Turccrum
1497 3577 1640 3650 genere,
1678 3555 1737 3646 qui

179 3698 299 3751 omnes
324 3677 482 3767 Francos,
511 3698 595 3766 ques
622 3677 696 3751 illic
722 3677 863 3768 invenit,
896 3679 956 3750 aut
984 3679 1090 3751 morte
1116 3680 1177 3750 aut
1203 3675 1367 3752 servitute
1393 3675 1577 3766 damnavit,
1606 3675 1734 3750 archie-

180 3797 356 3892 piscopum
382 3819 459 3871 uero
487 3795 635 3872 civitatis
671 3818 747 3872 cum
783 3801 854 3872 tete
881 3798 969 3874 clerc
996 3797 1032 3872 in
1059 3797 1265 3874 confessione
1301 3796 1444 3872 christi·
1464 3795 1736 3871 constantissime
1828 3855 1831 3862 .

178 3941 216 3993 se
245 3920 432 4012 gerentem,
469 3917 563 3992 felici
590 3939 705 3993 cruere
732 3917 866 3992 necarit
881 3918 920 4012 ⁶).
965 3917 1102 3992 Adhaec
1129 3920 1165 3993 et
1190 3941 1291 4012 super
1317 3939 1410 3992 aram
1446 3917 1535 3992 beati
1573 3917 1735 3990 Iohannis

178 4039 363 4134 Baptistae
390 4037 655 4134 speciosissimae
682 4043 717 4114 et
744 4039 873 4115 nobiles
910 4041 1082 4113 matronae
1108 4041 1143 4114 et
1170 4039 1321 4133 virgines
1347 4041 1467 4134 stupra
1502 4038 1574 4132 pati
1602 4040 1736 4112 abactae

179 4161 275 4252 sunt,
300 4162 336 4234 et
361 4159 493 4251 civitas,
522 4183 609 4254 qnae
636 4163 678 4235 ab
704 4160 841 4256 Abgaro
856 4159 885 4255 9’)
911 4161 1006 4255 Rege
1037 4159 1106 4252 (cui
1134 4159 1289 4234 Christus
1316 4163 1396 4234 arata
1423 4181 1518 4232 suam
1545 4157 1735 4252 passionem

178 4281 364 4377 epistolam
389 4281 573 4376 direxerat)
600 4282 783 4357 orthodoxe
797 4281 982 4372 instituta,
1011 4282 1093 4354 tune
1120 4279 1265 4375 primum
1292 4304 1312 4354 a
1339 4279 1497 4374 gentibus
1522 4280 1733 4374 profanatur.

179 4404 235 4476 ldx
262 4402 326 4476 buc
352 4404 464 4476 autem
502 4424 579 4476 casu
614 4401 854 4477 Christianitas
891 4401 1107 4495 inpartibus
1143 4400 1290 4474 Orientis
1325 4399 1508 4494 plurimum
1545 4399 1733 4488 debilitata,

180 4522 331 4600 succurri
359 4522 425 4597 sibi
451 4545 652 4618 magnopere
680 4522 870 4618 flagitabat.
898 4523 949 4596 Ne
967 4524 1083 4596 autem
1110 4522 1283 4596 Ounradns
1310 4522 1536 4596 Romanorum
1563 4521 1639 4594 Rex
1657 4543 1734 4594 cau-

179 4666 254 4718 sam
281 4642 465 4722 Wladislai
493 4643 693 4718 Pelcncruru
720 4643 823 4720 Ducis
851 4665 987 4737 prorsus
1014 4641 1202 4716 deseruisse
1229 4645 1263 4716 et
1291 4665 1334 4716 cx
1361 4641 1472 4716 anime
1500 4640 1692 4716 licentiasse
1708 4641 1736 4732 9)

179 4765 373 4860 putaretur,
401 4763 546 4858 primum
574 4763 708 4856 quidum
735 4767 855 4859 gentes
882 4785 1050 4838 annerum
1066 4763 1095 4856 9)
1123 4763 1175 4835 illi
1204 4763 1380 4852 concessit,
1410 4785 1551 4854 querum
1571 4761 1735 4836 adiutorio

179 4887 295 4958 castra
321 4885 386 4959 duc
412 4886 578 4979 Nyemcae
605 4888 640 4960 et
666 4886 805 4961 Greedis
839 4887 1047 4974 construens,
1084 4883 1238 4978 pluribus
1273 4883 1526 4958 encrusicnibus
1561 4881 1735 4957 Pclcniam

179 5005 387 5094 lacessebat;
415 5004 534 5080 deinde
560 5005 691 5080 nuntiis
717 5009 752 5082 et
779 5006 889 5082 literis
916 5006 1007 5100 apud
1033 5005 1227 5080 Bclcslaum
1254 5005 1408 5100 Crispum
1436 5005 1636 5078 Polcnorurn
1664 5004 1734 5076 Du·

291 5296 315 5376 ¹)
337 5299 500 5361 wladislao
522 5300 698 5362 Polonorum
726 5301 805 5362 Daci
835 5299 905 5364 cod.
928 5301 1021 5362 Βοῦν.
1044 5290 1089 5373 ’9)
1119 5305 1216 5360 autem
1246 5297 1306 5360 Ed.
1337 5299 1430 5359 Βοῦν.
1469 5295 1496 5375 9)
1519 5298 1628 5358 auxilia
1663 5295 1735 5358 Ccd.

178 5405 274 5464 Βοῦν.
313 5399 341 5480 ⁴)
364 5410 395 5466 et
415 5405 567 5466 Rutbencs
593 5401 665 5466 (lod.
687 5405 792 5466 Roaru
820 5401 846 5482 9)
869 5405 955 5466 fidem
979 5405 1038 5466 Ed.
1062 5404 1155 5464 Βοῦν.
1188 5399 1214 5480 9)
1239 5403 1378 5464 coecavit.
1394 5403 1454 5463 Ed.
1478 5403 1572 5462 Βοῦν.
1609 5398 1735 5478 ⁷)Aga-

179 5525 214 5568 νο
243 5506 314 5571 Occi.
338 5505 412 5571 Aut.
436 5507 573 5584 Agabaro
596 5506 656 5569 Ed.
679 5508 774 5569 Βοῦν.
809 5504 834 5588 9)
857 5509 1005 5570 remisisse
1033 5505 1103 5569 Cod.
1126 5508 1219 5570 Beer.
1254 5503 1281 5586 9)
1304 5507 1491 5568 Almanernm
1514 5503 1574 5570 Ed.
1597 5505 1692 5572 Βοῦν,
