4192 6272
385 523 459 596 526
1003 548 1115 599 arasa
1142 475 1337 602 cernuus*
1658 529 1726 634 (Α.
1747 531 1794 608 D.
1814 533 1950 636 tres),

384 734 603 825 miserandae,
633 756 734 828 quam
763 733 966 810 miserabilis
993 738 1153 826 seruaret,
1183 737 1351 832 simulque
1378 738 1474 812 illam
1502 741 1545 814 ad
1571 742 1703 818 culmen
1744 743 1878 839 regium
1903 747 1938 820 et

382 859 424 932 ad
452 879 553 931 unam
581 855 809 930 Monarchiam
837 855 1027 951 redigeret,
1056 859 1208 932 sanctam
1237 859 1334 935 illam
1369 862 1582 936 obfuturam
1623 863 1757 939 felicem
1784 865 1880 940 ratus
1901 867 1934 960 ¹),

383 979 412 1052 si
439 1002 498 1052 suo
526 979 670 1069 Ducatn,
699 977 836 1071 suisque
863 979 1015 1053 consiliis
1042 983 1077 1054 et
1104 981 1285 1076 auspiciis,
1315 1006 1375 1076 pro
1403 983 1557 1078 pluribus
1580 985 1795 1080 Principibus
1833 1011 1935 1062 uuum

383 1102 512 1196 Regem
540 1103 575 1174 et
601 1101 817 1176 Monarcham
845 1100 1032 1181 sortiretur.
1059 1103 1247 1178 Incitabant
1280 1104 1431 1200 ingentis
1457 1105 1604 1200 spiritus
1633 1107 1744 1182 virum
1781 1110 1930 1200 Prussia,

383 1221 502 1311 Slesia,
531 1220 689 1311 Saxonis,
718 1221 1008 1316 Wratialaviaque
1029 1225 1225 1318 ademptae;
1255 1227 1395 1322 lugebat
1413 1227 1616 1319 cracoviam,
1637 1231 1852 1324 caeterasque
1869 1231 1936 1306 Re·

383 1344 443 1442 gni
471 1342 628 1418 Poloniae
665 1342 872 1438 prouincias,
901 1346 1044 1419 obeunte
1071 1345 1143 1420 sine
1170 1347 1286 1422 liberis
1322 1348 1491 1424 hestlroue
1526 1349 1633 1444 Nigro
1668 1351 1878 1426 Gracouiensi
1903 1353 1939 1428 et

383 1464 644 1542 Saudomiriousi
670 1467 706 1540 et
732 1465 915 1540 Siradiensi
943 1468 1045 1559 Duce,
1074 1468 1192 1561 quinto
1219 1470 1528 1566 consanguinitatis
1563 1473 1671 1566 gradu
1699 1495 1774 1546 eum
1804 1473 1936 1548 coutin-

382 1589 495 1689 geute,
525 1586 652 1661 mutuis
679 1587 831 1662 cladibus
857 1589 983 1679 collidi,
1025 1593 1060 1664 et
1100 1591 1278 1685 plusquam
1319 1591 1413 1668 ciuili
1453 1593 1533 1668 belli
1575 1593 1688 1688 gladio
1732 1594 1768 1669 in
1804 1593 1940 1690 propria

382 1711 510 1786 uiscera
536 1731 704 1800 conuerso,
734 1709 889 1804 discerpi.
917 1710 1044 1786 Grandi
1072 1712 1188 1804 itaque
1215 1693 1250 1789 et
1268 1737 1371 1808 supra
1392 1714 1491 1806 vires,
1512 1737 1680 1810 supraque
1699 1718 1845 1791 aetatem
1864 1715 1938 1790 aui-

384 1855 436 1908 mo
464 1833 581 1922 fretae,
612 1830 765 1924 quamvis
793 1831 901 1906 uarios
929 1835 963 1906 et
990 1834 1184 1926 frequentes
1219 1835 1348 1910 uideret
1375 1837 1549 1912 naturales
1587 1837 1738 1911 dominos
1765 1837 1801 1911 iu
1828 1837 1939 1932 Regni

383 1953 542 2030 Poloniao
570 1952 751 2048 provinciis
778 1953 981 2048 principari,
1014 1979 1078 2029 nou
1108 1955 1308 2051 cupidinei)
1335 1957 1460 2032 terreni
1489 1957 1633 2052 imperii,
1662 1983 1728 2032 non
1755 1957 1940 2033 ambitione

386 2075 472 2171 regii
500 2076 611 2150 fastus
626 2072 666 2169 ³),
706 2075 762 2148 sed
790 2076 863 2150 sola
899 2075 1024 2170 pietate
1061 2077 1294 2171 charitateque
1329 2079 1365 2152 iu
1406 2079 1552 2174 patriam
1589 2081 1772 2174 permotus,
1803 2079 1938 2176 magnis

390 2197 538 2286 ausibus,
568 2196 717 2271 universi
744 2196 855 2293 Regni
874 2197 1044 2288 Poloniae,
1070 2198 1258 2275 Divinitate
1285 2200 1485 2295 inspirante,
1513 2223 1549 2277 se
1567 2201 1746 2277 coustituit
1773 2202 1808 2276 in
1827 2201 1940 2276 auimo

383 2321 419 2393 et
445 2318 595 2394 destinat
624 2319 852 2393 Monaroham.
880 2317 932 2392 Ad
960 2319 1048 2410 quod
1075 2321 1321 2412 assequendum
1337 2324 1364 2417 ⁴)
1402 2345 1468 2396 nou
1504 2323 1613 2396 solum
1650 2323 1748 2396 illum
1785 2321 1941 2418 proprius

384 2443 420 2516 et
447 2439 612 2515 divinitus
640 2439 772 2514 infusus
798 2441 995 2536 agitabatur
1023 2441 1217 2534 instinctus,
1248 2441 1436 2517 sedetiam
1464 2443 1692 2538 praelatorum
1720 2447 1755 2518 et
1778 2447 1940 2520 baronum

385 2562 545 2637 Polouiae
571 2565 607 2637 ot
633 2561 852 2639 Pomeraniae
880 2562 1050 2638 inuitabat
1079 2563 1162 2638 mira
1188 2563 1320 2639 affectio
1357 2566 1392 2640 et
1427 2587 1616 2640 consensus.
1661 2567 1818 2641 Paternis
1845 2567 1937 2641 enim

384 2684 582 2760 clarissimis
610 2684 757 2759 moribus
785 2687 819 2758 et
846 2684 1018 2760 institutis
1046 2685 1208 2760 maternis
1245 2709 1311 2761 uou
1339 2688 1536 2779 contentae,
1565 2687 1751 2762 adiectione
1788 2687 1940 2782 proprio-

385 2830 460 2882 rum
487 2807 660 2881 radiabat:
689 2807 777 2883 unde
804 2806 904 2882 facile
931 2805 966 2880 in
993 2830 1028 2882 se
1055 2809 1126 2884 tam
1154 2807 1338 2902 primorum
1356 2831 1458 2900 quarn
1476 2807 1673 2884 inferiorum
1691 2809 1839 2885 favorem
1860 2832 1940 2885 corr·

385 2931 551 3017 verterat;
581 2927 706 3022 illeque
733 2951 821 3003 uuus
847 2928 937 3004 inter
963 2928 1122 3005 Poloniao
1150 2928 1325 3025 Principes
1352 2929 1477 3026 dignus
1503 2929 1608 3022 visos,
1637 2930 1851 3023 habitusque,
1880 2953 1939 3005 cu·

388 3049 442 3124 ius
469 3052 621 3144 tempora
664 3049 757 3146 regio
784 3049 912 3146 insigni
933 3051 1185 3126 adornareutur.
1212 3051 1430 3126 lemannum
1449 3050 1572 3126 aetatis
1591 3051 1943 3146 agebattricesimum

385 3173 550 3261 octavum
579 3171 647 3246 iam
675 3171 710 3245 iu
737 3171 957 3247 Pomeraniae
984 3173 1151 3248 Donatum
1167 3173 1206 3266 ⁵),
1237 3175 1368 3248 mortuo
1394 3173 1584 3268 Msacaugio
1603 3173 1675 3250 siue
1694 3173 1822 3265 liberis,
1842 3172 1944 3248 iuxta

388 3295 487 3388 pacta
514 3293 603 3369 inter
630 3315 685 3368 eos
713 3293 749 3367 in
775 3293 848 3371 uita
875 3293 1039 3386 stabilita,
1073 3295 1321 3390 successerat⁶);
1350 3293 1417 3370 iam
1447 3295 1654 3370 matrimonii
1681 3293 1755 3369 iure
1774 3293 1942 3390 virginem

387 3415 613 3510 llichsaamb
640 3415 747 3490 liliam
773 3415 880 3511 Regis
906 3415 1055 3507 Sueciao,
1085 3415 1243 3492 leoninam
1281 3415 1432 3492 honestis
1459 3415 1607 3492 moribus
1625 3417 1770 3512 plenam,
1798 3416 1943 3492 consilio

391 3540 426 3614 et
453 3536 662 3616 ordinatione
689 3537 838 3612 Boleslai
865 3537 968 3614 Ducis
994 3537 1208 3612 Calissiensis
1236 3538 1349 3632 patrui
1377 3537 1428 3613 sui
1457 3538 1621 3633 genuani,
1650 3539 1878 3634 copulaverat,
1899 3561 1945 3612 ex

386 3681 453 3753 qua
479 3658 613 3732 unicam
640 3657 758 3750 filiam,
787 3681 908 3734 nornen
936 3661 1125 3735 anemurum
1153 3659 1327 3753 imponens
1362 3659 1404 3750 ei,
1443 3658 1623 3736 Richsuam
1658 3661 1832 3754 genuerat:
1861 3682 1941 3734 cum

387 3779 617 3855 universorum
645 3781 871 3874 praelatorum
898 3781 933 3854 et
959 3782 1121 3854 baronum
1148 3779 1307 3858 Polouiae
1334 3781 1487 3856 concordi
1514 3783 1615 3873 uoto,
1644 3779 1884 3856 deliberatione
1905 3783 1943 3854 et

387 3901 462 3997 pari
489 3923 653 3977 consensu
681 3901 835 3976 diadema
862 3902 1042 3994 decretum,
1073 3902 1131 3996 qui
1159 3902 1300 3978 caeteris
1325 3902 1502 3998 religione,
1532 3901 1735 3994 innocentia,
1764 3902 1841 3993 fide,
1869 3903 1945 3976 ius-

387 4024 476 4114 titia,
507 4023 717 4119 integritate,
747 4023 927 4100 clementia
954 4025 1152 4119 praestaret.
1188 4025 1310 4116 Itaque
1337 4047 1413 4100 cum
1451 4025 1639 4120 praeclaras
1674 4047 1810 4099 suorum
1838 4024 1946 4100 maio-

388 4167 462 4220 rum
490 4145 667 4241 imagines,
696 4147 768 4220 tum
796 4168 848 4218 res
875 4168 896 4220 a
923 4168 958 4221 so
986 4145 1133 4220 feliciter
1160 4145 1249 4220 iusto
1268 4147 1369 4238 bello,
1398 4167 1544 4240 paceque
1562 4157 1687 4241 gestus,
1708 4149 1781 4219 turn
1800 4145 1948 4238 denique

388 4267 545 4343 omnibus
572 4267 608 4342 in
635 4269 735 4343 rebus
755 4266 952 4342 modestiam
979 4289 1074 4342 suam
1102 4267 1324 4361 suspicerent,
1354 4290 1416 4362 par
1442 4267 1596 4342 omnibus
1623 4267 1733 4342 uisum
1761 4267 1849 4356 suit,
1878 4267 1948 4342 sibi

389 4389 447 4464 uui
474 4411 583 4486 genus
610 4389 817 4481 Polonicurn,
846 4389 1040 4481 salutesque
1057 4387 1085 4482 8)
1112 4388 1208 4462 illius
1234 4388 1456 4464 comruittere.
1502 4389 1548 4462 Et
1576 4391 1615 4463 ut
1642 4389 1772 4464 cunctis
1801 4411 1864 4463 sua
1892 4411 1948 4462 or·

391 4511 521 4586 dinatio
549 4511 785 4603 innotesceret,
827 4509 988 4606 regiaque
1014 4510 1227 4586 veneratione
1255 4533 1276 4585 a
1302 4509 1450 4606 singulis
1476 4511 1653 4600 coleretur,
1682 4509 1781 4585 Auno
1809 4511 1947 4586 Natiui-

390 4634 476 4708 tatis
502 4632 637 4707 Domini
666 4631 784 4724 nostri,
813 4631 995 4707 Millesimo
1022 4631 1249 4707 ducentesimo
1278 4632 1496 4727 nonagesimo
1523 4630 1654 4723 quinto,
1675 4631 1729 4706 dio
1747 4631 1837 4706 Solis
1856 4633 1948 4707 uice-

389 4755 475 4829 sima
501 4757 599 4830 sexta
626 4753 752 4829 mensis
778 4753 882 4844 Iunii,
911 4753 999 4827 alias
1025 4752 1079 4828 die
1116 4752 1300 4844 Dominicc,
1330 4753 1365 4827 in
1392 4755 1480 4828 festo
1495 4752 1524 4848 9)
1552 4754 1751 4827 Sanctorum
1778 4753 1949 4827 Iohannis

390 4877 425 4950 et
451 4875 551 4950 Pauli
578 4876 776 4971 Martyrum,
805 4873 1043 4951 celeberrimus
1075 4876 1172 4969 pater
1198 4875 1340 4949 Iacobus
1367 4873 1504 4949 Suiuka
1530 4872 1737 4949 Guesueusis
1759 4873 1949 4970 archiepis·

505 5192 529 5272 ¹)
551 5196 632 5256 illam
655 5194 829 5268 felicemque
853 5192 979 5254 suturam
1001 5200 1084 5254 ratus
1111 5191 1182 5255 Ood.
1206 5193 1296 5254 Roar.
1322 5189 1348 5269 ⁹)
1372 5191 1509 5267 cupidine
1525 5197 1622 5252 muron
1638 5189 1709 5252 God.
1722 5191 1816 5252 Roas.
1840 5188 1870 5270 ³)
1887 5210 1950 5253 am·

393 5301 507 5360 bitioue
540 5305 723 5359 terrenorum
758 5298 950 5358 dominiorum
980 5304 1011 5358 et
1037 5299 1111 5372 regii
1140 5297 1233 5356 fustus
1257 5296 1315 5358 Ed.
1338 5297 1425 5372 Lipa.
1464 5291 1491 5373 4)
1515 5295 1749 5370 consequendum
1772 5294 1834 5355 Ed.
1857 5296 1948 5372 Lips.

395 5399 421 5479 5)
444 5405 502 5462 iarn
523 5403 713 5463 Pomeraniae
744 5401 888 5462 Ducatum
922 5399 993 5464 (lod.
1022 5402 1114 5463 Roer.
1153 5396 1179 5479 ⁶)
1209 5400 1362 5461 obtinebat
1393 5396 1464 5462 coa.
1495 5399 1589 5460 Roar.
1629 5395 1655 5476 ⁷)
1684 5397 1861 5460 Richscham
1884 5399 1949 5460 Ed.

393 5509 482 5586 Lipe.
507 5503 533 5586 ⁸)
557 5509 737 5586 salutemque
764 5505 835 5568 Occi.
858 5507 951 5570 Roas.
975 5502 1003 5585 ⁹)
1024 5504 1102 5567 festo
1125 5505 1206 5569 dccet
1226 5505 1263 5566 ia
1288 5503 1358 5567 coa.
1380 5501 1454 5564 Aret.
