4172 6278
385 521 460 592 160
1012 539 1123 592 arena
1150 537 1303 592 snxvns.
1676 515 1738 611 (Α.
1758 516 1804 592 ὓ.
1825 516 1933 611 1201.)

383 727 444 800 aut
470 723 571 799 scribi
607 724 777 815 haeredes,
816 744 917 816 quam
952 745 1018 815 eos,
1057 723 1115 816 qui
1146 747 1190 798 ex
1216 723 1340 798 lumbis
1376 723 1447 797 suis
1482 723 1707 817 procedentes,
1744 723 1932 817 quamlibet

382 846 487 921 aliem
513 844 715 922 creationem
741 842 879 918 minime
906 845 1016 919 forent
1043 845 1160 919 laturi.
1188 846 1237 919 Eo
1257 866 1416 939 responso
1442 844 1575 920 Helena
1597 844 1739 918 Ducissa
1764 845 1932 920 Kaaimiri

383 967 502 1042 relicta
522 967 545 1061 ¹)
571 967 607 1041 et
633 966 797 1041 violatum
833 966 934 1060 pacta
969 967 1004 1039 et
1031 987 1145 1060 preces
1181 987 1260 1040 suas
1287 965 1501 1060 repudiatum
1528 965 1571 1038 iri
1598 965 1791 1057 dinoscens,
1820 967 1931 1040 tristis

384 1089 419 1162 et
445 1109 584 1183 gemens
610 1087 646 1161 in
673 1085 918 1162 Sandomiriam
945 1108 1089 1178 reversa,
1118 1087 1232 1181 plures
1259 1109 1302 1161 ex
1329 1086 1601 1162 draeoviensibus
1627 1086 1818 1178 baronibus,
1847 1108 1929 1179 quo·

382 1231 458 1283 rum
484 1208 552 1282 lida
578 1209 746 1299 quondam
772 1207 914 1283 consilia
941 1208 1150 1302 neglexerat,
1189 1230 1247 1302 per
1274 1207 1411 1282 nuntios
1438 1209 1473 1283 et
1499 1207 1628 1299 literas,
1665 1229 1708 1281 ne
1734 1209 1806 1282 tam
1833 1209 1929 1281 noto-

382 1330 469 1405 riam
496 1329 656 1404 iniuriam
683 1328 747 1403 sibi
775 1332 810 1404 et
836 1328 918 1402 filiis
944 1329 1015 1402 suis
1042 1329 1197 1420 illatam,
1235 1329 1380 1402 inultam
1410 1349 1484 1402 osso
1511 1327 1638 1419 sinant,
1675 1329 1709 1402 at
1736 1326 1825 1402 filios
1852 1349 1930 1401 snos

383 1452 419 1525 in
446 1451 679 1546 Principatum
714 1449 964 1526 cracoviensem
999 1450 1201 1542 restituant,
1240 1450 1390 1525 obsecrat
1405 1449 1444 1544 ⁹),
1482 1449 1684 1544 promittens
1719 1449 1760 1524 de
1786 1450 1928 1540 caetero,

385 1572 474 1646 nihil
501 1595 549 1665 se,
579 1571 645 1646 nisi
672 1595 715 1647 ex
741 1593 855 1647 eorum
882 1571 1021 1647 arbitrio
1039 1571 1076 1645 in
1094 1575 1193 1647 rebus
1212 1571 1356 1665 publicis
1383 1572 1547 1646 aetvvram.
1575 1572 1795 1646 Promovebat
1817 1573 1932 1644 autem

384 1693 581 1788 petitionem
618 1691 808 1767 huiusmodi
851 1717 917 1768 non
962 1694 1070 1766 solum
1105 1692 1253 1767 filiorum
1289 1691 1455 1766 Kanimiri
1491 1691 1641 1767 charitas
1676 1691 1711 1764 in
1739 1692 1930 1786 pectoribus

384 1813 595 1909 singulorum
622 1837 665 1889 ex
691 1813 863 1889 benefieiis
899 1814 1049 1908 paternis
1084 1813 1211 1904 vivens,
1249 1814 1306 1888 sed
1342 1813 1445 1887 etiam
1471 1811 1650 1907 Mvecaslai
1679 1812 1777 1886 Senis
1804 1811 1928 1902 odium,

384 1935 443 2026 qni
470 1937 509 2010 ut
536 1934 684 2010 securius
710 1934 747 2008 in
773 1934 983 2010 cracoviensi
1020 1934 1203 2029 impeteret
1229 1933 1439 2028 Principatu,
1477 1933 1609 2024 aliquos
1636 1935 1776 2008 barones
1803 1956 1846 2008 ex
1873 1955 1929 2008 ve·

383 2055 513 2131 teribus
540 2055 817 2151 possessionibus,
856 2057 899 2131 ed
926 2079 962 2131 se
976 2056 1068 2130 ¹illes
1095 2077 1249 2131 asserens
1281 2055 1459 2150 portinere,
1488 2055 1734 2146 deturbaverat,
1774 2055 1808 2128 et
1834 2053 1929 2128 nobi-

383 2171 475 2254 libus
501 2200 544 2252 en
570 2176 689 2252 Maiori
716 2177 865 2270 Polonia,
895 2177 992 2269 quasi
1020 2177 1130 2272 magis
1157 2175 1223 2252 sibi
1249 2176 1337 2266 fidis,
1367 2176 1446 2250 illes
1473 2177 1508 2251 et
1535 2175 1686 2270 publicos
1709 2175 1931 2269 magistratus

384 2301 486 2392 acque
513 2298 626 2374 officia
652 2300 854 2391 contulerat,
883 2299 1064 2394 pluresque
1091 2298 1287 2374 credebatur
1318 2297 1479 2392 temporis
1505 2318 1661 2390 processu
1688 2296 1821 2371 durneto
1848 2296 1932 2370 solio

384 2422 634 2496 deturbaturus.
663 2422 705 2494 In
724 2419 906 2514 perniciem
932 2420 1048 2512 itaque
1067 2421 1102 2494 et
1120 2419 1349 2494 exclusionem
1376 2419 1554 2514 blyecaslai
1582 2417 1679 2506 Senis
1705 2417 1805 2493 facile
1832 2418 1930 2492 exul-

384 2542 490 2618 cerati
516 2541 665 2617 omnium
701 2541 805 2614 animi
841 2541 1074 2632 consentiunt,
1114 2543 1149 2615 at
1179 2541 1365 2636 Myecaslao
1392 2539 1429 2612 in
1455 2542 1563 2614 terrm
1600 2538 1738 2612 Maioris
1773 2537 1931 2612 Poloniaa

384 2663 583 2754 divertente,
613 2661 774 2737 Nicolaus
801 2662 973 2756 palatinus
1000 2660 1238 2752 Gracoviansis,
1268 2683 1343 2736 arce
1361 2661 1570 2736 cracoviensi
1589 2662 1760 2754 occupata,
1788 2660 1930 2733 Lestko·

384 2807 461 2860 nem
488 2783 613 2859 Album
641 2786 676 2858 ot
702 2785 845 2859 matrem
872 2783 945 2858 eius
970 2782 1147 2857 Ducissem
1173 2783 1338 2858 Holenam
1366 2781 1402 2856 in
1420 2781 1671 2856 Gracoviensevn
1697 2780 1930 2875 Principatum

384 2904 579 2997 introducit,
608 2906 643 2980 ct
669 2904 818 2979 omnium
846 2905 901 2978 illi
927 2905 1057 2979 animos
1083 2903 1263 2995 studiaque
1296 2903 1465 2994 conciliat,
1494 2901 1656 2978 officiales
1683 2904 1718 2976 ot
1744 2902 1932 2996 praefectos

384 3027 574 3122 Mvecaslai,
602 3029 638 3102 et
664 3047 879 3121 quoscunque
905 3027 959 3100 illi
986 3027 1099 3102 favere
1135 3026 1286 3117 noverat,
1326 3021 1445 3098 iubens
1480 3026 1556 3118 post
1583 3024 1681 3098 illum
1708 3023 1744 3097 in
1770 3023 1931 3096 Maiorem

384 3148 559 3223 Poloniam
586 3148 841 3244 transmigrare.
869 3149 916 3223 Et
933 3148 1014 3223 licet
1031 3147 1142 3223 omnia
1160 3149 1332 3222 castra'et
1359 3146 1564 3220 munitiones
1590 3144 1814 3220 Oracoviensis
1831 3144 1931 3219 Prin·

385 3269 518 3364 cipetus
544 3270 706 3348 Lostlroni
744 3271 912 3365 parerent,
950 3271 1058 3344 solum
1085 3272 1199 3344 brnen
1225 3267 1456 3343 Bithomiense
1484 3255 1644 3342 castrum'
1660 3289 1719 3360 pro
1745 3266 1931 3362 Myecvslao

385 3389 471 3465 Sena
502 3393 698 3483 eoeneum,
736 3391 772 3464 in
807 3392 896 3483 quod
931 3391 1137 3486 Mpeeaslaus
1173 3391 1252 3463 Dux
1286 3388 1508 3463 fortissimum
1543 3388 1691 3462 militum
1727 3387 1931 3482 praesidium

384 3509 631 3604 transmittens,
659 3511 910 3588 cracoviensem
937 3511 1142 3606 provinciam
1169 3509 1304 3604 spoliis,
1333 3509 1465 3604 praedis
1491 3511 1526 3584 et
1553 3509 1692 3604 rapinis,
1722 3508 1931 3599 caeterisque

384 3630 712 3707 incommoditatibus
727 3631 756 3728 ³)
782 3655 905 3709 vexare
932 3656 999 3708 non
1026 3632 1214 3707 omittebat.

488 3753 713 3829 Praemislaus
740 3753 921 3830 Bobemiae
957 3755 1033 3829 Rex
1068 3751 1178 3847 prima
1207 3753 1243 3827 et
1269 3751 1425 3846 legitima
1460 3773 1521 3825 sua
1556 3773 1659 3826 uxore
1693 3750 1784 3825 Adla
1819 3771 1931 3824 sorore

385 3873 587 3950 Merchionis
613 3875 811 3951 Misenensis
830 3875 1018 3971 repudiata,
1046 3872 1280 3950 Constantiam
1306 3873 1413 3966 Regis
1440 3873 1635 3968 Hungariae
1661 3873 1764 3948 Bolas
1786 3893 1932 3946 sororem

385 3995 515 4092 accepit
540 3997 577 4072 iu
603 4021 753 4075 uxorem.

383 4363 552 4439 boleslaus
579 4364 671 4438 litua
698 4363 974 4437 wratislaviensis
1001 4364 1073 4435 llux
1103 4381 1176 4435 cun
1212 4361 1290 4435 llliiv
1326 4365 1492 4450 nonum,
1528 4361 1695 4434 deducam
1731 4377 1804 4434 cum
1830 4361 1933 4434 barba

629 4485 740 4574 lilium,
768 4487 906 4558 Sanctae
932 4483 1083 4574 lladvigir
1110 4484 1272 4572 maritum,
1299 4483 1431 4574 reliquit
1458 4501 1689 4555 advocaveram.

487 4724 622 4800 Decimo
648 4726 813 4800 Galendas
839 4724 1015 4801 Februarii
1042 4725 1214 4800 Iaroslaus
1241 4721 1731 4819 episcopusWratialaviensis,
1756 4721 1848 4796 lilius
1865 4723 1932 4796 Bo-

385 4845 484 4922 leslai
511 4846 585 4921 Alti
599 4843 628 4942 ⁴)
656 4847 758 4922 Ducis
770 4846 1065 4924 wratislaviensis
1080 4846 1118 4941 ⁵),
1148 4846 1300 4939 moritur,
1329 4869 1404 4921 cum
1424 4845 1597 4921 ecclesiam
1617 4844 1934 4922 Wrutislaviensem

285 4971 287 4984 ‘
384 4967 531 5044 triennio
557 4967 617 5043 vix
643 4970 773 5060 exacto,
803 4969 1034 5062 gubernasset,
1063 4971 1098 5043 et
1124 4967 1160 5040 in
1188 4966 1329 5042 ecelesia
1356 4965 1627 5044 wratislaviensi
1656 4965 1831 5060 sepelitur.
1872 4963 1934 5038 (lui

384 5089 572 5185 Cyprianus
609 5087 783 5184 episcopus
815 5088 1054 5183 LubuonensiS,
1092 5089 1151 5180 qui
1187 5091 1291 5164 abbas
1327 5088 1443 5164 Sancti
1478 5086 1651 5164 Vincentii
1686 5087 1785 5162 extra
1820 5107 1933 5160 muros

493 5367 518 5448 ¹)
540 5372 645 5431 relicta
666 5369 744 5432 dccet
764 5371 801 5430 ia
825 5368 897 5430 Occl.
919 5367 994 5432 Aac.
1024 5366 1051 5445 ⁹)
1075 5368 1250 5429 obsecrabat
1275 5367 1347 5428 (lod.
1371 5367 1463 5427 Roar.
1497 5363 1523 5444 ³)
1539 5365 1730 5429 incommodis
1752 5363 1823 5426 doc.
1839 5363 1934 5427 Roas.

387 5467 416 5552 ⁴)
438 5473 507 5534 Albi
530 5475 590 5536 Ed.
612 5475 708 5535 Dour.
741 5469 767 5550 ὓ)
789 5473 996 5534 Wratislaviae
1019 5472 1079 5531 Ed.
1102 5472 1198 5532 Dobr.
