4192 6272
169 547 232 644 (Α.
251 547 300 630 D.
321 546 445 648 l2BB.)
703 593 704 598 Ν
783 572 895 624 monn
921 572 1115 626 susumus.

206 970 253 1044 Ex
279 985 343 1042 nau
370 990 529 1064 aquarum
556 991 611 1064 per
637 971 812 1044 itamaros
840 970 1032 1044 intactarum
1059 971 1174 1062 iugem
1201 971 1306 1064 postia
1333 971 1367 1042 in
1393 970 1512 1044 bucria
1538 974 1695 1064 provenit.

272 1212 399 1308 Ingens
425 1211 532 1306 postis
558 1213 593 1288 et
620 1211 811 1287 mortalitas
838 1211 874 1286 in
901 1210 1072 1306 plerisque
1098 1210 1242 1287 Russiae
1268 1209 1368 1288 terris
1395 1210 1614 1306 invalescens,
1644 1213 1721 1308 plu·

168 1332 271 1407 rimos
299 1335 457 1408 mortales
483 1333 518 1407 in
545 1355 629 1409 sexu
657 1334 799 1424 utroque
826 1332 995 1408 extinxit:
1033 1354 1118 1425 quae
1145 1356 1211 1407 nou
1238 1356 1281 1408 ex
1308 1333 1503 1408 coelestium
1532 1333 1720 1427 influentia,

167 1476 275 1548 noque
301 1454 500 1550 contagione
527 1457 588 1530 aut
614 1477 715 1528 aurae
742 1455 863 1528 afflatu
890 1455 1038 1544 causata,
1069 1455 1127 1529 sed
1154 1477 1198 1528 ex
1225 1454 1323 1547 aquis
1359 1455 1575 1550 malignitate
1614 1457 1721 1530 Thar-
1816 1440 1819 1450 ’

169 1579 331 1666 tororum,
361 1597 444 1668 quos
471 1576 624 1652 Rutheni
651 1575 819 1670 superiori
842 1598 930 1651 auno
957 1575 993 1650 iu
1021 1575 1196 1650 vastandis
1223 1576 1425 1650 Polonorum
1450 1577 1644 1672 regionibus
1663 1578 1721 1651 ad·

168 1697 335 1788 iuverant,
364 1719 466 1788 seque
493 1697 565 1772 illis
585 1696 608 1790 ¹)
636 1697 896 1788 associaverant,
925 1679 1077 1788 infectis,
1103 1697 1190 1770 scita
1217 1699 1270 1772 est
1298 1697 1484 1772 iustissimo
1511 1698 1572 1772 Dei
1600 1698 1723 1776 iudicio

169 1817 374 1916 provenisse,
403 1820 442 1892 ut
468 1817 619 1892 Rutbeni
647 1818 699 1892 sui
728 1817 864 1912 pessimi
893 1818 1043 1909 obsequii
1070 1817 1248 1892 Thartaris
1275 1818 1309 1890 in
1337 1819 1597 1894 debellationem
1623 1821 1722 1894 Polo-

167 1962 287 2018 nomm
314 1938 482 2034 praestiti,
510 1939 712 2034 condignam
739 1939 933 2033 exciperent
969 1941 1171 2032 mercedem,
1211 1940 1356 2034 pessimo
1396 1962 1518 2035 genere
1555 1940 1653 2016 exitii
1680 1942 1723 2016 ab

169 2060 224 2134 his
251 2059 460 2152 conficiendi,
490 2059 611 2154 quibus
638 2062 755 2136 contra
782 2060 992 2150 Catholioos,
1021 2059 1080 2154 qui
1107 2063 1142 2134 et
1173 2059 1239 2154 ipsi
1275 2060 1440 2136 Catholici
1467 2060 1638 2136 aestimari
1665 2084 1722 2136 vo·

168 2182 257 2272 lunt,
287 2180 492 2276 praesidium
520 2182 683 2256 tulerant.
725 2179 884 2254 Thartari
911 2179 1076 2275 siquidem
1103 2181 1181 2276 post
1208 2181 1371 2275 partitum
1397 2181 1432 2256 et
1460 2181 1496 2254 in
1523 2181 1635 2258 varias
1661 2205 1722 2256 na·

169 2302 280 2377 tiones
307 2303 531 2378 venundatum
573 2325 616 2378 ex
643 2302 786 2396 captivis
814 2302 950 2376 Polouis
977 2323 1079 2377 sexus
1106 2301 1285 2396 permiscui
1313 2303 1484 2396 praedam,
1512 2302 1614 2377 terris
1633 2304 1721 2378 Rus-

168 2423 238 2498 siae
265 2423 445 2514 carosomi,
474 2425 509 2498 et
535 2424 705 2500 Ruthenis
742 2422 1007 2514 clandestinam,
1036 2423 1115 2496 dum
1152 2425 1322 2518 apertam,
1360 2423 1615 2518 prohibentibus
1650 2425 1723 2498 suis

166 2544 327 2635 Ducibus,
356 2544 545 2638 nequirent,
575 2545 756 2640 perniciem
784 2545 986 2640 irrogaturi,
1015 2545 1121 2620 undas
1149 2566 1263 2620 eorum
1298 2546 1333 2620 et
1369 2544 1509 2620 flumina
1536 2546 1599 2622 hoc
1626 2547 1722 2622 modo

165 2665 334 2742 inficiunt
381 2666 488 2742 dorda
522 2665 687 2759 siquidem
723 2665 991 2742 christianorum
1006 2664 1034 2759 ²)
1070 2666 1272 2741 Polonorum
1299 2688 1342 2741 ex
1369 2665 1580 2762 captivorum
1606 2690 1721 2764 grege,

165 2809 250 2882 quos
277 2809 336 2882 pro
364 2787 634 2883 sortilegiorum,
664 2786 928 2878 divinationum,
957 2785 1229 2862 incantationum
1264 2789 1299 2862 et
1334 2787 1552 2882 auguriorum
1587 2787 1720 2881 officiis,

166 2908 291 3002 quibus
318 2930 403 3004 gons
430 2908 494 2984 illa
520 2930 723 3004 magnopere
751 2908 866 2984 dedita
892 2909 956 3002 est,
985 2908 1199 3004 peragendis,
1227 2909 1306 3004 plus
1332 2930 1434 3002 qnam
1452 2910 1588 2986 centum
1606 2931 1722 2985 nume·
1804 2917 1807 2922 '

167 3052 205 3104 ro
233 3029 434 3122 occiderant,
463 3031 504 3106 de
531 3029 750 3106 cadaveribus
776 3030 959 3106 occisorum
986 3031 1149 3120 extracta,
1178 3029 1374 3108 fortissimis
1401 3030 1538 3105 venenis
1556 3029 1725 3107 inebriant

166 3153 202 3226 et
229 3150 398 3244 inliciunt,
429 3153 465 3226 et
491 3154 563 3227 tam
591 3152 627 3226 in
654 3153 860 3248 profluentes
889 3175 989 3245 quam
1015 3154 1216 3248 stagnantes
1243 3174 1362 3244 aquae,
1392 3154 1537 3228 verubus
1564 3154 1599 3228 et
1616 3151 1723 3250 lignis

168 3272 205 3346 in
231 3273 372 3368 longum
399 3273 561 3368 porrectis
576 3267 615 3368 ⁸),
652 3276 691 3347 ut
718 3272 847 3348 diutius
874 3273 1055 3364 durarent,
1085 3272 1263 3368 imposita,
1292 3273 1518 3370 immergunt:
1555 3273 1724 3366 aquibus

170 3415 278 3488 aquae
305 3393 452 3471 infectae
480 3395 560 3470 adeo
587 3394 624 3468 in
651 3395 839 3485 Rutheuos,
867 3393 926 3489 qui
953 3415 1057 3487 aquas
1093 3395 1172 3468 illas
1205 3416 1412 3490 quocumque
1448 3416 1512 3469 usu
1547 3395 1722 3490 continge·

167 3516 261 3606 bant,
292 3538 457 3592 venenum
484 3519 520 3591 et
546 3518 677 3590 morbos
704 3517 949 3610 vulgaverant,
979 3518 1019 3590 ut
1045 3515 1157 3590 subito
1194 3517 1470 3610 procumbentes,
1500 3515 1607 3592 nullis
1633 3516 1723 3592 anti·

167 3635 257 3710 dotis
283 3638 471 3732 profectum
497 3637 715 3712 afferentibus
741 3635 893 3728 relevati,
922 3635 1115 3711 occiderint.
1144 3637 1224 3712 Sero
1251 3637 1389 3712 tandem
1416 3639 1451 3713 et
1478 3637 1635 3731 plurImis
1662 3659 1723 3732 per

167 3758 281 3832 tabem
308 3758 344 3831 in
371 3781 510 3854 corpora
536 3758 706 3851 ingestam
742 3756 969 3850 consumptis,
998 3758 1109 3833 latens
1146 3759 1273 3832 malum
1308 3758 1551 3852 deprehensum
1587 3760 1659 3852 est,
1688 3761 1724 3834 ot

169 3900 334 3969 aquarum
360 3901 441 3954 usus
469 3880 563 3956 velut
591 3878 708 3954 fatalis
734 3879 769 3953 et
796 3877 936 3972 pestifer
962 3901 984 3952 a
1010 3878 1180 3952 Ruthenis
1208 3877 1396 3954 fastiditus.

649 4244 804 4318 llicolaua
831 4246 968 4336 quadus
994 4244 1080 4334 Papa
1107 4243 1248 4334 eligitur.

277 4483 445 4558 Vicesima
472 4485 618 4560 secunda
644 4482 818 4558 Februarii
844 4482 908 4574 dio,
929 4481 1134 4576 bardinales,
1163 4483 1221 4576 qui
1248 4505 1292 4558 ex
1319 4482 1500 4558 infectione
1528 4485 1618 4579 apud
1645 4507 1723 4560 con·

169 4605 290 4685 clavim
317 4605 533 4700 proveniente
561 4606 701 4682 mortem
728 4606 916 4696 evaserant,
945 4603 1069 4679 iterum
1096 4605 1261 4696 conclave,
1290 4604 1418 4680 viribus
1450 4605 1643 4702 resumptis,
1665 4627 1724 4702 pro

170 4726 326 4822 eligendo
352 4726 489 4801 Summo
526 4725 689 4802 Pontifice
730 4726 893 4824 ingressi,
935 4725 1077 4800 fratrem
1116 4725 1360 4820 Hieronymum
1395 4725 1522 4800 ordinis
1558 4726 1724 4802 Minorem

168 4849 401 4942 presbyterum
428 4845 651 4938 Gardinalem,
681 4847 791 4921 virum
817 4845 1026 4941 religiosum,
1054 4847 1089 4920 et
1116 4847 1159 4920 ab
1186 4844 1276 4920 omui
1303 4844 1503 4920 carnalitate
1531 4845 1568 4920 iu
1586 4847 1724 4942 nepotes

168 4971 204 5044 et
231 4967 497 5063 consanguineos
525 4968 701 5059 secretum,
731 4991 773 5042 ex
800 4967 952 5042 Marchia
979 4965 1217 5042 anchonitano
1244 4969 1280 5041 et
1298 4965 1437 5042 civitate
1454 4967 1582 5041 Extulo
1600 4969 1723 5057 ortum,

168 5088 345 5164 Nicolaum
371 5091 529 5182 quartum
557 5090 769 5184 appellatum
796 5089 832 5162 in
858 5091 987 5183 Papam
1014 5088 1160 5184 eligunt.
1193 5086 1255 5184 Qui
1285 5086 1377 5163 illico
1404 5109 1447 5164 ex
1474 5087 1566 5163 Urbe
1594 5109 1629 5162 se
1655 5087 1723 5162 lte-

278 5382 304 5468 ¹)
327 5403 417 5462 seque
438 5389 498 5450 illis
512 5349 598 5455 'aas
619 5389 655 5452 io
682 5385 754 5454 Cod.
777 5385 851 5454 Aac.
887 5383 1175 5468 llcbristianorom
1203 5387 1351 5458 homiuum
1384 5382 1455 5456 Ood.
1478 5385 1573 5454 uoco
1607 5381 1635 5468 ³)
1656 5401 1724 5464 pro-

168 5493 255 5556 iectis
278 5491 338 5554 Ed.
361 5492 448 5570 Lipe.
