4208 6282
1015 563 1125 616 nonno
1152 563 1321 628 ournrus.
1492 579 1495 588 ¹
1678 541 1807 638 ,(Αῶ.
1828 539 1935 635 luco.)

851 955 1055 1068 ANNUS
1090 956 1478 1077 hunimundo.

446 1243 628 1335 llpeouoluo
655 1243 743 1315 llius
769 1243 939 1316 Boleslaos
967 1209 1121 1333 noscitur,
1153 1247 1186 1316 et
1212 1244 1380 1316 Boleslaos
1407 1244 1536 1336 triopus
1562 1243 1723 1318 secundas
1751 1244 1882 1336 nuptias

1090 1367 1240 1440 colehrat.

468 1608 593 1713 ¹Nepa
626 1607 803 1703 hlpecuslai
840 1607 975 1682 Maioris
1012 1607 1167 1682 Poloniae
1196 1609 1229 1680 et
1257 1607 1471 1682 Pomeraniae
1506 1609 1606 1682 Ducis
1641 1609 1749 1703 nupta
1783 1607 1937 1702 Adlepda

396 1729 547 1819 Duoissa,
577 1752 698 1804 novum
727 1730 906 1824 progenuit
933 1729 1108 1819 infantem,
1146 1729 1201 1820 qui
1230 1752 1251 1803 a
1277 1730 1427 1804 Iohanne
1463 1729 1649 1806 Gnosoeosi
1684 1729 1936 1825 archiepiscopo

397 1853 432 1926 in
459 1851 675 1926 Posnaniensi
704 1851 844 1926 ecclesio
871 1852 1071 1946 baptisatus,
1109 1853 1284 1926 Boleslaos
1315 1854 1451 1926 uocatus
1477 1853 1542 1925 est.
1588 1852 1794 1947 hlpeooslaus
1821 1853 1935 1925 autom

395 1975 474 2048 Dux
501 1973 541 2048 do
568 1971 630 2046 tilii
658 1972 838 2048 nativitate
864 1973 1025 2048 exultans
1045 1973 1080 2066 ¹),
1117 1973 1300 2067 corrogatis
1316 1973 1343 2066 ²)
1371 1973 1525 2067 plurimis
1552 1975 1752 2049 Polonorum
1779 1971 1936 2068 primori·

396 2098 470 2187 bus,
498 2095 586 2172 diem
613 2094 738 2170 natulis
765 2095 829 2168 lilii
858 2097 1000 2190 praefati
1028 2117 1152 2189 nrogna
1186 2096 1367 2170 celebravit
1391 2095 1576 2170 testivitate
1592 2093 1629 2188 ³),
1658 2098 1692 2172 et
1719 2098 1788 2170 tam
1817 2095 1853 2168 in
1881 2116 1936 2169 ec·

396 2217 516 2292 ctesias
543 2239 643 2308 quam
664 2217 700 2291 io
719 2217 889 2292 ministros
916 2240 1039 2309 eorum,
1068 2218 1249 2310 viduasque
1276 2221 1311 2292 et
1337 2218 1502 2312 orphanos
1529 2218 1643 2313 gratia
1668 2221 1703 2292 et
1729 2215 1938 2294 liberalitate

396 2363 487 2432 usus,
516 2340 699 2414 multorom
726 2339 879 2435 precibus
906 2343 941 2414 et
967 2339 1222 2415 necessitatibus
1242 2339 1395 2433 henigne
1421 2340 1630 2416 concessione
1656 2339 1839 2436 respondit.
1872 2337 1936 2412 Ai-

396 2463 533 2538 fuerunt
561 2461 663 2538 etiam
691 2461 885 2538 solennitati
914 2463 1084 2557 praefatae
1111 2462 1285 2536 Boleslaos
1311 2461 1447 2557 Crispus
1472 2462 1669 2536 Polouorum
1696 2463 1775 2536 Dux
1802 2463 1837 2536 et
1863 2461 1937 2534 Mo·

397 2585 532 2674 narcha,
561 2583 596 2658 io
623 2583 719 2660 cuius
746 2583 901 2660 honorem
937 2583 1051 2658 inians
1085 2606 1145 2658 suo
1172 2583 1304 2658 nomine
1339 2586 1475 2658 vocotus
1502 2587 1564 2675 ost,
1594 2586 1629 2658 et
1655 2583 1823 2660 Henrious
1850 2583 1937 2658 San·

397 2705 608 2782 domiriensis
634 2707 723 2796 Dux,
753 2706 810 2797 qui
838 2705 992 2800 plurimis
1024 2706 1111 2781 inter
1138 2728 1173 2780 se
1200 2705 1428 2780 uicissitudine
1463 2706 1589 2782 vicaria
1623 2705 1833 2781 transmissis
1861 2727 1937 2779 mu·

397 2829 543 2919 neribus,
573 2828 609 2904 iu
639 2851 761 2923 magna
787 2828 972 2904 animorum
1001 2831 1070 2902 tam
1096 2827 1261 2904 charitate
1289 2851 1389 2921 qoam
1408 2829 1653 2919 conformitate,
1683 2828 1718 2902 in
1745 2829 1839 2904 sedes
1857 2849 1938 2901 suas

397 2950 521 3028 reversi
550 2953 642 3026 sunt.
687 2927 811 3024 Verum
838 2951 916 3043 quia
943 2950 1031 3026 inter·
1057 2973 1234 3038 sermones,
1271 2972 1352 3042 quos
1379 2950 1519 3025 inuicem
1548 2954 1671 3028 secrete
1697 2952 1805 3026 Duces
1831 2951 1937 3025 haho-

276 3093 285 3123 κ
397 3075 480 3148 hant
507 3074 541 3149 et
567 3073 784 3163 disserebant,
822 3073 856 3147 id
892 3073 1105 3168 praecipuum
1141 3073 1312 3163 extiterat,
1350 3075 1388 3147 ut
1424 3073 1599 3148 Boleslaos
1634 3073 1770 3167 crispus
1796 3074 1876 3146 Dur
1903 3075 1940 3147 ot

397 3196 576 3272 hierarcha
602 3194 778 3270 uiduitatis
805 3193 936 3270 nornine
972 3196 1084 3284 exuto,
1122 3195 1265 3270 alterum
1301 3195 1476 3290 coniugale
1512 3193 1629 3290 iugum
1662 3195 1839 3290 acciperet,
1868 3195 1937 3270 tro·

398 3317 578 3409 quentibus
605 3318 747 3392 fratrum
775 3319 810 3392 et
837 3316 1098 3392 consiliariorum
1127 3315 1395 3411 persuasionibus
1418 3319 1642 3412 expugnatos,
1666 3317 1859 3393 Graooviam
1885 3339 1939 3390 re·

397 3461 524 3533 uersus,
552 3441 716 3516 Helenam
744 3439 918 3534 virginem,
947 3439 1113 3534 Principis
1141 3438 1387 3514 Premisliensis
1404 3439 1607 3514 Rosnczislai
1626 3439 1744 3532 tiliam,
1773 3439 1896 3535 recipit
1911 3440 1939 3534 ⁴)

397 3561 434 3638 in
460 3565 644 3640 consortem
660 3562 698 3656 ⁵),
736 3561 931 3657 nuptiarum
967 3584 1096 3655 quoque
1127 3561 1311 3636 solennitas
1337 3561 1511 3637 Oraooriao
1538 3561 1691 3656 pluribus
1717 3562 1835 3636 diebus
1861 3564 1940 3636 octa

398 3687 471 3760 est:
508 3686 550 3760 ad
577 3707 677 3778 quam
704 3685 879 3760 Boleslaos
917 3685 951 3758 et
977 3705 1154 3778 germanos
1181 3705 1258 3757 suos
1284 3686 1318 3758 et
1344 3684 1524 3778 praelatos,
1557 3685 1762 3777 baronesqoe
1789 3683 1941 3759 uniuersi

397 3807 555 3883 Poloniao
582 3807 704 3902 Regni,
734 3806 914 3882 nonnullos
941 3827 1071 3898 quoque
1086 3805 1112 3898 6)
1140 3804 1282 3880 Russiaa
1309 3805 1469 3900 Boyarios
1496 3808 1531 3881 et
1557 3807 1686 3882 nobiles
1713 3806 1878 3882 inritatos
1905 3809 1941 3882 et

397 3930 571 4025 splendide
598 3929 758 4006 tractarit
785 3931 819 4004 et
846 3928 1042 4004 liberalibus
1069 3927 1244 4004 honorarit
1265 3927 1418 4002 donariis.

681 4294 824 4370 nonullo
852 4293 1111 4370 aladiatorium
1139 4295 1288 4387 episcopo
1316 4293 1461 4368 succedit
1487 4294 1661 4387 [ludgerus.
1790 4336 1796 4344 -

501 4536 650 4634 Quatuor
681 4537 780 4612 annis
812 4537 986 4612 Honoldos
1021 4536 1297 4612 Wladislavioosi
1332 4537 1470 4611 ecclesia
1505 4537 1696 4632 potitus7),
1735 4537 1880 4614 moritur
1907 4539 1944 4614 et

398 4662 433 4736 io
453 4659 727 4738 Wladislaoiensi
754 4659 894 4735 ecclesia
921 4658 1093 4755 sepelitur;
1122 4658 1175 4732 oui
1194 4659 1371 4752 liudgerus
1397 4659 1448 4734 vir
1474 4659 1622 4735 nationis
1641 4659 1845 4738 Teutonicae
1864 4683 1942 4738 sue·

398 4784 497 4877 cedit,
527 4805 586 4879 per
611 4782 842 4858 Alexandrum
870 4785 995 4876 Papam
1023 4780 1162 4856 tertium
1189 4779 1339 4875 provisus
1355 4780 1393 4874 ⁸).

506 5011 532 5092 ¹)
555 5013 709 5088 plurimum
733 5011 866 5070 exultans
904 5007 974 5069 Cod.
998 5008 1089 5068 Roar.
1129 5005 1158 5084 Ω)
1181 5007 1362 5080 congregatis
1393 5007 1452 5066 Ed.
1475 5007 1567 5068 Dohr.
1607 5005 1633 5082 ³)
1657 5010 1836 5103 solennitate
1871 5011 1944 5074 God.

399 5117 491 5179 Roar.
531 5113 557 5194 ⁴)
580 5116 695 5189 accepit
717 5115 776 5173 Ed.
794 5114 887 5174 Dobr.
913 5109 938 5189 5)
962 5129 1080 5171 uxorem
1103 5111 1161 5169 Ed.
1184 5109 1277 5169 Dour.
1313 5106 1338 5186 ⁶)
1362 5111 1449 5170 etiam
1476 5109 1546 5170 Coei.
1562 5111 1654 5172 Roar.
1690 5109 1868 5190 ⁷)eoolesia
1891 5116 1943 5176 ad·

396 5223 562 5282 ministrata
593 5219 663 5279 God.
686 5219 777 5277 Roar.
824 5215 1012 5294 ⁸)Miecslao
1041 5214 1163 5297 Maioris
1186 5213 1323 5274 Poloniae
1347 5221 1376 5273 et
1397 5215 1586 5276 Pomeraniae
1617 5217 1699 5278 Doce
1731 5221 1939 5280 consentiente

397 5327 540 5404 provisus.
577 5322 647 5402 θοᾷ.
671 5323 762 5385 Roar.
