4140 6298
963 561 1076 614 arona
1102 561 1297 616 susumus.
1635 537 1704 636 (Α.
1724 537 1771 620 ῠ.
1788 537 1909 636 latr.)

358 957 505 1030 itrrtrri
523 957 556 1029 in
574 957 765 1047 ilungnrirrn
785 956 934 1029 ueniunt:
962 957 1080 1049 quibus
1105 957 1174 1029 liex
1199 955 1276 1028 tiela
1303 975 1375 1028 orm
1403 958 1599 1030 bolomanno
1618 961 1734 1048 nepote
1752 957 1906 1030 resistere

357 1080 479 1168 rolens,
508 1079 628 1150 austris
659 1078 877 1172 imprudenter
903 1079 1041 1169 positis,
1078 1082 1244 1170 potantem
1280 1079 1457 1151 exereitum
1485 1079 1606 1170 pardit;
1644 1079 1675 1149 ir
1712 1096 1775 1170 qno
1803 1079 1903 1150 etiarn

357 1205 484 1291 praetor
510 1203 613 1272 bures
641 1205 789 1274 nosteros
817 1200 1053 1292 arehiepiscopi
1081 1199 1144 1272 duo
1172 1204 1207 1273 ed
1233 1201 1405 1292 episeopus
1433 1218 1517 1272 unns
1544 1199 1742 1287 interierunt,
1769 1200 1839 1271 lien
1855 1219 1904 1273 re·

711 1340 746 1394 ro
774 1321 850 1394 liele
878 1325 912 1394 et
938 1323 1152 1394 dolomennrs
1179 1321 1402 1397 industriam
1429 1323 1549 1413 lugere.

460 1595 611 1671 Audiens
638 1596 723 1671 Belo
749 1595 947 1690 Hungarine
975 1596 1050 1671 Rex
1078 1597 1318 1672 Thartaroruro
1345 1597 1455 1672 Duoes
1482 1596 1596 1692 Bathy
1613 1595 1648 1670 et
1666 1595 1869 1691 Kapdanum
1880 1593 1904 1687 ¹)

355 1739 431 1792 oum
459 1718 613 1812 pluribus
638 1717 829 1812 legionibus
856 1720 891 1792 et
918 1717 1219 1792 innumerabilibus
1241 1717 1384 1793 subruis
1403 1718 1654 1806 Tharterorurn,
1682 1715 1791 1810 bigas,
1820 1737 1902 1808 qua-

355 1839 479 1932 drigas,
509 1859 641 1929 uxores,
679 1839 823 1933 pignora
857 1841 892 1912 et
920 1839 1089 1914 imbellem
1125 1840 1285 1930 aetatem,
1323 1840 1488 1934 pluraquo
1523 1837 1764 1932 impedimenta
1789 1857 1903 1910 seeum

355 1959 564 2050 ducentibus,
602 1961 759 2054 Regnum
786 1983 884 2034 suurn
911 1961 1110 2056 Hungariae
1137 1961 1294 2036 introisse
1320 1964 1356 2034 st
1382 1961 1469 2034 illud
1496 1960 1532 2034 irr
1559 1982 1683 2054 magna
1709 1959 1777 2032 iarn
1805 1959 1904 2052 parte

199 2133 202 2142 ·
354 2083 574 2176 peruastnsse,
603 2081 764 2156 exomni
791 2083 909 2176 Regno
936 2104 996 2158 suo
1024 2082 1190 2156 militibus
1216 2083 1252 2158 et
1279 2081 1499 2158 bellatoribus
1530 2102 1647 2158 uersus
1674 2080 1798 2155 flumen
1826 2078 1899 2152 ilai·

233 2235 237 2241 ·
353 2202 465 2296 sani),
492 2204 564 2276 tarn
590 2225 634 2278 ex
660 2203 774 2294 equite
802 2225 903 2294 quam
931 2204 1045 2298 pedite
1071 2203 1246 2278 conuenire
1273 2203 1386 2296 iussis,
1415 2203 1450 2277 iu
1476 2225 1632 2298 oampurn
1658 2225 1727 2276 urra
1744 2223 1820 2274 oum
1839 2199 1900 2273 (lo-

352 2324 508 2398 lomanno
535 2323 657 2418 nepote
684 2345 744 2398 suo
770 2345 929 2418 germano
956 2327 991 2399 et
1018 2323 1239 2417 curiensibus,
1268 2324 1500 2417 militibusque
1526 2323 1597 2398 suis
1623 2321 1807 2398 deseendit.
1849 2319 1901 2393 Ad

352 2468 451 2537 quenr
479 2467 555 2520 oum
582 2445 738 2538 frequens
765 2447 924 2520 baronum
952 2447 987 2520 st
1014 2448 1240 2540 pugnatorum
1267 2469 1426 2522 numerus
1453 2445 1488 2519 in
1516 2467 1640 2540 magna
1667 2441 1900 2532 multitudino,

353 2566 435 2642 item
474 2565 637 2661 Magister
672 2566 939 2662 'leroplsriorum
974 2589 1049 2641 oum
1086 2567 1250 2642 fratribus
1284 2567 1411 2642 ordinis
1448 2566 1500 2642 sui
1537 2563 1766 2654 conduxisset,
1794 2562 1898 2636 etiarn

351 2687 535 2763 Panrronioi
573 2687 770 2782 pontifioss,
807 2689 965 2766 rideliost
1000 2688 1165 2764 Matthias
1201 2688 1465 2784 strigoniensis,
1502 2688 1656 2785 Ugrinus
1690 2683 1900 2762 Colossensis

351 2809 604 2904 arehiepisoopi,
641 2809 824 2905 Gregorius
860 2810 1042 2885 lauriensis
1079 2810 1267 2906 episeopus,
1304 2812 1340 2886 et
1377 2812 1447 2887 lere
1483 2807 1630 2886 uniuersi
1657 2809 1898 2902 Hungarorum

351 2930 499 3026 episcopi
526 2952 601 3005 oum
628 2931 763 3007 uoiebus
797 2932 832 3006 et
865 2932 987 3007 turmis
1022 2933 1173 3024 armatis
1211 2933 1386 3028 signisque
1412 2932 1563 3008 extensis
1598 2929 1710 3024 (quasi
1739 2929 1781 3002 od
1809 2928 1901 3001 bella

350 3073 509 3144 armaque
535 3053 691 3146 gerenda,
722 3076 787 3128 non
814 3053 857 3128 ad
884 3052 1049 3130 saerifioia
1076 3076 1135 3149 pro
1154 3054 1287 3129 doliotis
1313 3053 1485 3129 hominurn
1513 3051 1691 3148 expiandis
1718 3049 1896 3138 offerenda,

349 3173 499 3250 ordinem
525 3174 766 3270 sussepissent)
793 3175 1007 3251 nonusniunt.
1035 3175 1249 3252 Invasionem
1276 3177 1390 3252 antero
1417 3175 1648 3252 noeturnalenn
1676 3173 1761 3248 lea
1782 3172 1897 3246 Rexa

349 3295 524 3370 Thartaris
550 3295 689 3388 ueritus,
727 3297 913 3372 exereitum
950 3319 1048 3373 suum
1083 3320 1214 3374 omnem
1242 3297 1278 3371 in
1305 3297 1454 3392 spatium
1490 3295 1673 3373 coarctarit
1699 3294 1895 3389 angustum,

349 3417 385 3492 et
411 3439 471 3513 pen
498 3418 611 3512 plures
638 3417 709 3494 dies
737 3417 810 3494 illio
836 3419 949 3495 tonuit
974 3419 1112 3495 statiua.
1139 3421 1210 3494 Sub
1236 3419 1357 3512 quibus
1379 3419 1620 3496 Tbartsrorum
1647 3415 1810 3509 Prinoeps
1827 3415 1895 3488 Ba·
1969 3475 1974 3482 ,

348 3537 411 3634 tbp
446 3540 664 3614 tabernacula
699 3541 939 3636 Hungarorum
974 3541 1277 3635 (denuntiantibus
1311 3541 1604 3638 exploratoribus)
1639 3558 1829 3632 oornprossa
1861 3537 1896 3609 ot

349 3661 521 3734 ooarotata
547 3659 759 3754 intelligens,
788 3662 991 3756 primoribus
1017 3663 1069 3737 sui
1097 3663 1266 3738 exereitus
1293 3663 1494 3756 eonrooatis,
1522 3662 1652 3736 nullum
1681 3657 1894 3747 industriam,

348 3781 478 3855 nullam
505 3781 732 3875 prudentiam,
760 3783 891 3858 nullam
919 3783 1078 3858 militaris
1104 3783 1302 3879 disciplinae
1329 3784 1487 3880 peritiam
1514 3783 1550 3858 in
1568 3779 1753 3876 Hungaris,
1782 3777 1841 3872 qni
1860 3799 1901 3854 ss.

346 3903 418 3976 tum
444 3901 547 3977 aratis
573 3901 697 3996 spatiis
723 3902 759 3976 in
785 3905 907 3979 stenelo
938 3907 1215 4000 compresserant,
1252 3906 1358 3997 dooet,
1394 3905 1553 4000 ipsosque
1580 3904 1616 3978 in
1643 3923 1793 3997 pugnam
1820 3921 1893 3972 ora·

346 4022 438 4097 stine
463 4022 516 4098 die
544 4022 724 4100 ineundam
752 4024 894 4118 animat,
921 4047 1124 4121 corporaque
1151 4049 1268 4103 aurare
1294 4027 1399 4103 iubet.
1427 4027 1578 4120 cumque
1595 4025 1705 4102 altera
1722 4020 1894 4096 illuxisset

346 4142 427 4236 dios,
456 4143 618 4219 ordinatis
645 4145 780 4222 aeiebus
806 4147 842 4220 in
869 4147 1052 4243 Hungoros
1080 4147 1191 4240 irruit,
1221 4150 1256 4224 et
1282 4147 1437 4240 quamvis
1463 4147 1637 4242 aliquanto
1656 4147 1805 4241 ternpore
1824 4142 1893 4239 pri·

298 4303 301 4308 ¹
346 4287 419 4340 mne
445 4266 687 4361 Hungarorum
722 4267 812 4342 auios
847 4269 1053 4346 restitissent
1079 4270 1115 4344 et
1140 4269 1325 4346 fortissime
1360 4269 1589 4362 dimicassent,
1626 4269 1669 4344 ad
1704 4269 1892 4346 extremum

344 4386 458 4461 tannen
475 4386 515 4480 ³),
544 4387 737 4462 abundante
763 4389 1005 4464 Tharterorum
1033 4389 1264 4484 multitudine,
1293 4391 1469 4468 oonfliotae
1495 4394 1531 4467 et
1556 4412 1671 4466 eaesae
1689 4391 1790 4464 sunt:
1818 4387 1892 4480 qui·

344 4507 407 4579 bus
433 4507 640 4601 audentibus,
676 4509 809 4584 caetera
845 4510 953 4585 omnis
986 4511 1168 4586 multitudo
1195 4513 1434 4608 Hungarorum
1461 4513 1497 4587 in
1523 4512 1641 4608 fugem
1668 4511 1802 4606 dilapsa
1827 4511 1890 4584 ast.

343 4625 450 4702 Muior
484 4630 598 4704 autern
636 4629 840 4726 fugientium
876 4654 966 4726 pars,
1004 4633 1168 4708 Tharturo
1204 4636 1426 4729 persequente
1441 4633 1480 4730 ⁴),
1518 4633 1552 4708 in
1580 4633 1736 4728 paludem
1763 4631 1891 4706 intrare

342 4749 469 4842 ooaota,
498 4772 586 4843 aqua
611 4750 647 4826 ot
673 4752 746 4828 luto
774 4753 937 4830 suffocata
963 4754 1084 4849 periit:
1122 4755 1180 4829 ubi
1207 4756 1306 4830 biduo
1322 4757 1350 4850 ⁵)
1376 4755 1619 4852 arehiepisoopi
1646 4753 1889 4851 strigoniensis

342 4871 377 4944 et
403 4869 614 4947 Golooaeosis
640 4875 675 4948 et
701 4872 884 4968 Gregorius
911 4875 1094 4951 lauriensis
1122 4877 1296 4972 episeopus
1323 4900 1399 4952 eum
1426 4901 1551 4973 magna
1578 4876 1799 4952 multitudine
1834 4897 1886 4950 sa·

341 4991 513 5067 osrdotum
539 4993 684 5069 extinoti
699 4994 739 5090 6),
777 4995 900 5088 quibus
926 4996 1034 5072 satius
1062 4997 1139 5088 fuit,
1173 5019 1209 5073 se
1235 5021 1400 5091 suumque
1427 5001 1588 5095 populum
1616 4996 1682 5094 piis
1708 4996 1808 5087 rotis,
1837 4997 1886 5070 la-

340 5111 479 5187 ebrimis
505 5117 541 5190 et
567 5115 742 5210 praeibas,
771 5116 807 5190 in
834 5117 939 5192 saonis
975 5117 1112 5194 aedibus
1148 5121 1391 5212 commorando,
1428 5121 1659 5196 oommendsre
1695 5118 1888 5194 tremendae

447 5387 473 5474 ¹)
496 5391 669 5456 Randanum
692 5395 752 5456 sd.
775 5394 863 5472 Dipo.
903 5393 930 5474 Ω)
953 5395 1055 5458 Ozissa
1085 5397 1144 5458 Ed.
1168 5396 1256 5474 Lips.
1298 5395 1464 5477 ³)tandem
1494 5399 1554 5462 Ed.
1577 5399 1664 5477 arps.
1704 5396 1734 5468 4)
1756 5400 1885 5463 Tartaris

338 5485 582 5576 persequentibus
605 5500 665 5564 Ed.
688 5498 776 5578 Lipo.
816 5495 843 5582 ⁵)
866 5501 923 5563 dno
947 5502 1006 5564 Ed.
1030 5503 1116 5582 Lips.
1156 5499 1183 5582 ⁶)
1206 5505 1327 5564 extincti
1350 5510 1417 5566 sunt
1443 5501 1514 5566 dod.
1537 5506 1631 5568 Rosa.
