4192 6272
183 479 251 577 (Α.
273 477 467 578 ῠ.1298.)
799 499 912 556 nnana
939 500 1124 555 cernuus.
1656 482 1730 554 543

37 680 42 688 ’
129 718 132 724 ’
181 687 226 760 lis
253 687 324 762 suis
350 688 557 764 militaribus
582 688 778 778 venenatos,
808 687 898 782 apud
925 685 1123 782 Glogoriam
1151 685 1293 761 meritur
1328 687 1363 760 et
1399 685 1435 760 in
1462 684 1602 760 eeclesia
1629 687 1731 760 celle·

181 809 277 903 gieta
303 803 531 904 Glogoriensi,
561 831 661 902 quam
688 830 763 882 cum
791 809 918 883 Thema
945 807 1220 884 Wratislarieesi
1241 807 1394 901 episcope
1413 807 1635 882 communiter
1653 808 1731 881 fun-

181 929 330 1022 dauerat,
359 930 534 1025 sepelitur,
563 930 645 1004 duos
674 927 762 1003 filios
790 929 991 1023 superstites
1017 952 1061 1004 ex
1089 929 1243 1004 Salenses
1279 928 1353 1003 filia
1387 927 1571 1004 Wladislai
1599 929 1732 1002 Ottenis

180 1037 316 1125 Maioris
342 1051 500 1127 Peloniae
527 1050 640 1142 Ducis,
669 1071 744 1124 curn
772 1049 882 1124 tribus
908 1049 1055 1141 filiabus,
1084 1049 1194 1141 Anna,
1224 1048 1380 1126 ldufemia
1406 1051 1442 1124 et
1468 1048 1629 1143 Hednigi,
1657 1071 1731 1124 sus·

180 1171 295 1265 ceptes
320 1172 526 1265 relinquens,
563 1170 747 1246 Henricum
782 1170 1051 1266 Glegeuiensem,
1089 1171 1280 1245 douradum
1316 1169 1583 1261 Stinarienscm,
1612 1169 1733 1262 quiet

179 1289 339 1386 gibbosus
365 1315 510 1389 corpore,
538 1294 579 1367 ob
605 1315 679 1368 aem
707 1293 954 1367 deformitatem
981 1293 1060 1366 Dux
1087 1291 1301 1366 Kokirlensis
1327 1293 1551 1386 nuncupatus,
1581 1291 1614 1364 in
1634 1313 1730 1386 prae·

181 1413 330 1506 pesitum
357 1412 674 1490 wratislaviensem
702 1434 857 1507 processu
884 1412 1024 1503 dierum,
1054 1435 1119 1504 que
1147 1412 1343 1487 deformitas
1370 1413 1444 1506 ipsa
1463 1411 1575 1485 minus
1593 1413 1732 1486 haberet

181 1533 305 1627 probri,
334 1535 517 1629 promotus,
546 1535 623 1628 pest
649 1532 778 1608 ebitum
806 1532 915 1627 patris
942 1534 977 1606 et
1004 1532 1039 1605 in
1076 1532 1148 1607 rita
1183 1532 1373 1606 huiusmodi
1401 1533 1553 1608 Ducatus
1580 1531 1728 1606 sortitos.

182 1654 318 1728 Tertius
344 1677 421 1730 vero
448 1653 675 1730 Praemislaus
715 1653 964 1748 Spretariensis
991 1655 1069 1728 Dux
1105 1653 1140 1726 in
1177 1653 1304 1747 praelio
1341 1653 1430 1747 apud
1466 1654 1598 1748 Semper
1619 1653 1641 1746 ¹)
1668 1653 1729 1727 ha-

179 1774 268 1867 bito,
296 1775 444 1852 aetatem
472 1774 652 1852 iuuenilem
680 1797 794 1870 agens,
824 1773 1001 1850 occiderat.

286 2215 334 2236 x
450 2155 609 2230 fundatio
638 2155 828 2228 monasterii
856 2156 991 2228 tietmar
1017 2156 1172 2227 itinerum
1199 2155 1232 2225 ie
1259 2153 1452 2246 dedecuere.

281 2393 512 2468 Sextedecime
539 2393 703 2468 Ostendes
730 2394 856 2484 Martii,
885 2393 1095 2470 Wladislaus
1121 2393 1232 2467 dictus
1259 2393 1392 2468 Leltelr
1420 2393 1497 2466 Dux
1525 2393 1635 2488 Regni
1663 2395 1727 2467 Po-

178 2513 289 2616 loniee
314 2517 350 2590 et
376 2514 593 2590 Perueraniae
621 2516 742 2589 fundat
771 2515 1007 2591 rnonasterium
1045 2515 1189 2590 fratrum
1229 2513 1396 2589 Miserum
1424 2514 1458 2587 in
1485 2515 1671 2610 Redneyou
1687 2515 1727 2610 Ἰ),

178 2636 213 2710 in
241 2636 361 2712 diecesi
389 2635 679 2720 Wledislariensi.

377 2999 510 3074 lelandi
536 2999 745 3073 Pesnaniensi
772 2999 926 3092 episcopo
954 2997 1101 3072 succedit
1126 2997 1268 3072 Andreas
1295 2998 1526 3119 demerentes.

281 3239 449 3316 Iohannes
476 3238 638 3316 Gerbisch
664 3239 841 3336 episcopus
868 3237 1117 3330 Pesnaniensis,
1149 3235 1350 3312 comannis
1377 3237 1550 3312 duodecim
1570 3237 1727 3331 sedisset,

148 3349 318 3436 'moritur
354 3363 390 3438 et
417 3361 452 3434 in
479 3359 700 3435 Pesnaniensi
715 3359 866 3436 'emlesia
891 3360 1064 3456 sepelitur.
1109 3358 1170 3434 Oui
1197 3357 1350 3433 Andreas
1383 3358 1563 3434 eanonicus
1598 3360 1725 3433 Pesna-

175 3481 314 3575 niensis,
343 3505 386 3558 ex
412 3484 510 3577 patre
536 3481 670 3557 Simena
697 3484 834 3558 vocatus
861 3480 1108 3576 Symeneuien,
1137 3479 1261 3554 nobilis
1287 3501 1409 3574 genere
1436 3481 1476 3556 de
1503 3479 1636 3554 familie
1661 3481 1724 3555 Za·

176 3599 346 3696 ramba³)‚
375 3624 435 3697 per
461 3603 659 3677 electionem
687 3601 882 3677 canonicam
909 3601 1077 3692 succedit,
1106 3623 1127 3674 a
1153 3601 1273 3675 Iacobo
1301 3599 1438 3674 Swiuka
1464 3600 1651 3676 dresdensi
1671 3623 1724 3674 ar-

9 3787 13 3794 .
141 3775 142 3778 a
176 3722 386 3816 ehiepiscepe
413 3723 630 3797 confirmatus
657 3724 692 3797 et
719 3723 940 3797 consecratus.

580 4085 584 4092 ’
631 4113 838 4226 nunus
874 4113 1099 4226 uonrru
1135 4112 1275 4226 meo.

174 4381 252 4454 duur
278 4379 478 4454 wladislaus
504 4381 630 4453 tollet
657 4381 771 4453 multis
808 4381 934 4453 iniuriis
971 4379 1145 4452 ecclesiam
1172 4382 1206 4452 et
1233 4379 1354 4452 clerum
1379 4377 1629 4450 Pesnanieusern
1657 4378 1724 4451 efd-

175 4505 272 4590 σοῖο),
299 4502 473 4593 opiscopus
500 4501 642 4574 lndrces
670 4519 796 4572 emnem
825 4499 981 4572 diocesim
1009 4500 1239 4571 ecclesiastice
1268 4499 1423 4589 supponit
1450 4498 1643 4572 interdicto:
1671 4499 1723 4571 cui
1865 4515 1868 4521 ’

433 4621 666 4694 reconcilletur
692 4621 891 4693 wladislaus
918 4619 1043 4692 tollet
1078 4619 1196 4691 danna
1224 4619 1333 4692 emnia
1360 4618 1472 4692 reicit.

279 4878 515 4953 Innotescente
555 4877 673 4951 dietim
712 4875 937 4970 oppressione,
966 4875 1261 4968 crescentibusque
1300 4873 1565 4970 gravaminibus,
1595 4873 1718 4965 quibus

172 4997 314 5072 ecclesia
340 4997 591 5088 Pesnaniensis,
620 4997 844 5086 nonnullique
871 4995 1048 5087 militares,
1079 5019 1139 5090 per
1165 4994 1394 5071 Wladislaum
1412 4996 1556 5088 Loltek,
1576 5016 1719 5088 suesque

285 5324 308 5405 ¹)
332 5327 486 5400 Sayewyor
511 5323 582 5386 (lod.
605 5325 696 5385 Beer.
722 5319 749 5401 3)
771 5323 937 5384 Redzieiou
963 5321 1033 5384 Ood.
1056 5323 1149 5383 Rear.
1175 5319 1201 5399 ⁹)
1224 5322 1366 5383 Zaremba
1389 5321 1464 5384 Coei.
1494 5323 1586 5384 Reor.
