4140 6298
144 547 208 649 (Α.
229 549 277 624 D.
297 543 409 650 mer.)
750 567 863 621 amns
890 566 1083 622 SEPTIMUS·
1615 546 1688 620 327

141 759 306 834 hactenus
333 745 478 834 habetur
504 755 694 832 uberrimus
720 778 813 847 usus,
847 756 1017 849 repertum
1045 755 1109 846 est,
1139 756 1173 828 et
1200 753 1360 849 oppidum
1387 756 1555 844 locatum,
1584 755 1691 830 eccla-

141 881 193 956 sia
220 902 352 974 quoque
379 878 583 976 parochialis
612 879 646 953 in
673 879 832 952 honorem
860 877 976 952 Sancti
1003 876 1136 951 Nicolai
1163 877 1361 953 confessoris
1387 879 1499 953 erecta
1526 878 1562 951 et
1588 877 1691 950 aBo-

141 1003 247 1078 leslao
275 1001 400 1077 Pndioo
427 1001 616 1076 liberaliter
643 999 760 1074 dotata
785 1000 849 1074 est.
897 999 988 1093 Quae
1015 998 1149 1096 quidem
1186 999 1268 1073 selis
1307 998 1464 1094 repertio,
1496 999 1614 1073 beatae
1640 998 1692 1071 fc-

141 1123 255 1199 minae
288 1122 513 1218 Kunegundis
544 1121 715 1214 Docimus,
753 1121 904 1195 Boleslai
931 1119 1048 1194 Pudici
1085 1120 1313 1196 dracouiensis
1340 1120 1514 1212 consortis,
1548 1119 1690 1211 meritis,

140 1245 210 1321 iam
237 1247 322 1321 tunc
347 1244 514 1340 fulgentis
539 1243 705 1318 uirtutum
734 1243 859 1336 iubare,
888 1242 1036 1337 ascripta
1063 1245 1127 1316 est.

309 1613 509 1686 lllolcslao
536 1609 634 1684 doleo
663 1609 788 1682 subditi
816 1609 859 1686 ad
886 1611 1019 1682 matrem
1048 1609 1138 1681 illius
1166 1607 1349 1683 donredmn
1377 1607 1539 1682 delebunt.

249 1851 426 1926 Boleslaus
457 1851 581 1926 Gallus
617 1849 857 1946 Legnicuensis
893 1796 982 1941 Dux,
1021 1849 1112 1924 lilius
1148 1848 1287 1924 Henrici
1323 1849 1546 1924 a'lhartaris
1582 1849 1694 1940 occisi,

143 1974 275 2048 bellum
302 1973 367 2048 sibi
393 1997 414 2048 a
441 1973 594 2048 cunrado
621 1971 727 2048 fratre
754 1994 926 2068 germano,
956 1973 997 2045 ob
1023 1995 1089 2045 non
1117 1971 1318 2066 praestitam
1345 1971 1600 2066 contingentem
1619 1994 1694 2046 aum

143 2095 335 2190 portionem
356 2094 392 2188 ¹),
418 2097 513 2169 nctus
540 2094 740 2186 quandoque
767 2093 953 2184 imminere,
981 2092 1175 2168 Hinkonem
1203 2092 1312 2168 filium
1339 2091 1498 2167 Mimonis
1517 2091 1695 2166 castellani
1845 2195 1849 2200 η

142 2215 362 2308 KrosnansiS,
392 2215 545 2309 quamvis
572 2215 638 2290 sibi
666 2214 756 2290 inter
782 2237 905 2310 pancos
932 2215 1072 2290 charum
1087 2214 1126 2309 ²),
1160 2237 1219 2308 spe
1245 2213 1433 2309 exigendae
1459 2213 1631 2308 pecuniae,
1660 2213 1696 2287 in

143 2337 311 2414 almanus
338 2339 374 2412 et
399 2339 550 2412 forenses
566 2335 605 2432 ³),
643 2359 719 2414 cum
746 2335 869 2428 quibus
900 2335 1012 2411 omnia
1039 2357 1101 2412 sue
1127 2337 1258 2430 agenda
1285 2335 1529 2412 communicare
1556 2357 1695 2411 consue·

143 2461 254 2552 uerat,
283 2459 546 2552 distribuendae,
576 2482 643 2551 qua
670 2460 845 2554 parentem
873 2479 971 2532 suum
998 2457 1180 2533 Minnonem
1213 2457 1383 2532 abundare
1409 2461 1611 2553 sperauerat,
1641 2480 1696 2533 cc·

144 2581 199 2676 pit
228 2583 263 2657 at
289 2584 426 2676 captum
452 2559 620 2673 Almonis,
650 2581 772 2674 quibus
801 2579 977 2675 pecuniam
1004 2580 1156 2672 debebat,
1195 2579 1338 2674 pecunia
1365 2581 1597 2656 mulctandum
1623 2582 1695 2656 tra·

144 2704 210 2777 dit.
239 2702 313 2798 (lua
339 2725 376 2778 re
403 2703 484 2778 adeo
512 2702 661 2776 omnium
689 2703 848 2778 Poloniae
875 2704 1037 2776 baronum
1065 2701 1101 2776 in
1129 2723 1188 2775 suo
1214 2701 1436 2796 Legnionansi
1462 2703 1595 2777 Ducetu
1622 2701 1695 2776 ani-

144 2825 192 2900 mi
223 2827 266 2900 ab
292 2847 330 2899 oo
355 2823 496 2900 alienati
523 2825 558 2900 at
586 2823 650 2899 sibi
678 2823 802 2900 infensi
831 2824 914 2900 lacti
930 2823 958 2918 4)
985 2824 1077 2915 sunt,
1106 2825 1146 2897 ut
1172 2825 1321 2898 castrum
1348 2825 1516 2900 Krosnam
1544 2826 1580 2899 et
1601 2823 1697 2920 oppi-

144 2947 240 3038 dum,
269 2947 494 3039 metereaque,
524 2967 610 3038 quaa
637 2945 673 3020 in
700 2968 814 3021 eorum
847 2945 1013 3039 potestate
1040 2947 1149 3036 erant,
1187 2945 1392 3020 munitiones
1419 2945 1572 3020 conrado
1599 2945 1699 3021 fratri

145 3069 180 3142 et
210 3067 401 3144 aduersario
428 3069 487 3142 sno
514 3068 700 3158 traderent,
728 3068 764 3152 et
790 3066 826 3140 in
853 3065 949 3141 illius
976 3089 1010 3141 se
1038 3067 1241 3159 conferrent,
1275 3067 1430 3144 Boleslao
1457 3068 1559 3143 Gulvo
1587 3067 1698 3142 deser·

144 3193 182 3264 to
211 3189 443 3285 (tyrannidem
471 3211 567 3263 suam
595 3189 631 3262 in
658 3189 729 3264 dies
756 3187 904 3283 amplius
931 3190 1142 3283 grassantem
1165 3189 1290 3284 perosi)
1317 3189 1490 3265 ditionem.
1553 3219 1555 3226 ·

254 3311 355 3386 Viola
382 3331 506 3407 genere
532 3313 568 3386 et
594 3309 731 3386 natione
758 3310 921 3404 Bulgara,
950 3309 1094 3385 Ducissa
1120 3310 1160 3384 de
1187 3311 1283 3405 Opol,
1312 3311 1466 3386 moritur.

221 3682 372 3756 bastron
399 3680 558 3753 suornm
586 3697 605 3751 a
632 3673 816 3758 latronibus
843 3684 1039 3773 occupatum
1065 3679 1281 3754 lucentulam
1307 3680 1378 3755 ltux
1404 3677 1636 3758 londoniensis

775 3803 884 3877 nolito
903 3807 1079 3895 recuperat.

256 4043 444 4139 Spoliaturi
481 4042 568 4119 fines
605 4044 806 4120 Polonornm
842 4043 979 4138 quidum
1010 4067 1054 4120 ex
1081 4045 1192 4121 castro
1227 4045 1387 4120 Lubusch
1422 4045 1628 4138 latmnculi,
1667 4045 1703 4119 in

148 4165 356 4261 campestria
382 4165 486 4241 castri
513 4165 677 4240 Sbanszin
694 4166 721 4260 6)
748 4166 960 4260 perueniunt,
990 4168 1025 4240 et
1043 4189 1181 4262 gregem
1203 4187 1360 4261 pecorum
1386 4167 1477 4241 haud
1503 4167 1703 4243 mediocrem

4 4343 6 4348 .
148 4286 257 4379 nacti,
285 4286 390 4362 stiam
417 4287 597 4382 pastorem,
625 4309 668 4362 ne
694 4287 828 4362 facinus
856 4286 992 4382 fugiens
1019 4287 1246 4380 denuntiaret,
1275 4287 1377 4362 simul
1404 4310 1479 4364 cum
1506 4311 1624 4382 pecore
1642 4311 1703 4384 ap-

149 4409 380 4504 prehendunt.
421 4406 469 4482 At
496 4407 557 4482 illo
584 4409 655 4482 tam
684 4429 720 4483 se
747 4430 849 4500 qnam
875 4430 977 4503 pecus
1004 4431 1025 4483 a
1051 4432 1086 4484 se
1113 4409 1319 4485 custoditum
1346 4409 1381 4484 in
1408 4405 1603 4486 libertatem
1629 4410 1705 4487 vin-

150 4530 349 4606 dicaturus:
378 4529 415 4604 Si
434 4529 512 4622 huc,
541 4529 665 4623 inquit,
694 4531 893 4624 praedatum
920 4530 1074 4622 venistis,
1108 4533 1224 4625 ampla
1250 4532 1364 4626 potest
1389 4529 1484 4607 uobis
1511 4533 1645 4626 praeda,
1674 4531 1704 4608 si

149 4673 257 4748 pecus
284 4673 395 4726 meum
422 4649 625 4726 inviolatum
651 4651 768 4742 fuerit,
796 4673 869 4726 meo
896 4651 1018 4726 iudicio
1037 4652 1243 4748 contingere.
1272 4652 1388 4728 Laetis
1414 4651 1487 4726 illis
1514 4655 1549 4728 et
1575 4653 1705 4728 incolu-

152 4773 312 4848 mitatem
337 4775 409 4846 tam
436 4771 501 4846 sibi
528 4794 628 4866 quam
653 4771 763 4868 pecori
782 4772 1031 4867 pollicentibus,
1061 4775 1221 4866 ccstmm,
1249 4773 1309 4865 ait,
1339 4774 1517 4866 Sbansuiu,
1545 4775 1706 4870 gentibus

150 4895 196 4970 ad
223 4894 320 4970 illins
348 4893 508 4968 excubias
535 4917 595 4989 pro
623 4917 685 4970 sue
710 4894 782 4970 uice
813 4896 889 4989 (per
915 4893 1004 4969 uices
1031 4895 1120 4969 enim
1148 4895 1310 4970 ousmdiri
1337 4895 1489 4992 solitum)
1525 4897 1621 4972 tarde
1647 4919 1704 4972 ue-

151 5016 338 5108 nientibus,
367 5038 388 5089 a
414 5015 524 5091 tribus
562 5016 794 5091 tantummodo
822 5018 857 5090 et
883 5015 938 5090 bis
965 5015 1096 5110 peridis
1131 5018 1166 5092 et
1192 5016 1370 5109 inertibus,
1408 5017 1616 5106 custoditur;
1646 5017 1706 5092 illo

152 5139 185 5215 si
212 5137 296 5232 quid
322 5127 482 5214 audaciae
511 5137 603 5214 vobis
630 5138 695 5232 est,
723 5137 824 5214 facile
851 5136 995 5233 longib
1022 5137 1192 5234 poteritis.
1219 5137 1283 5234 tlui
1302 5139 1402 5233 capta
1428 5139 1552 5234 praeda
1570 5139 1705 5234 omissa,

265 5415 290 5496 ²)
314 5418 544 5492 comportionem
569 5415 640 5478 Ood.
663 5414 756 5476 moe.
789 5411 817 5498 ⁹)
842 5431 942 5476 eornm
964 5415 1025 5478 Eol.
1047 5415 1134 5492 copo.
1166 5411 1196 5496 ³)
1219 5421 1356 5477 externos
1382 5413 1453 5478 Ood.
1475 5415 1568 5478 Roer.
1593 5413 1620 5495 ⁴)
1636 5413 1708 5478 lacti

154 5523 236 5588 deca
257 5524 294 5586 in
320 5521 389 5586 God.
412 5519 487 5583 Aut.
528 5517 554 5601 ⁶)
576 5521 722 5600 Dzbaszin
749 5518 820 5582 (lod.
843 5519 916 5583 Ant.
939 5521 1085 5599 Zbgschin
1108 5520 1166 5584 Ed.
1189 5519 1277 5600 Lips.
1309 5516 1336 5600 ⁶)
1359 5521 1450 5596 potiri
1475 5519 1546 5584 Ood.
1569 5521 1662 5584 Rour.
