4162 6288
127 513 191 610 (Α.
212 513 260 592 Β.
281 515 400 612 ma.)
743 539 855 593 urana
881 539 1075 594 snnrnrus.
1603 523 1678 595 439

125 723 249 799 effudit
269 724 303 820 ¹).
331 725 381 798 Ob
407 725 496 816 quod
522 723 657 818 quidem
684 725 896 821 puerperium
923 727 1099 802 Boleslaus
1114 725 1143 821 ²)
1177 722 1390 802 dalissieusis
1415 726 1505 817 Dux,
1533 726 1681 802 solenni-

1 954 2 959 Ν
124 847 200 918 tate
226 845 527 941 baptismaliumu
554 847 734 940 instituta,
773 849 889 942 plnres
924 847 996 922 dies
1032 847 1068 922 in
1104 848 1281 923 hilaritate
1316 848 1458 924 deduxit
1493 849 1528 924 et
1566 851 1681 924 nomm

126 964 237 1041 filiam
264 965 398 1044 Annam
426 969 624 1044 nominarit.

124 1333 319 1425 liudolphus
355 1334 570 1408 Romanorum
607 1335 676 1408 lter
711 1335 912 1427 quarundam
947 1335 1184 1426 provintiarum
1219 1335 1466 1448 repetandam·
1504 1337 1611 1428 gralia
1648 1337 1681 1410 iu

125 1454 292 1528 amrium
323 1456 430 1530 vonit:
466 1475 539 1530 orn
569 1457 746 1530 lreuirlao
781 1455 915 1529 trudan
950 1456 1105 1530 reduetus
1141 1458 1174 1530 iu
1211 1459 1368 1549 mallan,
1397 1477 1469 1531 arm
1506 1459 1682 1532 affinitatis

773 1579 841 1650 iura
873 1578 1050 1652 ooullrnat

236 1817 463 1895 Romanorum
497 1819 574 1894 Rex
610 1819 831 1914 Rudolphus,
859 1818 1055 1912 Austriam,
1093 1818 1254 1912 Stiriam,
1282 1819 1514 1913 Corinthiam,
1543 1823 1683 1898 Portum

126 1937 281 2014 Naeuiae
307 1941 342 2014 et
369 1941 492 2017 Forum
519 1940 621 2032 Iulii,
660 1963 746 2034 quas
782 1941 1015 2017 aPremislao
1051 1941 1138 2016 alias
1173 1942 1336 2018 Ottokaro
1364 1943 1547 2018 Bohemiae
1574 1945 1681 2038 Rege,

128 2061 271 2154 proptor
297 2061 549 2137 matrimonium
576 2085 653 2138 aum
679 2063 897 2158 llargaretha
923 2061 997 2136 iilia
1023 2062 1188 2157 leupoldi
1213 2061 1373 2139 nustriae
1399 2063 1503 2139 Duois
1530 2067 1683 2141 eontrar-

128 2181 207 2254 tum
222 2176 262 2276 ⁴),
290 2181 371 2258 lieet
395 2183 559 2278 temporis
585 2205 743 2278 prooesau
769 2183 971 2258 dissolutum
986 2183 1034 2278 ⁶),
1063 2182 1339 2277 possidebantur,
1367 2206 1519 2260 assereus
1545 2186 1588 2261 ad
1613 2186 1683 2260 Im-

130 2301 265 2394 perium
291 2303 470 2398 pertinere,
499 2305 609 2380 mittit
636 2305 784 2398 nuntios,
812 2305 871 2398 qui
897 2305 1117 2395 requirerent,
1155 2307 1195 2382 ut
1221 2305 1346 2382 faeeret
1372 2309 1537 2382 tenuram
1564 2307 1683 2382 huius·

129 2423 222 2496 modi
260 2425 454 2500 cessionem.
497 2425 567 2520 Quo
588 2413 780 2520 'superbius
814 2427 1055 2519 respondente,
1092 2426 1295 2520 lludolphus
1330 2427 1558 2502 Romanorum
1593 2427 1681 2520 Rex,

130 2544 296 2638 potentiis
322 2546 462 2640 Imperii
488 2547 696 2638 ooaduuati's,
726 2547 829 2622 armis
855 2549 963 2622 terras
976 2548 1121 2642 negatas
1135 2569 1171 2623 se
1189 2548 1345 2643 proponit
1364 2548 1607 2642 quaesiturum.
1629 2547 1683 2622 Ad

131 2663 231 2739 ouius
256 2667 442 2740 transitum
469 2669 734 2762 prohibendum,
772 2670 852 2742 dum
878 2669 1086 2744 Premislaua
1121 2669 1301 2745 Bohemiae
1328 2671 1405 2746 Rex
1431 2670 1617 2746 exereitum
1643 2671 1691 2746 de

132 2786 216 2877 suis,
245 2788 338 2862 solus
356 2789 428 2884 ipse
454 2790 543 2864 domi
570 2791 765 2866 uenationes
791 2793 1012 2882 traotaturus,
1040 2813 1157 2866 uersus
1174 2793 1314 2886 Toplam
1333 2792 1591 2884 transmisisset,
1610 2793 1682 2867 ltu·

132 2908 279 3001 delphus
305 2910 382 2984 Rex
408 2911 637 2986 Romanorum
655 2935 713 3006 por
740 2913 884 2987 alteram
899 2914 1030 3006 partem
1043 2913 1191 2987 Danubii
1203 2912 1379 2988 Austriam
1397 2914 1582 3008 ingressus,
1594 2914 1683 2987 mul·

131 3031 189 3102 tas
202 3029 359 3106 ciuitates
372 3034 407 3107 et
421 3035 533 3108 eastra
546 3035 607 3108 aut
620 3056 679 3128 per
693 3033 773 3126 rim,
803 3040 863 3108 aut
873 3056 934 3128 per
950 3033 1152 3110 deditionem
1167 3034 1347 3126 oonquirit.
1362 3033 1435 3131 Qua
1452 3057 1488 3111 re
1501 3035 1683 3110 Promisis-

132 3172 175 3226 us
188 3149 370 3228 Bohemiae
382 3153 459 3230 Rex
486 3157 668 3250 permotus,
697 3157 732 3230 et
759 3155 831 3250 ipse
858 3156 1082 3250 personaliter
1100 3156 1135 3230 iu
1154 3179 1309 3252 eampum
1336 3157 1519 3233 deseendit.
1538 3157 1585 3232 Et
1610 3157 1684 3232 Itu-

133 3271 259 3368 dolpho
274 3273 368 3369 Rege
381 3275 510 3351 stativa
536 3276 626 3352 oiroa
651 3276 755 3350 Linon
783 3278 947 3368 habente,
976 3277 1049 3372 ipse
1076 3277 1111 3350 iu
1139 3278 1248 3353 altera
1273 3277 1420 3354 Danubii
1447 3280 1544 3374 parte
1571 3279 1685 3354 eastra

132 3395 250 3490 pouit:
286 3395 344 3470 ubi
370 3420 431 3492 por
457 3397 597 3493 Imperii
633 3401 668 3472 et
703 3398 885 3474 Bohemiae
922 3401 1062 3480 barones
1098 3422 1167 3494 pax
1203 3399 1292 3475 inter
1319 3400 1431 3495 Reges
1466 3401 1617 3476 tractata
1645 3403 1681 3476 et

133 3518 303 3611 annolusa,
332 3517 529 3614 affinitas&
556 3519 670 3611 etiam,
700 3543 765 3614 quo
792 3519 983 3595 diuturnior
1009 3523 1097 3600 osset
1112 3521 1152 3616 ⁷),
1181 3521 1317 3596 firmata
1343 3524 1407 3613 est,
1427 3524 1466 3596 ut
1483 3522 1685 3616 Rudolphus

133 3641 206 3716 filio
232 3663 293 3716 suo
320 3641 427 3716 liliam
453 3642 560 3736 Regis
586 3643 767 3718 Bohemiae
794 3641 1005 3738 Agnethem,
1042 3647 1077 3717 et
1112 3643 1203 3716 lilius
1239 3644 1344 3739 Regis
1370 3644 1550 3720 Bohemiae
1576 3643 1684 3718 filiam

131 3763 240 3858 Regis
266 3764 494 3840 &manorum
520 3765 693 3858 Redolphi
720 3765 898 3856 (luttham,
926 3786 1047 3840 uxores
1074 3766 1287 3858 desponsant,
1315 3765 1497 3841 Bohemiae
1516 3767 1592 3840 Rex
1614 3769 1683 3841 ter·

132 3885 193 3976 ris,
220 3907 281 3980 pro
308 3885 431 3980 quibus
457 3886 585 3960 bellum
612 3888 730 3960 uatum
757 3889 820 3978 est,
849 3887 956 3962 aedat.
986 3887 1060 3978 Qua
1086 3887 1222 3981 quidem
1249 3907 1330 3981 paee
1357 3887 1523 3979 ordinata,
1543 3891 1685 3978 uterque

134 4005 305 4082 exereitus
331 4029 410 4082 suas
436 4007 590 4103 regiones
603 4007 752 4102 repetiit.

161 4373 369 4448 haematite
395 4371 427 4445 l.
454 4373 610 4464 raperem
646 4373 785 4465 quinqua
812 4372 980 4446 mannitur
1006 4376 1139 4460 tenena,
1167 4373 1319 4445 noritur:
1359 4373 1412 4445 eui
1438 4372 1597 4448 tolmanno
1623 4371 1656 4446 l.

162 4495 319 4570 suodedit
345 4495 401 4567 llio
428 4494 558 4567 brevior
592 4495 696 4596 multa
724 4495 835 4568 rirem
863 4493 1004 4586 deradit;
1030 4493 1150 4568 tertius
1177 4493 1309 4585 eligitur
1335 4493 1555 4568 attalianum
1581 4493 1658 4567 xxi.

839 4619 985 4689 roratur.

240 4855 294 4931 Ad
320 4856 439 4932 Sedem
466 4855 653 4930 Romanam
680 4877 723 4929 ex
750 4855 857 4930 morte
884 4853 1039 4950 Gregorii
1066 4853 1185 4930 deoimi
1215 4856 1399 4948 vasantem,
1426 4853 1587 4930 rioosima
1614 4853 1685 4949 pri·

136 5001 192 5053 ma
217 4976 369 5053 Ianuarii
397 4976 521 5060 mansis
548 4976 601 5052 die
645 4977 751 5051 frater
778 4977 899 5051 Petrus
936 4976 976 5052 de
1012 4976 1210 5051 Tarantasio
1237 4975 1365 5050 ordinis
1399 4974 1683 5066 Praedioatorum,

246 5271 270 5352 ¹)
292 5275 415 5349 peperit.
450 5271 520 5335 Ood.
551 5271 643 5334 Roar.
679 5267 707 5354 ⁹)
736 5271 890 5334 Boleslans
919 5271 989 5331 Pius
1023 5270 1093 5332 (lod.
1124 5272 1216 5332 Rorr.
1252 5269 1280 5356 ⁸)
1308 5271 1479 5344 baptismati
1507 5269 1567 5330 Ed.
1598 5269 1685 5346 Dipo.

138 5375 166 5457 ⁴)
189 5381 334 5440 conuecti
360 5377 429 5440 Ood.
452 5377 526 5439 Aer.
559 5373 584 5454 Ε’)
607 5378 743 5438 dissoluti
778 5375 848 5438 (lod.
870 5375 943 5439 Aut.
967 5375 1140 5436 dissolutum
1170 5381 1235 5436 erat
1271 5373 1341 5436 eoo.
1365 5376 1457 5436 Rorr.
1489 5371 1518 5450 ⁶)
1541 5373 1686 5436 affinitate
1823 5372 1828 5382 '

140 5483 213 5546 (lod.
236 5483 329 5544 Rorr.
355 5479 381 5560 ⁷)
403 5481 481 5544 foret
502 5482 562 5544 Ed.
585 5482 672 5559 rape.
