4162 6288
167 554 298 652 (ΑΙ).
318 553 428 656 rael.)
781 577 893 634 amun
920 577 1113 634 enernrus.
1643 562 1717 636 383

218 991 404 1066 [aridum
430 991 592 1084 curarim
619 993 691 1066 llux
715 997 836 1068 arram
863 992 1082 1068 lclorienron
1109 998 1257 1087 occupat,
1283 1011 1380 1086 omn
1398 1011 1476 1068 nox
1493 947 1665 1070 dolosius

773 1114 914 1188 ludicro
941 1119 1119 1208 recuperat.

268 1356 464 1432 Kacimirus
490 1356 720 1454 capariensis,
759 1356 989 1433 Lauriciensis
1020 1359 1056 1432 et
1082 1355 1285 1432 Siradionsis
1319 1358 1399 1432 Dux
1433 1380 1500 1433 uno
1525 1358 1614 1434 bello
1641 1379 1716 1434 cum

161 1478 319 1554 Boloslao
347 1477 408 1554 Pio
435 1479 629 1556 Gallesionsi
656 1481 758 1571 Duce,
795 1479 1005 1554 restituendo
1033 1479 1086 1552 illi
1112 1479 1323 1554 herdensem
1361 1479 1595 1556 castellaniam
1625 1479 1715 1554 iniu-

161 1602 216 1676 ste
242 1623 265 1676 a
291 1623 327 1677 se
354 1602 537 1694 detentum,
567 1601 627 1676 vix
653 1602 864 1697 perfunctus,
902 1602 1040 1696 reponte
1067 1602 1161 1678 aliud
1188 1624 1292 1696 aequo
1317 1602 1535 1678 temerarium
1560 1603 1716 1678 Boleslao

161 1721 289 1797 Pudice
308 1723 521 1800 cracoviensi
538 1726 574 1798 ot
591 1723 856 1800 Sandomiriensi
876 1724 900 1818 ¹)
927 1723 1044 1816 movit,
1071 1722 1369 1818 boloniensemque
1400 1723 1592 1798 districtum
1618 1745 1716 1798 usur·

161 1864 250 1938 pens
265 1843 296 1939 ²)
326 1846 361 1918 et
387 1845 442 1920 sui
468 1866 623 1920 asserens
659 1844 744 1920 iuria
775 1867 868 1938 esse,
906 1846 1056 1921 castrum
1082 1844 1119 1920 in
1146 1845 1231 1920 colle
1266 1845 1387 1941 oppido
1422 1845 1612 1922 Lelovionsi
1638 1867 1715 1940 pro·

160 1964 291 2058 pinquo
317 1966 485 2060 aedificat,
514 1967 603 2060 quod
629 1988 666 2042 eo
694 1966 884 2044 discedente
911 1968 1089 2042 Boleslaus
1120 1967 1267 2042 Pudious
1302 1966 1472 2059 conquirit
1497 1969 1533 2043 ot
1559 1967 1594 2040 iu
1621 1988 1717 2042 suam

159 2086 289 2180 redigit
314 2087 488 2164 ditionem.
517 2089 563 2162 Et
590 2087 749 2182 quoniam
775 2087 970 2164 Kanimirus
996 2089 1076 2163 Dux
1101 2109 1217 2184 rapere
1244 2090 1280 2164 et
1305 2110 1467 2183 occupare
1493 2088 1615 2164 solitus
1641 2089 1715 2162 erat

160 2207 286 2300 aliena,
315 2208 405 2284 iusto
431 2209 494 2285 Dei
521 2209 645 2285 iudicio
671 2209 869 2305 promeruit,
897 2213 939 2284 ut
964 2209 1119 2304 perderet
1145 2209 1293 2306 propria.
1321 2209 1532 2306 Quapropter
1558 2210 1623 2284 dno
1649 2208 1714 2282 filii

160 2329 308 2424 praefati
345 2329 511 2406 Keaimiri
526 2331 566 2426 ⁸),
603 2332 731 2406 Lestlro
766 2331 873 2426 Niger
909 2332 944 2407 et
970 2330 1151 2407 Zemomisl
1167 2331 1196 2426 ⁴)
1223 2331 1258 2404 in
1286 2331 1387 2405 illum
1421 2333 1642 2426 consurgunt,
1679 2332 1714 2406 et

160 2451 347 2526 machinati
373 2452 523 2546 hostilia,
553 2451 743 2528 Siradiense
766 2454 916 2528 castrum
944 2456 1007 2528 sub
1034 2476 1071 2528 eo
1090 2452 1323 2548 intercipiunt,
1351 2453 1473 2547 quibus
1491 2452 1620 2528 militas
1636 2451 1713 2526 uni·

157 2573 248 2648 versi
276 2573 497 2667 Sirndienses,
533 2573 647 2669 spreto
680 2575 779 2672 patre
804 2595 919 2650 eorum
946 2574 1130 2668 Karimiro,
1170 2558 1364 2652 constmtor
1394 2575 1630 2668 adhaeserunt,
1657 2576 1713 2669 tp-

157 2695 337 2771 rannidem
363 2695 472 2792 patris
497 2695 621 2791 perosi.

156 3061 359 3137 lrcnirlanr
384 3059 557 3136 dodonico
583 3063 655 3134 llux
680 3064 802 3136 tenore
829 3061 901 3136 aloc
927 3061 1136 3154 inperatoris
1163 3079 1301 3149 cereum
1328 3061 1450 3155 regiam
1485 3061 1549 3136 rili
1575 3067 1713 3156 ccupat

836 3182 1040 3276 dignitatem.

261 3423 514 3520 Quintodeoimo
540 3425 706 3502 dolendas
741 3425 940 3503 Nouembris
974 3424 1182 3502 Premislaus
1216 3424 1400 3502 Bohomiae
1430 3427 1510 3502 Dux
1536 3427 1710 3523 ltargere·

156 3547 255 3624 tham
280 3547 457 3624 Ducissam
483 3548 712 3624 conthoralem
740 3569 847 3642 suam,
875 3571 952 3624 cum
978 3571 1047 3641 qua
1064 3570 1170 3623 annos
1197 3548 1313 3644 plures
1334 3548 1371 3624 im
1389 3548 1605 3624 matrimonio
1631 3571 1710 3624 exe·

156 3670 267 3763 gerat,
294 3670 331 3746 et
356 3671 494 3764 proptor
520 3669 720 3746 sterilitatis
752 3669 979 3764 opprobrium,
1016 3673 1052 3746 et
1078 3668 1158 3763 quia
1187 3670 1300 3746 uotum
1326 3670 1367 3745 de
1393 3668 1613 3764 ingrediendo
1640 3691 1710 3744 mo-

155 3789 305 3864 emtorio
331 3789 451 3866 iecisse
485 3789 558 3866 viro
593 3789 702 3886 primo
737 3792 869 3866 mortuo
903 3790 1103 3866 insimulata
1133 3791 1198 3882 eet,
1234 3789 1381 3865 dimittit
1416 3793 1453 3864 et
1478 3790 1646 3886 repudiat,
1674 3792 1710 3866 et

155 3911 405 4007 Kuuegundcm
440 3911 549 3986 filiam
585 3911 773 3989 Roscaislai
808 3912 913 3989 Ducis
939 3913 1176 4008 Bulgarorum,
1209 3913 1346 4006 neptem
1371 3912 1476 3988 Belae
1510 3911 1709 4008 Hungariae

154 4032 281 4127 Regio,
318 4031 443 4128 accipit
469 4032 506 4108 in
533 4055 694 4126 uxorem,
731 4033 864 4130 nuptiis
899 4034 1084 4110 solenniter
1110 4034 1148 4108 in
1173 4033 1317 4109 Posonio
1348 4033 1538 4110 celebratis.
1584 4035 1709 4112 Oetam
1847 4071 1851 4076 ·

154 4175 234 4228 voro
261 4152 426 4230 delendas
452 4154 605 4230 Ianuarii
632 4154 698 4247 die,
727 4154 786 4249 qui
812 4155 849 4230 in
875 4155 1034 4232 Natalem
1059 4153 1196 4230 Domini
1223 4154 1376 4246 cadebat,
1403 4156 1440 4230 et
1464 4175 1501 4230 so
1524 4154 1561 4229 in
1578 4155 1708 4251 Regem

153 4273 348 4366 Bohomiao,
376 4277 411 4351 et
437 4275 628 4371 praefatum
663 4276 913 4372 Konogundem
948 4299 1069 4353 nouam
1095 4276 1239 4372 nuptam
1265 4276 1302 4350 in
1327 4275 1495 4372 Reginam
1522 4298 1582 4372 per
1608 4277 1707 4356 Wer·

152 4417 273 4472 nerum
307 4394 610 4492 Magnetinensom
645 4397 935 4493 archiepiscopum
971 4396 1164 4493 procuravit
1196 4398 1327 4493 Pragae
1353 4397 1517 4472 coronari.
1560 4398 1707 4474 Vocatus

152 4537 213 4612 per
240 4516 405 4594 electores
439 4518 481 4592 ad
516 4517 721 4613 Imperium,
759 4519 873 4596 uenire
888 4519 917 4614 ⁶)
953 4519 1086 4611 renuit,
1123 4519 1239 4614 palam
1270 4517 1361 4593 iuter
1374 4519 1404 4613 6)
1429 4540 1507 4594 snos
1532 4517 1705 4612 lectitans,

151 4636 263 4732 pluris
289 4638 471 4736 Bohemiae
495 4640 654 4735 Regnum
680 4662 784 4732 quam
810 4639 996 4734 Imperium
1014 4641 1097 4718 iore.
1125 4640 1282 4718 Nondum
1309 4639 1399 4716 onim
1426 4641 1501 4715 tum
1522 4641 1705 4737 ngensis

151 4759 249 4834 sedes
284 4759 523 4836 excellentiam
559 4763 737 4838 consecute
772 4764 848 4836 erat
883 4762 1199 4856 metropolitanam,
1240 4761 1298 4838 sed
1337 4762 1411 4836 orat
1448 4761 1704 4857 maguumemi

150 4879 400 4978 archiepiscopo
418 4880 580 4974 subiecta,
609 4884 645 4958 et
662 4881 844 4958 Bohemiae
867 4883 956 4974 Rex,
985 4883 1115 4976 quoties
1141 4884 1302 4979 mgnum
1327 4903 1447 4959 uacare
1473 4883 1704 4979 contingebat,
1770 4955 1777 4962 .

149 5001 303 5099 precaria
329 5004 364 5078 et
391 5003 602 5082 emendicata
626 5003 871 5102 archiepiscopi
897 5003 1170 5101 Mogontinensis
1205 5006 1427 5082 coronabatur
1453 5006 1489 5082 et
1515 5003 1703 5101 inungeba-

149 5127 209 5200 tur
235 5147 350 5202 manu.

259 5399 284 5483 ¹)
307 5401 536 5466 sandomiriensl
550 5405 627 5466 Dnci
646 5401 717 5467 Ood.
739 5401 832 5467 Beer.
864 5400 891 5483 ⁹)
913 5401 971 5468 eibi
986 5420 1131 5481 usurpem
1154 5401 1223 5468 Ood.
1245 5403 1338 5470 Roar.
1370 5399 1399 5486 ²)
1421 5403 1480 5468 dno
1495 5401 1549 5468 lilii
1563 5407 1610 5468 eui
1628 5405 1700 5470 Ocri.

149 5506 244 5574 aoer.
283 5503 311 5588 ⁴)
334 5509 505 5572 Szemomisl
530 5508 601 5574 (lod.
623 5508 697 5572 Act.
737 5505 763 5588 ⁶)
785 5511 887 5572 venire
907 5512 986 5576 decet
1007 5513 1044 5572 iu
1068 5509 1140 5574 (lod.
1163 5509 1236 5573 Aut.
1275 5507 1619 5589 espencaeum.
