4208 6282
149 539 204 634 (Α.
224 537 270 614 D.
290 537 402 638 1198.)
765 559 877 612 nmen
903 559 1057 614 snxnos.

426 869 588 962 Stephano
614 867 879 944 wladislavum
905 869 1057 962 episcopo
1085 865 1234 941 succedit
1261 865 1403 958 ogerius.
1466 875 1467 878 ‘

243 1107 539 1184 wladislaviensis
556 1108 732 1203 episcopus
749 1108 954 1204 Stephanus,
979 1130 1053 1182 cnm
1074 1107 1173 1182 aunis
1191 1130 1252 1182 sex
1269 1105 1422 1198 sedisset,
1451 1107 1538 1182 diem
1557 1106 1641 1182 obiit
1652 1107 1687 1201 ¹),

145 1233 179 1308 et
202 1231 237 1304 in
263 1229 370 1306 reteri
397 1228 539 1306 ecclesia
565 1228 843 1306 Wladislaoiensi
870 1229 1046 1325 sepelitur.
1091 1229 1133 1302 In
1160 1227 1255 1304 cuius
1281 1229 1392 1303 locum
1418 1226 1603 1323 Ogerinsl)
1628 1249 1689 1302 na-

146 1352 232 1426 tione
247 1351 359 1426 Italus
373 1347 413 1443 ³),
441 1351 579 1446 propter
605 1350 788 1427 discordem
817 1350 1013 1426 electionem
1041 1347 1321 1446 capitularium)
1347 1351 1390 1424 ab
1408 1347 1605 1424 Innocentio
1622 1349 1691 1423 ter-

145 1473 371 1568 tioprorisus
397 1472 570 1548 successit.
1667 1501 1668 1504 κ

188 1615 190 1620 ·
244 1593 366 1669 Vulido
391 1594 556 1689 languore
582 1593 751 1669 Hauricus
778 1591 959 1688 Progensis
986 1593 1161 1688 episcopus
1188 1596 1224 1669 et
1248 1593 1328 1668 Dux
1353 1591 1535 1669 Bohemioo
1560 1613 1692 1686 correp·

144 1719 197 1790 tus
222 1713 361 1790 Decimo
396 1715 539 1810 septimo
575 1715 740 1791 dolendus
775 1713 857 1788 Iulii
894 1714 1048 1790 moritur.
1093 1716 1136 1788 Iu
1163 1713 1376 1810 aegritudine
1399 1705 1521 1790 ¹tasonem
1549 1711 1692 1809 positus,

145 1835 386 1911 Pmemisloum
413 1837 537 1912 Ducem
566 1835 854 1931 consanguineum
881 1858 990 1926 snum,
1028 1858 1126 1930 quem
1154 1836 1195 1911 de
1221 1838 1355 1911 Duoutn
1381 1835 1563 1911 Boheruiae
1589 1833 1694 1913 cioca·

144 1961 206 2050 rat,
233 1957 270 2030 iu
298 1979 394 2052 spem
421 1958 540 2032 mortis
567 1981 647 2032 suae
673 1959 841 2032 Ducatom
868 1979 1028 2052 occuparo
1055 1957 1259 2048 molientem,
1288 1959 1486 2053 pergentes
1512 1979 1694 2033 suaseon-

145 2078 232 2153 lixit
257 2081 294 2154 ot
322 2079 364 2153 de
389 2078 552 2154 Bohemioo
577 2077 724 2174 fugavit,
762 2078 916 2171 quamuis
942 2080 978 2154 et
1004 2078 1094 2174 parti
1121 2101 1201 2154 snae
1233 2101 1300 2153 uon
1327 2079 1504 2154 incruenta
1530 2079 1721 2174 protono·-

144 2200 205 2291 rit,
243 2200 365 2274 multis
391 2200 607 2290 cudentibus,
644 2200 797 2275 uictoria.
843 2201 926 2274 Post
961 2203 1101 2275 mortem
1137 2223 1214 2276 roro
1250 2218 1345 2274 suam
1380 2199 1459 2275 Dux
1485 2201 1695 2276 Wladislans

112 2347 116 2352 ·
144 2321 339 2396 Praemislai
365 2321 469 2396 Ducis
495 2341 688 2416 germanus,
716 2343 737 2396 a
764 2320 919 2412 uinculis,
948 2321 1069 2413 quibos
1096 2324 1233 2416 propter
1260 2320 1519 2417 germanitatem
1546 2322 1694 2398 Praemi-

144 2442 205 2516 slai
232 2443 330 2518 velut
357 2444 535 2537 suspectos
561 2441 785 2532 detinebatur,
828 2443 969 2532 solutus,
1005 2443 1118 2518 lavoro
1145 2443 1293 2516 militum
1321 2442 1357 2516 iu
1383 2444 1510 2519 Ducem
1537 2445 1696 2538 acceptus

142 2566 203 2640 ost.
231 2564 360 2639 Verum
378 2564 458 2638 dnm
476 2564 642 2638 Docotum
661 2563 870 2658 praedictum
889 2562 1059 2638 rnensibns
1086 2563 1235 2657 quinque
1263 2563 1441 2656 tenuisset,
1470 2564 1697 2640 Praemislaus

142 2707 323 2781 gororanus
350 2691 443 2776 snus,
472 2685 612 2761 collecto
640 2707 683 2759 ex
697 2683 866 2776 Bobenia,
886 2683 1110 2778 Almonisque
1128 2683 1290 2776 exercitu,
1318 2685 1415 2762 uenit
1432 2684 1469 2760 in
1486 2686 1695 2777 Boheruiam,

143 2829 200 2902 pro
222 2805 425 2902 Principatu
452 2806 656 2880 certaturus.
693 2805 905 2880 Wlodislans
930 2807 1044 2880 autem
1071 2806 1225 2900 quamuis
1252 2806 1371 2882 maiori
1398 2807 1551 2903 gentium
1578 2809 1696 2903 poten-

143 2927 191 3002 tio
216 2927 331 3002 fultus
358 2927 459 3015 osset,
487 2926 599 3002 uoluit
624 2927 720 3002 velut
738 2926 790 3002 uir
808 2925 968 3021 pacificus
995 2927 1032 3001 in
1058 2926 1308 3003 dimicationem
1335 2950 1411 3003 oum
1437 2929 1543 3004 fratre
1569 2927 1696 3019 venire,

142 3050 197 3123 sed
224 3048 342 3122 missis
368 3047 600 3122 communibus
614 3047 644 3142 6)
669 3047 861 3137 baronibus,
891 3069 1006 3142 pacem
1033 3049 1069 3124 ot
1094 3049 1211 3123 foedus
1238 3070 1312 3123 cum
1340 3050 1448 3124 fratre
1474 3048 1564 3140 iniit,
1589 3050 1696 3124 sorte-

143 3191 205 3262 que
230 3168 407 3244 Meuaniae
434 3169 623 3261 autentus,
651 3168 856 3243 Praemislao
883 3170 924 3244 de
950 3169 1084 3245 Donato
1111 3168 1292 3246 Bohemioo
1308 3170 1464 3263 excessit,
1492 3169 1549 3265 qui
1577 3168 1697 3245 aPhi-

142 3289 233 3385 lippo
260 3291 491 3365 Romanorum
517 3291 725 3384 Imperatore
751 3289 914 3365 Friderici
942 3289 1080 3365 secundi
1106 3292 1223 3385 fratrs,
1252 3315 1353 3384 quem
1379 3293 1533 3368 Romana
1558 3289 1699 3368 ecclesia

143 3433 204 3486 non
232 3411 379 3508 uooepit,
408 3410 559 3486 coronari
587 3410 711 3504 iussus,
741 3411 896 3486 diademo
922 3410 1064 3507 accepit.
1192 3411 1193 3414 ‘

607 3771 816 3884 ANNUS
852 3770 1078 3884 DOMINI
1113 3771 1249 3884 1198.

14 4029 15 4090 3
142 4019 354 4093 marierun
381 4019 594 4093 detestantis
620 4022 692 4093 llnx
711 4020 857 4108 moritur,
876 4020 1047 4093 attentio
1065 4019 1164 4092 loona
1190 4020 1384 4092 colonorum
1409 4021 1481 4093 ltux
1506 4017 1701 4093 llnllczienal

502 4142 695 4234 Principem,
723 4141 895 4234 profligato
923 4141 1067 4214 lunone
1094 4143 1189 4230 duco,
1215 4141 1350 4234 potitur.

245 4377 477 4456 Wlodimims
503 4378 729 4456 Halicuiensis
755 4381 834 4454 Dux
860 4379 1031 4471 beneficio,
1069 4379 1268 4474 brachioque
1301 4377 1467 4454 Kouimiri
1493 4378 1575 4454 olim
1602 4380 1701 4455 Polo·

143 4523 261 4578 norum
289 4499 398 4576 Ducis
424 4501 461 4575 et
485 4501 686 4576 Monarchao
725 4501 768 4575 ad
794 4500 1044 4576 Halicuiensem
1071 4499 1315 4596 Priuoipotnm,
1344 4523 1366 4576 a
1392 4523 1458 4593 qno
1485 4523 1546 4596 per
1568 4502 1701 4575 Panno-

143 4623 215 4697 nios
241 4621 398 4698 deiectos
424 4621 547 4713 luerat,
584 4621 776 4711 restitutus,
814 4623 920 4696 morte
956 4623 1164 4716 absumptus,
1202 4621 1281 4696 dum
1317 4622 1451 4696 nullum
1484 4621 1702 4716 superstitem

143 4741 341 4837 reliquisset
355 4741 396 4835 ⁶),
437 4763 597 4838 maguam
632 4741 722 4817 inter
756 4743 961 4817 Lestlouem
997 4743 1032 4816 et
1067 4741 1260 4817 Gunradnm
1295 4742 1497 4817 Polonorom
1532 4743 1642 4818 Duces
1667 4743 1703 4816 ot

143 4887 258 4939 eorum
285 4863 473 4953 notatores,
511 4862 812 4956 Gracouiensesque
839 4862 967 4938 milites
994 4865 1037 4938 ab
1064 4885 1142 4954 una,
1172 4865 1207 4937 et
1232 4863 1423 4953 Romanos,
1451 4863 1702 4938 Rothonorum-

144 5007 207 5076 que
233 4985 349 5060 Duces
377 4982 533 5078 partibus
560 4986 602 5059 ob
629 4985 738 5058 altaro
752 4983 791 5078 ⁷),
820 4983 952 5058 dissidii
979 4982 1158 5058 suscitarit
1184 4983 1378 5078 procellam.
1405 4984 1485 5060 Iure
1510 4982 1646 5077 quidem
1667 4984 1704 5058 ot

14 5329 15 5332 ,
252 5277 278 5356 ¹)
301 5279 429 5340 moritur
451 5279 511 5339 Ed.
534 5279 630 5340 Dour.
655 5276 823 5358 pegasius
849 5277 921 5340 dod.
944 5280 1037 5340 Rocr.
1063 5273 1224 5355 ³)natione
1238 5277 1366 5340 Polouus
1392 5273 1463 5341 Ood.
1489 5275 1585 5338 (lices.
1608 5271 1635 5354 ⁴)
1650 5293 1705 5352 per

14 5433 15 5438 ,
146 5383 324 5445 electionem
346 5383 539 5458 capitularem
561 5383 622 5443 Ed.
645 5383 742 5444 Dour.
766 5378 793 5460 ο)
809 5382 972 5444 comitibus
994 5383 1068 5442 alias
1088 5382 1287 5442 communibus
1313 5379 1384 5444 Ood.
1407 5379 1501 5443 Rcar.
1526 5377 1703 5458 ⁸>reliquis-

14 5541 15 5550 ,
147 5491 192 5549 set
211 5487 375 5550 haeredem
400 5483 472 5550 ooo.
495 5487 589 5551 Rocr.
614 5483 788 5567 ⁷)pertibus
811 5487 849 5550 ab
871 5487 967 5551 altero
988 5486 1067 5550 dccet
1087 5487 1124 5548 to
1149 5483 1220 5546 coc.
1243 5483 1317 5546 Act.
