<?xml version="1.0" encoding="UTF-8"?>
<!DOCTYPE html PUBLIC "-//W3C//DTD XHTML 1.0 Transitional//EN"
    "http://www.w3.org/TR/xhtml1/DTD/xhtml1-transitional.dtd">
<html xmlns="http://www.w3.org/1999/xhtml" xml:lang="en" lang="en">
 <head>
  <title>
</title>
<meta http-equiv="Content-Type" content="text/html;charset=utf-8" />
  <meta name='ocr-system' content='tesseract 3.04.00' />
  <meta name='ocr-capabilities' content='ocr_page ocr_carea ocr_par ocr_line ocrx_word'/>
</head>
<body>
  <div class='ocr_page' id='page_1' title='image "./operaomnia02paulgoog_0313.png"; bbox 0 0 4140 6298; ppageno 0'>
   <div class='ocr_carea' id='block_1_1' title="bbox 137 544 1078 644">
    <p class='ocr_par' dir='ltr' id='par_1_1' title="bbox 137 544 1078 644">
     <span class='ocr_line' id='line_1_1' title="bbox 137 544 1078 644; baseline 0.003 -20"><span class='ocrx_word' id='word_1_1' title='bbox 137 545 199 644; x_wconf 67' lang='grc' dir='ltr'><strong>(Αζ</strong></span> <span class='ocrx_word' id='word_1_2' title='bbox 220 544 267 625; x_wconf 79' lang='grc' dir='ltr'><strong>ὓ.</strong></span> <span class='ocrx_word' id='word_1_3' title='bbox 287 547 411 644; x_wconf 67' lang='lat' dir='ltr'><strong>rard.)</strong></span> <span class='ocrx_word' id='word_1_4' title='bbox 744 567 857 630; x_wconf 77' lang='lat' dir='ltr'><strong>nuens</strong></span> <span class='ocrx_word' id='word_1_5' title='bbox 883 571 1078 627; x_wconf 78' lang='lat' dir='ltr'><strong>asenneus.</strong></span> 
     </span>
    </p>
   </div>
   <div class='ocr_carea' id='block_1_2' title="bbox 352 985 1478 1078">
    <p class='ocr_par' dir='ltr' id='par_1_2' title="bbox 352 985 1478 1078">
     <span class='ocr_line' id='line_1_2' title="bbox 352 985 1478 1078; baseline 0.003 -19"><span class='ocrx_word' id='word_1_6' title='bbox 352 985 450 1060; x_wconf 79' lang='lat' dir='ltr'><strong>birse</strong></span> <span class='ocrx_word' id='word_1_7' title='bbox 477 985 630 1078; x_wconf 70' lang='lat' dir='ltr'><strong>lledrigir</strong></span> <span class='ocrx_word' id='word_1_8' title='bbox 656 986 812 1061; x_wconf 81' lang='lat' dir='ltr'><strong>buelme</strong></span> <span class='ocrx_word' id='word_1_9' title='bbox 841 1005 929 1062; x_wconf 81' lang='lat' dir='ltr'><strong>mure</strong></span> <span class='ocrx_word' id='word_1_10' title='bbox 957 990 991 1062; x_wconf 86' lang='lat' dir='ltr'><strong>et</strong></span> <span class='ocrx_word' id='word_1_11' title='bbox 1016 988 1105 1063; x_wconf 79' lang='lat' dir='ltr'><strong>ritae</strong></span> <span class='ocrx_word' id='word_1_12' title='bbox 1132 989 1203 1062; x_wconf 86' lang='lat' dir='ltr'><strong>elur</strong></span> <span class='ocrx_word' id='word_1_13' title='bbox 1230 989 1478 1064; x_wconf 84' lang='lat' dir='ltr'><strong>eemmerdetie.</strong></span> 
     </span>
    </p>
   </div>
   <div class='ocr_carea' id='block_1_3' title="bbox 241 1235 1804 1340">
    <p class='ocr_par' dir='ltr' id='par_1_3' title="bbox 241 1235 1804 1340">
     <span class='ocr_line' id='line_1_3' title="bbox 241 1235 1804 1340; baseline 0.004 -24"><span class='ocrx_word' id='word_1_14' title='bbox 241 1240 383 1319; x_wconf 77' lang='lat' dir='ltr'><strong>Femina</strong></span> <span class='ocrx_word' id='word_1_15' title='bbox 408 1243 621 1320; x_wconf 85' lang='lat' dir='ltr'><strong>nobilissime</strong></span> <span class='ocrx_word' id='word_1_16' title='bbox 653 1246 689 1319; x_wconf 90' lang='lat' dir='ltr'><strong>et</strong></span> <span class='ocrx_word' id='word_1_17' title='bbox 715 1244 864 1320; x_wconf 89' lang='lat' dir='ltr'><strong>illustris</strong></span> <span class='ocrx_word' id='word_1_18' title='bbox 899 1245 1066 1340; x_wconf 85' lang='lat' dir='ltr'><strong>Hedrigis</strong></span> <span class='ocrx_word' id='word_1_19' title='bbox 1100 1245 1245 1322; x_wconf 87' lang='lat' dir='ltr'><strong>Dueissa</strong></span> <span class='ocrx_word' id='word_1_20' title='bbox 1270 1245 1566 1322; x_wconf 76' lang='lat' dir='ltr'><strong>wratislaviensis</strong></span> <span class='ocrx_word' id='word_1_21' title='bbox 1592 1245 1687 1322; x_wconf 89' lang='lat' dir='ltr'><strong>Hen-</strong></span> <span class='ocrx_word' id='word_1_22' title='bbox 1801 1235 1804 1243; x_wconf 77' lang='grc'><strong>’</strong></span> 
     </span>
    </p>
   </div>
   <div class='ocr_carea' id='block_1_4' title="bbox 88 1361 1690 2190">
    <p class='ocr_par' dir='ltr' id='par_1_4' title="bbox 88 1361 1690 2190">
     <span class='ocr_line' id='line_1_4' title="bbox 136 1361 1688 1464; baseline 0.004 -26"><span class='ocrx_word' id='word_1_23' title='bbox 136 1361 199 1438; x_wconf 86' lang='lat' dir='ltr'><strong>riei</strong></span> <span class='ocrx_word' id='word_1_24' title='bbox 225 1383 304 1439; x_wconf 87' lang='lat' dir='ltr'><strong>eum</strong></span> <span class='ocrx_word' id='word_1_25' title='bbox 329 1365 434 1440; x_wconf 85' lang='lat' dir='ltr'><strong>barbe</strong></span> <span class='ocrx_word' id='word_1_26' title='bbox 460 1365 591 1459; x_wconf 87' lang='lat' dir='ltr'><strong>reliete,</strong></span> <span class='ocrx_word' id='word_1_27' title='bbox 619 1387 743 1462; x_wconf 76' lang='lat' dir='ltr'><strong>magna</strong></span> <span class='ocrx_word' id='word_1_28' title='bbox 768 1368 804 1442; x_wconf 89' lang='lat' dir='ltr'><strong>et</strong></span> <span class='ocrx_word' id='word_1_29' title='bbox 830 1365 978 1443; x_wconf 81' lang='lat' dir='ltr'><strong>euidenti</strong></span> <span class='ocrx_word' id='word_1_30' title='bbox 1004 1367 1040 1440; x_wconf 92' lang='lat' dir='ltr'><strong>in</strong></span> <span class='ocrx_word' id='word_1_31' title='bbox 1066 1367 1140 1442; x_wconf 84' lang='lat' dir='ltr'><strong>uite</strong></span> <span class='ocrx_word' id='word_1_32' title='bbox 1157 1369 1290 1462; x_wconf 89' lang='lat' dir='ltr'><strong>pollens</strong></span> <span class='ocrx_word' id='word_1_33' title='bbox 1316 1368 1509 1458; x_wconf 76' lang='lat' dir='ltr'><strong>sanctitate,</strong></span> <span class='ocrx_word' id='word_1_34' title='bbox 1538 1369 1688 1464; x_wconf 85' lang='lat' dir='ltr'><strong>Septimo</strong></span> 
     </span>
     <span class='ocr_line' id='line_1_5' title="bbox 136 1485 1688 1566; baseline 0.004 -7"><span class='ocrx_word' id='word_1_35' title='bbox 136 1485 220 1560; x_wconf 88' lang='lat' dir='ltr'><strong>Idne</strong></span> <span class='ocrx_word' id='word_1_36' title='bbox 247 1485 401 1562; x_wconf 88' lang='lat' dir='ltr'><strong>Oetebris</strong></span> <span class='ocrx_word' id='word_1_37' title='bbox 428 1486 571 1562; x_wconf 90' lang='lat' dir='ltr'><strong>meritur</strong></span> <span class='ocrx_word' id='word_1_38' title='bbox 609 1489 645 1564; x_wconf 89' lang='lat' dir='ltr'><strong>et</strong></span> <span class='ocrx_word' id='word_1_39' title='bbox 670 1487 707 1563; x_wconf 91' lang='lat' dir='ltr'><strong>in</strong></span> <span class='ocrx_word' id='word_1_40' title='bbox 735 1487 990 1564; x_wconf 80' lang='lat' dir='ltr'><strong>urnebniezensi</strong></span> <span class='ocrx_word' id='word_1_41' title='bbox 1023 1488 1226 1565; x_wconf 88' lang='lat' dir='ltr'><strong>monasterie</strong></span> <span class='ocrx_word' id='word_1_42' title='bbox 1253 1511 1274 1564; x_wconf 91' lang='lat' dir='ltr'><strong>a</strong></span> <span class='ocrx_word' id='word_1_43' title='bbox 1300 1511 1337 1564; x_wconf 89' lang='lat' dir='ltr'><strong>se</strong></span> <span class='ocrx_word' id='word_1_44' title='bbox 1364 1492 1399 1564; x_wconf 86' lang='lat' dir='ltr'><strong>et</strong></span> <span class='ocrx_word' id='word_1_45' title='bbox 1425 1489 1496 1566; x_wconf 85' lang='lat' dir='ltr'><strong>rire</strong></span> <span class='ocrx_word' id='word_1_46' title='bbox 1523 1512 1583 1565; x_wconf 89' lang='lat' dir='ltr'><strong>sue</strong></span> <span class='ocrx_word' id='word_1_47' title='bbox 1609 1491 1688 1565; x_wconf 89' lang='lat' dir='ltr'><strong>fun-</strong></span> 
     </span>
     <span class='ocr_line' id='line_1_6' title="bbox 135 1605 1689 1706; baseline 0.003 -24"><span class='ocrx_word' id='word_1_48' title='bbox 135 1607 216 1682; x_wconf 80' lang='lat' dir='ltr'><strong>reto</strong></span> <span class='ocrx_word' id='word_1_49' title='bbox 243 1607 279 1682; x_wconf 91' lang='lat' dir='ltr'><strong>et</strong></span> <span class='ocrx_word' id='word_1_50' title='bbox 306 1605 422 1683; x_wconf 86' lang='lat' dir='ltr'><strong>dotato</strong></span> <span class='ocrx_word' id='word_1_51' title='bbox 458 1608 634 1704; x_wconf 78' lang='lat' dir='ltr'><strong>sepelitur.</strong></span> <span class='ocrx_word' id='word_1_52' title='bbox 679 1609 781 1685; x_wconf 81' lang='lat' dir='ltr'><strong>euius</strong></span> <span class='ocrx_word' id='word_1_53' title='bbox 815 1631 947 1704; x_wconf 88' lang='lat' dir='ltr'><strong>eorpus,</strong></span> <span class='ocrx_word' id='word_1_54' title='bbox 985 1609 1073 1702; x_wconf 90' lang='lat' dir='ltr'><strong>qued</strong></span> <span class='ocrx_word' id='word_1_55' title='bbox 1100 1609 1136 1684; x_wconf 90' lang='lat' dir='ltr'><strong>in</strong></span> <span class='ocrx_word' id='word_1_56' title='bbox 1163 1610 1236 1685; x_wconf 81' lang='lat' dir='ltr'><strong>ritu</strong></span> <span class='ocrx_word' id='word_1_57' title='bbox 1271 1632 1422 1686; x_wconf 85' lang='lat' dir='ltr'><strong>ereeeum</strong></span> <span class='ocrx_word' id='word_1_58' title='bbox 1454 1613 1490 1687; x_wconf 92' lang='lat' dir='ltr'><strong>et</strong></span> <span class='ocrx_word' id='word_1_59' title='bbox 1515 1633 1689 1706; x_wconf 75' lang='lat' dir='ltr'><strong>exsangue</strong></span> 
     </span>
     <span class='ocr_line' id='line_1_7' title="bbox 135 1726 1689 1828; baseline 0.004 -27"><span class='ocrx_word' id='word_1_60' title='bbox 135 1726 356 1804; x_wconf 85' lang='lat' dir='ltr'><strong>abstinentiis</strong></span> <span class='ocrx_word' id='word_1_61' title='bbox 382 1730 418 1803; x_wconf 91' lang='lat' dir='ltr'><strong>et</strong></span> <span class='ocrx_word' id='word_1_62' title='bbox 443 1727 581 1804; x_wconf 92' lang='lat' dir='ltr'><strong>ieiuniis</strong></span> <span class='ocrx_word' id='word_1_63' title='bbox 616 1729 806 1806; x_wconf 84' lang='lat' dir='ltr'><strong>eenfeetnm</strong></span> <span class='ocrx_word' id='word_1_64' title='bbox 833 1733 927 1822; x_wconf 87' lang='lat' dir='ltr'><strong>erat,</strong></span> <span class='ocrx_word' id='word_1_65' title='bbox 965 1729 1001 1804; x_wconf 95' lang='lat' dir='ltr'><strong>in</strong></span> <span class='ocrx_word' id='word_1_66' title='bbox 1028 1732 1135 1806; x_wconf 85' lang='lat' dir='ltr'><strong>merle</strong></span> <span class='ocrx_word' id='word_1_67' title='bbox 1162 1731 1378 1826; x_wconf 88' lang='lat' dir='ltr'><strong>splendidum</strong></span> <span class='ocrx_word' id='word_1_68' title='bbox 1405 1731 1584 1827; x_wconf 88' lang='lat' dir='ltr'><strong>apparuit,</strong></span> <span class='ocrx_word' id='word_1_69' title='bbox 1613 1755 1689 1828; x_wconf 88' lang='lat' dir='ltr'><strong>spe-</strong></span> 
     </span>
     <span class='ocr_line' id='line_1_8' title="bbox 88 1845 1690 1948; baseline 0.002 -26"><span class='ocrx_word' id='word_1_70' title='bbox 88 1909 90 1912; x_wconf 93' lang='lat'>.</span> <span class='ocrx_word' id='word_1_71' title='bbox 136 1845 224 1924; x_wconf 86' lang='lat' dir='ltr'><strong>eiem</strong></span> <span class='ocrx_word' id='word_1_72' title='bbox 251 1849 379 1924; x_wconf 87' lang='lat' dir='ltr'><strong>babens</strong></span> <span class='ocrx_word' id='word_1_73' title='bbox 406 1849 554 1946; x_wconf 84' lang='lat' dir='ltr'><strong>eorporis</strong></span> <span class='ocrx_word' id='word_1_74' title='bbox 581 1849 776 1946; x_wconf 74' lang='lat' dir='ltr'><strong>glorificati.</strong></span> <span class='ocrx_word' id='word_1_75' title='bbox 803 1851 896 1947; x_wconf 73' lang='lat' dir='ltr'><strong>Quae</strong></span> <span class='ocrx_word' id='word_1_76' title='bbox 913 1851 1005 1928; x_wconf 87' lang='lat' dir='ltr'><strong>beati</strong></span> <span class='ocrx_word' id='word_1_77' title='bbox 1023 1851 1187 1926; x_wconf 84' lang='lat' dir='ltr'><strong>Stunislai</strong></span> <span class='ocrx_word' id='word_1_78' title='bbox 1214 1853 1376 1948; x_wconf 80' lang='lat' dir='ltr'><strong>martyris</strong></span> <span class='ocrx_word' id='word_1_79' title='bbox 1402 1853 1690 1928; x_wconf 85' lang='lat' dir='ltr'><strong>eanonisutionern</strong></span> 
     </span>
     <span class='ocr_line' id='line_1_9' title="bbox 136 1968 1690 2070; baseline 0.003 -27"><span class='ocrx_word' id='word_1_80' title='bbox 136 1968 174 2043; x_wconf 92' lang='lat' dir='ltr'><strong>in</strong></span> <span class='ocrx_word' id='word_1_81' title='bbox 200 1969 329 2066; x_wconf 87' lang='lat' dir='ltr'><strong>spiritu</strong></span> <span class='ocrx_word' id='word_1_82' title='bbox 355 1971 555 2067; x_wconf 85' lang='lat' dir='ltr'><strong>praevidens</strong></span> <span class='ocrx_word' id='word_1_83' title='bbox 581 1972 745 2066; x_wconf 89' lang='lat' dir='ltr'><strong>futuram,</strong></span> <span class='ocrx_word' id='word_1_84' title='bbox 772 1973 870 2049; x_wconf 92' lang='lat' dir='ltr'><strong>etin</strong></span> <span class='ocrx_word' id='word_1_85' title='bbox 897 1973 968 2048; x_wconf 86' lang='lat' dir='ltr'><strong>leee</strong></span> <span class='ocrx_word' id='word_1_86' title='bbox 995 1973 1192 2048; x_wconf 86' lang='lat' dir='ltr'><strong>monasterii</strong></span> <span class='ocrx_word' id='word_1_87' title='bbox 1218 1973 1503 2066; x_wconf 80' lang='lat' dir='ltr'><strong>srzebnieneneis,</strong></span> <span class='ocrx_word' id='word_1_88' title='bbox 1532 1974 1567 2048; x_wconf 95' lang='lat' dir='ltr'><strong>in</strong></span> <span class='ocrx_word' id='word_1_89' title='bbox 1596 1977 1690 2070; x_wconf 82' lang='lat' dir='ltr'><strong>perte</strong></span> 
     </span>
     <span class='ocr_line' id='line_1_10' title="bbox 135 2090 1689 2190; baseline 0.002 -23"><span class='ocrx_word' id='word_1_90' title='bbox 135 2090 236 2168; x_wconf 79' lang='lat' dir='ltr'><strong>laena</strong></span> <span class='ocrx_word' id='word_1_91' title='bbox 256 2091 280 2186; x_wconf 92' lang='lat'><strong>¹)</strong></span> <span class='ocrx_word' id='word_1_92' title='bbox 312 2092 406 2168; x_wconf 86' lang='lat' dir='ltr'><strong>ebori</strong></span> <span class='ocrx_word' id='word_1_93' title='bbox 434 2093 545 2170; x_wconf 82' lang='lat' dir='ltr'><strong>altere</strong></span> <span class='ocrx_word' id='word_1_94' title='bbox 570 2093 624 2168; x_wconf 94' lang='lat' dir='ltr'><strong>illi</strong></span> <span class='ocrx_word' id='word_1_95' title='bbox 651 2094 830 2170; x_wconf 79' lang='lat' dir='ltr'><strong>ditandum</strong></span> <span class='ocrx_word' id='word_1_96' title='bbox 862 2095 932 2170; x_wconf 83' lang='lat' dir='ltr'><strong>iere</strong></span> <span class='ocrx_word' id='word_1_97' title='bbox 959 2093 1194 2190; x_wconf 75' lang='lat' dir='ltr'><strong>praedixerat,</strong></span> <span class='ocrx_word' id='word_1_98' title='bbox 1232 2117 1370 2171; x_wconf 89' lang='lat' dir='ltr'><strong>monens</strong></span> <span class='ocrx_word' id='word_1_99' title='bbox 1397 2117 1544 2187; x_wconf 87' lang='lat' dir='ltr'><strong>sereres,</strong></span> <span class='ocrx_word' id='word_1_100' title='bbox 1573 2099 1613 2169; x_wconf 89' lang='lat' dir='ltr'><strong>nt</strong></span> <span class='ocrx_word' id='word_1_101' title='bbox 1639 2097 1689 2170; x_wconf 89' lang='lat' dir='ltr'><strong>le-</strong></span> 
     </span>
    </p>
   </div>
   <div class='ocr_carea' id='block_1_5' title="bbox 136 2201 1839 2310">
    <p class='ocr_par' dir='ltr' id='par_1_5' title="bbox 136 2201 1839 2310">
     <span class='ocr_line' id='line_1_11' title="bbox 136 2201 1839 2310; baseline 0.002 -22"><span class='ocrx_word' id='word_1_102' title='bbox 136 2233 214 2288; x_wconf 80' lang='lat' dir='ltr'><strong>sum</strong></span> <span class='ocrx_word' id='word_1_103' title='bbox 245 2212 344 2288; x_wconf 91' lang='lat' dir='ltr'><strong>illum</strong></span> <span class='ocrx_word' id='word_1_104' title='bbox 380 2235 504 2310; x_wconf 80' lang='lat' dir='ltr'><strong>magna</strong></span> <span class='ocrx_word' id='word_1_105' title='bbox 537 2215 712 2290; x_wconf 86' lang='lat' dir='ltr'><strong>deuotione</strong></span> <span class='ocrx_word' id='word_1_106' title='bbox 748 2215 944 2308; x_wconf 74' lang='lat' dir='ltr'><strong>incolerent,</strong></span> <span class='ocrx_word' id='word_1_107' title='bbox 981 2237 1136 2292; x_wconf 89' lang='lat' dir='ltr'><strong>asserens</strong></span> <span class='ocrx_word' id='word_1_108' title='bbox 1171 2215 1318 2291; x_wconf 85' lang='lat' dir='ltr'><strong>maxime</strong></span> <span class='ocrx_word' id='word_1_109' title='bbox 1354 2217 1554 2292; x_wconf 86' lang='lat' dir='ltr'><strong>Saneternm</strong></span> <span class='ocrx_word' id='word_1_110' title='bbox 1590 2217 1690 2291; x_wconf 86' lang='lat' dir='ltr'><strong>illurn</strong></span> <span class='ocrx_word' id='word_1_111' title='bbox 1836 2201 1839 2206; x_wconf 63' lang='grc'><strong>’</strong></span> 
     </span>
    </p>
   </div>
   <div class='ocr_carea' id='block_1_6' title="bbox 136 2334 1764 3044">
    <p class='ocr_par' dir='ltr' id='par_1_6' title="bbox 136 2334 1764 3044">
     <span class='ocr_line' id='line_1_12' title="bbox 136 2334 1689 2434; baseline 0 -24"><span class='ocrx_word' id='word_1_112' title='bbox 136 2334 326 2412; x_wconf 81' lang='lat' dir='ltr'><strong>mnseerari</strong></span> <span class='ocrx_word' id='word_1_113' title='bbox 353 2337 517 2432; x_wconf 82' lang='lat' dir='ltr'><strong>opertere.</strong></span> <span class='ocrx_word' id='word_1_114' title='bbox 545 2337 637 2431; x_wconf 73' lang='lat' dir='ltr'><strong>Quae</strong></span> <span class='ocrx_word' id='word_1_115' title='bbox 663 2337 776 2412; x_wconf 87' lang='lat' dir='ltr'><strong>emnia</strong></span> <span class='ocrx_word' id='word_1_116' title='bbox 803 2339 904 2434; x_wconf 87' lang='lat' dir='ltr'><strong>prout</strong></span> <span class='ocrx_word' id='word_1_117' title='bbox 930 2337 1146 2434; x_wconf 84' lang='lat' dir='ltr'><strong>praedixerat</strong></span> <span class='ocrx_word' id='word_1_118' title='bbox 1163 2340 1357 2414; x_wconf 86' lang='lat' dir='ltr'><strong>euenerunt.</strong></span> <span class='ocrx_word' id='word_1_119' title='bbox 1386 2339 1481 2413; x_wconf 84' lang='lat' dir='ltr'><strong>Haee</strong></span> <span class='ocrx_word' id='word_1_120' title='bbox 1507 2359 1689 2434; x_wconf 85' lang='lat' dir='ltr'><strong>perennes</strong></span> 
     </span>
     <span class='ocr_line' id='line_1_13' title="bbox 137 2457 1690 2555; baseline 0.001 -24"><span class='ocrx_word' id='word_1_121' title='bbox 137 2458 212 2532; x_wconf 85' lang='lat' dir='ltr'><strong>oete</strong></span> <span class='ocrx_word' id='word_1_122' title='bbox 242 2459 278 2533; x_wconf 90' lang='lat' dir='ltr'><strong>et</strong></span> <span class='ocrx_word' id='word_1_123' title='bbox 302 2457 428 2554; x_wconf 78' lang='lat' dir='ltr'><strong>uiginti</strong></span> <span class='ocrx_word' id='word_1_124' title='bbox 455 2458 617 2552; x_wconf 77' lang='lat' dir='ltr'><strong>caelibem</strong></span> <span class='ocrx_word' id='word_1_125' title='bbox 644 2457 752 2534; x_wconf 85' lang='lat' dir='ltr'><strong>vitam</strong></span> <span class='ocrx_word' id='word_1_126' title='bbox 778 2460 914 2551; x_wconf 91' lang='lat' dir='ltr'><strong>dueens,</strong></span> <span class='ocrx_word' id='word_1_127' title='bbox 942 2461 985 2535; x_wconf 90' lang='lat' dir='ltr'><strong>ab</strong></span> <span class='ocrx_word' id='word_1_128' title='bbox 1013 2459 1105 2534; x_wconf 87' lang='lat' dir='ltr'><strong>omni</strong></span> <span class='ocrx_word' id='word_1_129' title='bbox 1132 2460 1291 2536; x_wconf 76' lang='lat' dir='ltr'><strong>illecebra</strong></span> <span class='ocrx_word' id='word_1_130' title='bbox 1309 2483 1442 2536; x_wconf 86' lang='lat' dir='ltr'><strong>earnem</strong></span> <span class='ocrx_word' id='word_1_131' title='bbox 1470 2461 1504 2536; x_wconf 94' lang='lat' dir='ltr'><strong>et</strong></span> <span class='ocrx_word' id='word_1_132' title='bbox 1532 2459 1690 2555; x_wconf 87' lang='lat' dir='ltr'><strong>spiritum</strong></span> 
     </span>
     <span class='ocr_line' id='line_1_14' title="bbox 138 2577 1764 2678; baseline 0.002 -26"><span class='ocrx_word' id='word_1_133' title='bbox 138 2577 343 2654; x_wconf 81' lang='lat' dir='ltr'><strong>anstudirit:</strong></span> <span class='ocrx_word' id='word_1_134' title='bbox 371 2582 407 2656; x_wconf 91' lang='lat' dir='ltr'><strong>et</strong></span> <span class='ocrx_word' id='word_1_135' title='bbox 433 2580 522 2674; x_wconf 86' lang='lat' dir='ltr'><strong>quod</strong></span> <span class='ocrx_word' id='word_1_136' title='bbox 548 2581 706 2656; x_wconf 89' lang='lat' dir='ltr'><strong>humanis</strong></span> <span class='ocrx_word' id='word_1_137' title='bbox 733 2581 938 2677; x_wconf 90' lang='lat' dir='ltr'><strong>stupendum</strong></span> <span class='ocrx_word' id='word_1_138' title='bbox 964 2584 1017 2658; x_wconf 87' lang='lat' dir='ltr'><strong>est</strong></span> <span class='ocrx_word' id='word_1_139' title='bbox 1043 2580 1210 2674; x_wconf 87' lang='lat' dir='ltr'><strong>sensibus,</strong></span> <span class='ocrx_word' id='word_1_140' title='bbox 1244 2581 1333 2658; x_wconf 92' lang='lat' dir='ltr'><strong>inter</strong></span> <span class='ocrx_word' id='word_1_141' title='bbox 1360 2581 1476 2678; x_wconf 89' lang='lat' dir='ltr'><strong>spinas</strong></span> <span class='ocrx_word' id='word_1_142' title='bbox 1502 2581 1593 2656; x_wconf 87' lang='lat' dir='ltr'><strong>theri</strong></span> <span class='ocrx_word' id='word_1_143' title='bbox 1620 2603 1691 2655; x_wconf 91' lang='lat' dir='ltr'><strong>ma·</strong></span> <span class='ocrx_word' id='word_1_144' title='bbox 1760 2665 1764 2670; x_wconf 44' lang='grc'>,</span> 
     </span>
     <span class='ocr_line' id='line_1_15' title="bbox 138 2699 1692 2797; baseline 0.002 -23"><span class='ocrx_word' id='word_1_145' title='bbox 138 2699 265 2793; x_wconf 77' lang='lat' dir='ltr'><strong>ritulis,</strong></span> <span class='ocrx_word' id='word_1_146' title='bbox 293 2723 364 2777; x_wconf 90' lang='lat' dir='ltr'><strong>una</strong></span> <span class='ocrx_word' id='word_1_147' title='bbox 390 2724 465 2778; x_wconf 86' lang='lat' dir='ltr'><strong>eum</strong></span> <span class='ocrx_word' id='word_1_148' title='bbox 492 2703 608 2778; x_wconf 87' lang='lat' dir='ltr'><strong>eedem</strong></span> <span class='ocrx_word' id='word_1_149' title='bbox 643 2703 876 2780; x_wconf 88' lang='lat' dir='ltr'><strong>illustrissime</strong></span> <span class='ocrx_word' id='word_1_150' title='bbox 909 2727 968 2779; x_wconf 88' lang='lat' dir='ltr'><strong>suo</strong></span> <span class='ocrx_word' id='word_1_151' title='bbox 995 2704 1118 2780; x_wconf 89' lang='lat' dir='ltr'><strong>marite</strong></span> <span class='ocrx_word' id='word_1_152' title='bbox 1144 2704 1303 2795; x_wconf 85' lang='lat' dir='ltr'><strong>Henrieo,</strong></span> <span class='ocrx_word' id='word_1_153' title='bbox 1339 2705 1440 2782; x_wconf 89' lang='lat' dir='ltr'><strong>sieuti</strong></span> <span class='ocrx_word' id='word_1_154' title='bbox 1476 2704 1588 2778; x_wconf 88' lang='lat' dir='ltr'><strong>lilium</strong></span> <span class='ocrx_word' id='word_1_155' title='bbox 1615 2725 1692 2797; x_wconf 84' lang='lat' dir='ltr'><strong>ger-</strong></span> 
     </span>
     <span class='ocr_line' id='line_1_16' title="bbox 139 2819 1693 2922; baseline 0.001 -26"><span class='ocrx_word' id='word_1_156' title='bbox 139 2819 298 2913; x_wconf 79' lang='lat' dir='ltr'><strong>minavit,</strong></span> <span class='ocrx_word' id='word_1_157' title='bbox 327 2825 364 2898; x_wconf 84' lang='lat' dir='ltr'><strong>&#39;et</strong></span> <span class='ocrx_word' id='word_1_158' title='bbox 388 2825 554 2916; x_wconf 81' lang='lat' dir='ltr'><strong>tanquam</strong></span> <span class='ocrx_word' id='word_1_159' title='bbox 580 2841 700 2900; x_wconf 88' lang='lat' dir='ltr'><strong>aurum</strong></span> <span class='ocrx_word' id='word_1_160' title='bbox 726 2825 763 2900; x_wconf 92' lang='lat' dir='ltr'><strong>in</strong></span> <span class='ocrx_word' id='word_1_161' title='bbox 790 2825 899 2900; x_wconf 90' lang='lat' dir='ltr'><strong>medie</strong></span> <span class='ocrx_word' id='word_1_162' title='bbox 926 2825 1155 2902; x_wconf 88' lang='lat' dir='ltr'><strong>ineendiorum</strong></span> <span class='ocrx_word' id='word_1_163' title='bbox 1181 2829 1332 2922; x_wconf 83' lang='lat' dir='ltr'><strong>prebete,</strong></span> <span class='ocrx_word' id='word_1_164' title='bbox 1360 2828 1575 2922; x_wconf 75' lang='lat' dir='ltr'><strong>voluptatum</strong></span> <span class='ocrx_word' id='word_1_165' title='bbox 1601 2824 1693 2920; x_wconf 82' lang='lat' dir='ltr'><strong>igni-</strong></span> 
     </span>
     <span class='ocr_line' id='line_1_17' title="bbox 138 2943 1190 3044; baseline 0.004 -26"><span class='ocrx_word' id='word_1_166' title='bbox 138 2943 203 3018; x_wconf 90' lang='lat' dir='ltr'><strong>bus</strong></span> <span class='ocrx_word' id='word_1_167' title='bbox 231 2965 293 3039; x_wconf 87' lang='lat' dir='ltr'><strong>per</strong></span> <span class='ocrx_word' id='word_1_168' title='bbox 319 2945 430 3020; x_wconf 87' lang='lat' dir='ltr'><strong>tetum</strong></span> <span class='ocrx_word' id='word_1_169' title='bbox 456 2948 591 3042; x_wconf 86' lang='lat' dir='ltr'><strong>tempus</strong></span> <span class='ocrx_word' id='word_1_170' title='bbox 616 2947 825 3044; x_wconf 76' lang='lat' dir='ltr'><strong>praedictum</strong></span> <span class='ocrx_word' id='word_1_171' title='bbox 851 2949 1007 3024; x_wconf 88' lang='lat' dir='ltr'><strong>aestuata</strong></span> <span class='ocrx_word' id='word_1_172' title='bbox 1033 2971 1100 3022; x_wconf 89' lang='lat' dir='ltr'><strong>nen</strong></span> <span class='ocrx_word' id='word_1_173' title='bbox 1126 2951 1190 3022; x_wconf 87' lang='lat' dir='ltr'><strong>eet.</strong></span> 
     </span>
    </p>
   </div>
   <div class='ocr_carea' id='block_1_7' title="bbox 602 3304 1242 3422">
    <p class='ocr_par' dir='ltr' id='par_1_7' title="bbox 602 3304 1242 3422">
     <span class='ocr_line' id='line_1_18' title="bbox 602 3304 1242 3422; baseline -0.005 -2"><span class='ocrx_word' id='word_1_174' title='bbox 602 3304 809 3422; x_wconf 81' lang='lat' dir='ltr'><strong>ANNUS</strong></span> <span class='ocrx_word' id='word_1_175' title='bbox 843 3305 1069 3421; x_wconf 82' lang='lat' dir='ltr'><strong>DOMINI</strong></span> <span class='ocrx_word' id='word_1_176' title='bbox 1104 3304 1242 3422; x_wconf 80' lang='lat'>1244.</span> 
     </span>
    </p>
   </div>
   <div class='ocr_carea' id='block_1_8' title="bbox 140 3551 1697 4012">
    <p class='ocr_par' dir='ltr' id='par_1_8' title="bbox 140 3551 1695 3645">
     <span class='ocr_line' id='line_1_19' title="bbox 140 3551 1695 3645; baseline 0 -17"><span class='ocrx_word' id='word_1_177' title='bbox 140 3551 311 3628; x_wconf 79' lang='lat' dir='ltr'><strong>dumadu</strong></span> <span class='ocrx_word' id='word_1_178' title='bbox 336 3555 501 3629; x_wconf 78' lang='lat' dir='ltr'><strong>luerim</strong></span> <span class='ocrx_word' id='word_1_179' title='bbox 526 3555 599 3628; x_wconf 83' lang='lat' dir='ltr'><strong>bu</strong></span> <span class='ocrx_word' id='word_1_180' title='bbox 624 3573 737 3632; x_wconf 81' lang='lat' dir='ltr'><strong>mreue</strong></span> <span class='ocrx_word' id='word_1_181' title='bbox 764 3575 838 3630; x_wconf 80' lang='lat' dir='ltr'><strong>erm</strong></span> <span class='ocrx_word' id='word_1_182' title='bbox 866 3559 1012 3632; x_wconf 84' lang='lat' dir='ltr'><strong>exereitn</strong></span> <span class='ocrx_word' id='word_1_183' title='bbox 1038 3557 1205 3632; x_wconf 78' lang='lat' dir='ltr'><strong>letaniam</strong></span> <span class='ocrx_word' id='word_1_184' title='bbox 1231 3554 1366 3645; x_wconf 79' lang='lat' dir='ltr'><strong>irretit,</strong></span> <span class='ocrx_word' id='word_1_185' title='bbox 1398 3559 1433 3629; x_wconf 83' lang='lat' dir='ltr'><strong>et</strong></span> <span class='ocrx_word' id='word_1_186' title='bbox 1457 3559 1565 3630; x_wconf 77' lang='lat' dir='ltr'><strong>terrae</strong></span> <span class='ocrx_word' id='word_1_187' title='bbox 1593 3557 1695 3629; x_wconf 83' lang='lat' dir='ltr'><strong>bubli-</strong></span> 
     </span>
    </p>

    <p class='ocr_par' dir='ltr' id='par_1_9' title="bbox 141 3676 1697 3771">
     <span class='ocr_line' id='line_1_20' title="bbox 141 3676 1697 3771; baseline 0 -23"><span class='ocrx_word' id='word_1_188' title='bbox 141 3693 278 3749; x_wconf 77' lang='lat' dir='ltr'><strong>nemn</strong></span> <span class='ocrx_word' id='word_1_189' title='bbox 305 3677 340 3748; x_wconf 90' lang='lat' dir='ltr'><strong>et</strong></span> <span class='ocrx_word' id='word_1_190' title='bbox 366 3676 709 3766; x_wconf 77' lang='lat' dir='ltr'><strong>sreereeuerierm,</strong></span> <span class='ocrx_word' id='word_1_191' title='bbox 744 3679 825 3752; x_wconf 78' lang='lat' dir='ltr'><strong>item</strong></span> <span class='ocrx_word' id='word_1_192' title='bbox 860 3677 991 3771; x_wconf 78' lang='lat' dir='ltr'><strong>praede</strong></span> <span class='ocrx_word' id='word_1_193' title='bbox 1027 3679 1237 3771; x_wconf 80' lang='lat' dir='ltr'><strong>epieeepetne</strong></span> <span class='ocrx_word' id='word_1_194' title='bbox 1273 3677 1494 3752; x_wconf 69' lang='lat' dir='ltr'><strong>britaniensis</strong></span> <span class='ocrx_word' id='word_1_195' title='bbox 1522 3677 1697 3750; x_wconf 86' lang='lat' dir='ltr'><strong>erudeliter</strong></span> 
     </span>
    </p>

    <p class='ocr_par' dir='ltr' id='par_1_10' title="bbox 141 3796 1694 4012">
     <span class='ocr_line' id='line_1_21' title="bbox 141 3796 1694 3892; baseline -0.001 -22"><span class='ocrx_word' id='word_1_196' title='bbox 141 3800 258 3872; x_wconf 67' lang='lat' dir='ltr'><strong>suut</strong></span> <span class='ocrx_word' id='word_1_197' title='bbox 284 3799 319 3870; x_wconf 81' lang='lat' dir='ltr'><strong>et</strong></span> <span class='ocrx_word' id='word_1_198' title='bbox 345 3796 497 3872; x_wconf 79' lang='lat' dir='ltr'><strong>ireeedit</strong></span> <span class='ocrx_word' id='word_1_199' title='bbox 540 3799 627 3872; x_wconf 85' lang='lat' dir='ltr'><strong>liure</strong></span> <span class='ocrx_word' id='word_1_200' title='bbox 654 3797 836 3872; x_wconf 69' lang='lat' dir='ltr'><strong>brendulis</strong></span> <span class='ocrx_word' id='word_1_201' title='bbox 864 3799 1036 3892; x_wconf 81' lang='lat' dir='ltr'><strong>eplreepur</strong></span> <span class='ocrx_word' id='word_1_202' title='bbox 1062 3798 1287 3873; x_wconf 81' lang='lat' dir='ltr'><strong>dranerlerrle</strong></span> <span class='ocrx_word' id='word_1_203' title='bbox 1323 3799 1452 3890; x_wconf 85' lang='lat' dir='ltr'><strong>publiea</strong></span> <span class='ocrx_word' id='word_1_204' title='bbox 1479 3798 1694 3870; x_wconf 77' lang='lat' dir='ltr'><strong>exeennnne</strong></span> 
     </span>
     <span class='ocr_line' id='line_1_22' title="bbox 373 3913 1176 4012; baseline 0.001 -19"><span class='ocrx_word' id='word_1_205' title='bbox 373 3913 377 3921; x_wconf 79' lang='grc'><strong>’</strong></span> <span class='ocrx_word' id='word_1_206' title='bbox 757 3925 867 3995; x_wconf 79' lang='lat' dir='ltr'><strong>eadum</strong></span> <span class='ocrx_word' id='word_1_207' title='bbox 894 3921 1091 4012; x_wconf 81' lang='lat' dir='ltr'><strong>prenuntiat</strong></span> <span class='ocrx_word' id='word_1_208' title='bbox 1173 3967 1176 3972; x_wconf 91' lang='lat'>-</span> 
     </span>
    </p>
   </div>
   <div class='ocr_carea' id='block_1_9' title="bbox 142 4155 1700 4860">
    <p class='ocr_par' dir='ltr' id='par_1_11' title="bbox 142 4155 1700 4860">
     <span class='ocr_line' id='line_1_23' title="bbox 251 4155 1694 4256; baseline -0.001 -22"><span class='ocrx_word' id='word_1_209' title='bbox 251 4155 388 4234; x_wconf 71' lang='lat' dir='ltr'><strong>cladem</strong></span> <span class='ocrx_word' id='word_1_210' title='bbox 415 4180 511 4236; x_wconf 88' lang='lat' dir='ltr'><strong>suam</strong></span> <span class='ocrx_word' id='word_1_211' title='bbox 536 4159 627 4255; x_wconf 87' lang='lat' dir='ltr'><strong>apud</strong></span> <span class='ocrx_word' id='word_1_212' title='bbox 653 4159 800 4236; x_wconf 84' lang='lat' dir='ltr'><strong>Sunbdol</strong></span> <span class='ocrx_word' id='word_1_213' title='bbox 816 4160 843 4256; x_wconf 77' lang='lat'><strong>²)</strong></span> <span class='ocrx_word' id='word_1_214' title='bbox 884 4162 1056 4256; x_wconf 87' lang='lat' dir='ltr'><strong>aeeepta&#39;rn</strong></span> <span class='ocrx_word' id='word_1_215' title='bbox 1092 4159 1267 4234; x_wconf 80' lang='lat' dir='ltr'><strong>dunrudus</strong></span> <span class='ocrx_word' id='word_1_216' title='bbox 1303 4158 1468 4235; x_wconf 83' lang='lat' dir='ltr'><strong>Maeoniae</strong></span> <span class='ocrx_word' id='word_1_217' title='bbox 1495 4160 1574 4232; x_wconf 81' lang='lat' dir='ltr'><strong>Dur</strong></span> <span class='ocrx_word' id='word_1_218' title='bbox 1601 4155 1694 4232; x_wconf 87' lang='lat' dir='ltr'><strong>ultn·</strong></span> 
     </span>
     <span class='ocr_line' id='line_1_24' title="bbox 142 4280 1698 4377; baseline -0.001 -22"><span class='ocrx_word' id='word_1_219' title='bbox 142 4301 214 4373; x_wconf 88' lang='lat' dir='ltr'><strong>rue,</strong></span> <span class='ocrx_word' id='word_1_220' title='bbox 251 4280 452 4372; x_wconf 86' lang='lat' dir='ltr'><strong>bitbuenos,</strong></span> <span class='ocrx_word' id='word_1_221' title='bbox 489 4281 680 4356; x_wconf 89' lang='lat' dir='ltr'><strong>Pruthenes</strong></span> <span class='ocrx_word' id='word_1_222' title='bbox 715 4285 751 4356; x_wconf 90' lang='lat' dir='ltr'><strong>et</strong></span> <span class='ocrx_word' id='word_1_223' title='bbox 786 4282 991 4377; x_wconf 80' lang='lat' dir='ltr'><strong>learninges</strong></span> <span class='ocrx_word' id='word_1_224' title='bbox 1027 4284 1143 4357; x_wconf 87' lang='lat' dir='ltr'><strong>eontra</strong></span> <span class='ocrx_word' id='word_1_225' title='bbox 1177 4282 1333 4376; x_wconf 86' lang='lat' dir='ltr'><strong>repetem</strong></span> <span class='ocrx_word' id='word_1_226' title='bbox 1369 4301 1467 4354; x_wconf 90' lang='lat' dir='ltr'><strong>sunm</strong></span> <span class='ocrx_word' id='word_1_227' title='bbox 1502 4280 1698 4355; x_wconf 87' lang='lat' dir='ltr'><strong>Bele‘slaum</strong></span> 
     </span>
     <span class='ocr_line' id='line_1_25' title="bbox 142 4401 1698 4495; baseline -0.003 -18"><span class='ocrx_word' id='word_1_228' title='bbox 142 4401 311 4477; x_wconf 85' lang='lat' dir='ltr'><strong>Pudieum</strong></span> <span class='ocrx_word' id='word_1_229' title='bbox 338 4401 589 4477; x_wconf 82' lang='lat' dir='ltr'><strong>Oreeeriensem</strong></span> <span class='ocrx_word' id='word_1_230' title='bbox 616 4402 755 4494; x_wconf 89' lang='lat' dir='ltr'><strong>Dueem,</strong></span> <span class='ocrx_word' id='word_1_231' title='bbox 783 4423 804 4476; x_wconf 89' lang='lat' dir='ltr'><strong>a</strong></span> <span class='ocrx_word' id='word_1_232' title='bbox 830 4425 896 4495; x_wconf 88' lang='lat' dir='ltr'><strong>quo</strong></span> <span class='ocrx_word' id='word_1_233' title='bbox 922 4403 1097 4477; x_wconf 73' lang='lat' dir='ltr'><strong>condictus</strong></span> <span class='ocrx_word' id='word_1_234' title='bbox 1124 4402 1248 4493; x_wconf 91' lang='lat' dir='ltr'><strong>fuerat,</strong></span> <span class='ocrx_word' id='word_1_235' title='bbox 1277 4403 1312 4476; x_wconf 92' lang='lat' dir='ltr'><strong>et</strong></span> <span class='ocrx_word' id='word_1_236' title='bbox 1339 4403 1456 4475; x_wconf 87' lang='lat' dir='ltr'><strong>eontra</strong></span> <span class='ocrx_word' id='word_1_237' title='bbox 1482 4402 1591 4476; x_wconf 88' lang='lat' dir='ltr'><strong>terres</strong></span> <span class='ocrx_word' id='word_1_238' title='bbox 1618 4422 1698 4474; x_wconf 87' lang='lat' dir='ltr'><strong>sues</strong></span> 
     </span>
     <span class='ocr_line' id='line_1_26' title="bbox 143 4521 1699 4619; baseline -0.001 -21"><span class='ocrx_word' id='word_1_239' title='bbox 143 4544 245 4619; x_wconf 83' lang='lat' dir='ltr'><strong>praee</strong></span> <span class='ocrx_word' id='word_1_240' title='bbox 272 4525 309 4598; x_wconf 89' lang='lat' dir='ltr'><strong>et</strong></span> <span class='ocrx_word' id='word_1_241' title='bbox 333 4522 443 4618; x_wconf 89' lang='lat' dir='ltr'><strong>pretio</strong></span> <span class='ocrx_word' id='word_1_242' title='bbox 480 4525 652 4600; x_wconf 87' lang='lat' dir='ltr'><strong>subornat.</strong></span> <span class='ocrx_word' id='word_1_243' title='bbox 698 4523 765 4616; x_wconf 82' lang='lat' dir='ltr'><strong>Qui</strong></span> <span class='ocrx_word' id='word_1_244' title='bbox 799 4526 926 4599; x_wconf 86' lang='lat' dir='ltr'><strong>terram</strong></span> <span class='ocrx_word' id='word_1_245' title='bbox 961 4523 1202 4599; x_wconf 81' lang='lat' dir='ltr'><strong>bublinensem</strong></span> <span class='ocrx_word' id='word_1_246' title='bbox 1238 4523 1275 4597; x_wconf 91' lang='lat' dir='ltr'><strong>in</strong></span> <span class='ocrx_word' id='word_1_247' title='bbox 1310 4521 1444 4617; x_wconf 86' lang='lat' dir='ltr'><strong>eopiosa</strong></span> <span class='ocrx_word' id='word_1_248' title='bbox 1479 4521 1699 4597; x_wconf 87' lang='lat' dir='ltr'><strong>multitudine</strong></span> 
     </span>
     <span class='ocr_line' id='line_1_27' title="bbox 144 4643 1700 4740; baseline -0.001 -22"><span class='ocrx_word' id='word_1_249' title='bbox 144 4643 300 4736; x_wconf 87' lang='lat' dir='ltr'><strong>equitnm</strong></span> <span class='ocrx_word' id='word_1_250' title='bbox 327 4645 363 4718; x_wconf 90' lang='lat' dir='ltr'><strong>et</strong></span> <span class='ocrx_word' id='word_1_251' title='bbox 388 4643 541 4739; x_wconf 90' lang='lat' dir='ltr'><strong>peditum</strong></span> <span class='ocrx_word' id='word_1_252' title='bbox 576 4643 742 4740; x_wconf 75' lang='lat' dir='ltr'><strong>ingressi,</strong></span> <span class='ocrx_word' id='word_1_253' title='bbox 780 4643 889 4740; x_wconf 87' lang='lat' dir='ltr'><strong>ipsam</strong></span> <span class='ocrx_word' id='word_1_254' title='bbox 924 4665 1031 4737; x_wconf 90' lang='lat' dir='ltr'><strong>usque</strong></span> <span class='ocrx_word' id='word_1_255' title='bbox 1058 4645 1101 4718; x_wconf 82' lang='lat' dir='ltr'><strong>ad</strong></span> <span class='ocrx_word' id='word_1_256' title='bbox 1126 4643 1251 4718; x_wconf 88' lang='lat' dir='ltr'><strong>flumen</strong></span> <span class='ocrx_word' id='word_1_257' title='bbox 1277 4643 1410 4734; x_wconf 87' lang='lat' dir='ltr'><strong>Wisla,</strong></span> <span class='ocrx_word' id='word_1_258' title='bbox 1448 4643 1544 4716; x_wconf 89' lang='lat' dir='ltr'><strong>nulle</strong></span> <span class='ocrx_word' id='word_1_259' title='bbox 1570 4643 1700 4716; x_wconf 84' lang='lat' dir='ltr'><strong>ferente</strong></span> 
     </span>
     <span class='ocr_line' id='line_1_28' title="bbox 144 4761 1699 4860; baseline -0.004 -20"><span class='ocrx_word' id='word_1_260' title='bbox 144 4786 256 4860; x_wconf 88' lang='lat' dir='ltr'><strong>opem,</strong></span> <span class='ocrx_word' id='word_1_261' title='bbox 285 4763 456 4840; x_wconf 82' lang='lat' dir='ltr'><strong>barbaries</strong></span> <span class='ocrx_word' id='word_1_262' title='bbox 474 4787 564 4841; x_wconf 89' lang='lat' dir='ltr'><strong>more</strong></span> <span class='ocrx_word' id='word_1_263' title='bbox 583 4765 776 4859; x_wconf 76' lang='lat' dir='ltr'><strong>crudeliter,</strong></span> <span class='ocrx_word' id='word_1_264' title='bbox 805 4787 921 4842; x_wconf 85' lang='lat' dir='ltr'><strong>omnes</strong></span> <span class='ocrx_word' id='word_1_265' title='bbox 946 4765 1129 4841; x_wconf 86' lang='lat' dir='ltr'><strong>eutholieas</strong></span> <span class='ocrx_word' id='word_1_266' title='bbox 1147 4763 1386 4838; x_wconf 83' lang='lat' dir='ltr'><strong>inflammando</strong></span> <span class='ocrx_word' id='word_1_267' title='bbox 1413 4763 1588 4852; x_wconf 76' lang='lat' dir='ltr'><strong>eeclesias,</strong></span> <span class='ocrx_word' id='word_1_268' title='bbox 1617 4761 1699 4836; x_wconf 90' lang='lat' dir='ltr'><strong>item</strong></span> 
     </span>
    </p>
   </div>
   <div class='ocr_carea' id='block_1_10' title="bbox 1 4879 1698 4985">
    <p class='ocr_par' dir='ltr' id='par_1_12' title="bbox 1 4879 1698 4985">
     <span class='ocr_line' id='line_1_29' title="bbox 1 4879 1698 4985; baseline -0.004 -22"><span class='ocrx_word' id='word_1_269' title='bbox 1 4982 2 4985; x_wconf 5' lang='lat' dir='ltr'><strong>p</strong></span> <span class='ocrx_word' id='word_1_270' title='bbox 144 4879 523 4982; x_wconf 65' lang='lat' dir='ltr'><strong>smmuonensemp</strong></span> <span class='ocrx_word' id='word_1_271' title='bbox 551 4889 587 4963; x_wconf 93' lang='lat' dir='ltr'><strong>et</strong></span> <span class='ocrx_word' id='word_1_272' title='bbox 603 4887 850 4964; x_wconf 81' lang='lat' dir='ltr'><strong>buloniensem</strong></span> <span class='ocrx_word' id='word_1_273' title='bbox 876 4885 1052 4962; x_wconf 74' lang='lat' dir='ltr'><strong>districtus</strong></span> <span class='ocrx_word' id='word_1_274' title='bbox 1066 4885 1094 4980; x_wconf 61' lang='grc' dir='ltr'><strong>Ι)</strong></span> <span class='ocrx_word' id='word_1_275' title='bbox 1121 4886 1311 4976; x_wconf 83' lang='lat' dir='ltr'><strong>uastarunt,</strong></span> <span class='ocrx_word' id='word_1_276' title='bbox 1340 4883 1550 4979; x_wconf 81' lang='lat' dir='ltr'><strong>adpraedam</strong></span> <span class='ocrx_word' id='word_1_277' title='bbox 1577 4882 1698 4976; x_wconf 85' lang='lat' dir='ltr'><strong>ingen·</strong></span> 
     </span>
    </p>
   </div>
   <div class='ocr_carea' id='block_1_11' title="bbox 144 5005 1700 5252">
    <p class='ocr_par' dir='ltr' id='par_1_13' title="bbox 144 5005 1700 5252">
     <span class='ocr_line' id='line_1_30' title="bbox 144 5005 1698 5102; baseline -0.005 -20"><span class='ocrx_word' id='word_1_278' title='bbox 144 5008 217 5082; x_wconf 86' lang='lat' dir='ltr'><strong>tem</strong></span> <span class='ocrx_word' id='word_1_279' title='bbox 243 5006 316 5082; x_wconf 85' lang='lat' dir='ltr'><strong>tam</strong></span> <span class='ocrx_word' id='word_1_280' title='bbox 341 5005 517 5083; x_wconf 86' lang='lat' dir='ltr'><strong>bominum</strong></span> <span class='ocrx_word' id='word_1_281' title='bbox 543 5007 719 5102; x_wconf 86' lang='lat' dir='ltr'><strong>utriusque</strong></span> <span class='ocrx_word' id='word_1_282' title='bbox 745 5029 847 5084; x_wconf 85' lang='lat' dir='ltr'><strong>sexus</strong></span> <span class='ocrx_word' id='word_1_283' title='bbox 872 5007 988 5083; x_wconf 85' lang='lat' dir='ltr'><strong>variae</strong></span> <span class='ocrx_word' id='word_1_284' title='bbox 1014 5005 1236 5099; x_wconf 79' lang='lat' dir='ltr'><strong>conditionis,</strong></span> <span class='ocrx_word' id='word_1_285' title='bbox 1272 5027 1373 5099; x_wconf 85' lang='lat' dir='ltr'><strong>quam</strong></span> <span class='ocrx_word' id='word_1_286' title='bbox 1401 5026 1557 5099; x_wconf 86' lang='lat' dir='ltr'><strong>peeerum</strong></span> <span class='ocrx_word' id='word_1_287' title='bbox 1583 5005 1619 5078; x_wconf 89' lang='lat' dir='ltr'><strong>et</strong></span> <span class='ocrx_word' id='word_1_288' title='bbox 1644 5023 1698 5076; x_wconf 90' lang='lat' dir='ltr'><strong>re·</strong></span> 
     </span>
     <span class='ocr_line' id='line_1_31' title="bbox 145 5125 1700 5252; baseline -0.004 -49"><span class='ocrx_word' id='word_1_289' title='bbox 145 5147 223 5205; x_wconf 88' lang='lat' dir='ltr'><strong>mm</strong></span> <span class='ocrx_word' id='word_1_290' title='bbox 249 5127 287 5204; x_wconf 92' lang='lat' dir='ltr'><strong>in</strong></span> <span class='ocrx_word' id='word_1_291' title='bbox 312 5131 422 5206; x_wconf 85' lang='lat' dir='ltr'><strong>terras</strong></span> <span class='ocrx_word' id='word_1_292' title='bbox 448 5149 528 5205; x_wconf 88' lang='lat' dir='ltr'><strong>suas</strong></span> <span class='ocrx_word' id='word_1_293' title='bbox 553 5129 831 5225; x_wconf 85' lang='lat' dir='ltr'><strong>transportarunt</strong></span> <span class='ocrx_word' id='word_1_294' title='bbox 856 5130 892 5206; x_wconf 89' lang='lat' dir='ltr'><strong>et</strong></span> <span class='ocrx_word' id='word_1_295' title='bbox 918 5129 1117 5252; x_wconf 79' lang='lat' dir='ltr'><strong>abegerunt.</strong></span> <span class='ocrx_word' id='word_1_296' title='bbox 1144 5125 1198 5203; x_wconf 78' lang='lat' dir='ltr'><strong>Ab</strong></span> <span class='ocrx_word' id='word_1_297' title='bbox 1215 5149 1254 5204; x_wconf 88' lang='lat' dir='ltr'><strong>ee</strong></span> <span class='ocrx_word' id='word_1_298' title='bbox 1272 5148 1403 5222; x_wconf 83' lang='lat' dir='ltr'><strong>queque</strong></span> <span class='ocrx_word' id='word_1_299' title='bbox 1430 5128 1580 5220; x_wconf 87' lang='lat' dir='ltr'><strong>tempere</strong></span> <span class='ocrx_word' id='word_1_300' title='bbox 1606 5126 1700 5199; x_wconf 90' lang='lat' dir='ltr'><strong>terra</strong></span> 
     </span>
    </p>
   </div>
   <div class='ocr_carea' id='block_1_12' title="bbox 148 5399 1698 5692">
    <p class='ocr_par' dir='ltr' id='par_1_14' title="bbox 148 5399 1698 5692">
     <span class='ocr_line' id='line_1_32' title="bbox 256 5399 1698 5488; baseline -0.004 -18"><span class='ocrx_word' id='word_1_301' title='bbox 256 5403 281 5488; x_wconf 85' lang='lat'><strong>¹)</strong></span> <span class='ocrx_word' id='word_1_302' title='bbox 303 5411 424 5472; x_wconf 86' lang='lat' dir='ltr'><strong>sinistra</strong></span> <span class='ocrx_word' id='word_1_303' title='bbox 449 5405 521 5471; x_wconf 77' lang='lat' dir='ltr'><strong>eos.</strong></span> <span class='ocrx_word' id='word_1_304' title='bbox 542 5403 637 5472; x_wconf 73' lang='lat' dir='ltr'><strong>Beer.</strong></span> <span class='ocrx_word' id='word_1_305' title='bbox 675 5406 874 5486; x_wconf 74' lang='lat' dir='ltr'><strong>&#39;lbnebedel</strong></span> <span class='ocrx_word' id='word_1_306' title='bbox 902 5405 974 5470; x_wconf 80' lang='lat' dir='ltr'><strong>soa.</strong></span> <span class='ocrx_word' id='word_1_307' title='bbox 997 5407 1089 5470; x_wconf 72' lang='lat' dir='ltr'><strong>Rure.</strong></span> <span class='ocrx_word' id='word_1_308' title='bbox 1128 5401 1477 5484; x_wconf 80' lang='lat' dir='ltr'><strong>³)Sieenieeborieueem</strong></span> <span class='ocrx_word' id='word_1_309' title='bbox 1510 5399 1592 5464; x_wconf 57' lang='lat' dir='ltr'><strong>ssed„</strong></span> <span class='ocrx_word' id='word_1_310' title='bbox 1605 5401 1698 5464; x_wconf 72' lang='lat' dir='ltr'><strong>Rom</strong></span> 
     </span>
     <span class='ocr_line' id='line_1_33' title="bbox 148 5504 1649 5592; baseline -0.008 -17"><span class='ocrx_word' id='word_1_311' title='bbox 148 5504 177 5592; x_wconf 80' lang='lat'><strong>⁴)</strong></span> <span class='ocrx_word' id='word_1_312' title='bbox 200 5512 367 5575; x_wconf 75' lang='lat' dir='ltr'><strong>districtum</strong></span> <span class='ocrx_word' id='word_1_313' title='bbox 397 5513 471 5576; x_wconf 74' lang='lat' dir='ltr'><strong>(led.</strong></span> <span class='ocrx_word' id='word_1_314' title='bbox 493 5513 586 5576; x_wconf 72' lang='lat' dir='ltr'><strong>Rosr.</strong></span> <span class='ocrx_word' id='word_1_315' title='bbox 1569 5508 1572 5515; x_wconf 80' lang='grc'>’</span> <span class='ocrx_word' id='word_1_316' title='bbox 1647 5525 1649 5530; x_wconf 96' lang='grc'><strong><em>·</em></strong></span> 
     </span>
     <span class='ocr_line' id='line_1_34' title="bbox 198 5613 1544 5692; baseline -0.011 -16"><span class='ocrx_word' id='word_1_317' title='bbox 198 5629 609 5692; x_wconf 53' lang='lat' dir='ltr'><strong>amnemamnem</strong></span> <span class='ocrx_word' id='word_1_318' title='bbox 1512 5613 1544 5662; x_wconf 87' lang='lat' dir='ltr'><strong>ae</strong></span> 
     </span>
    </p>
   </div>
   <div class='ocr_carea' id='block_1_13' title="bbox 0 0 2087 6292">
    <p class='ocr_par' dir='ltr' id='par_1_15' title="bbox 0 0 2087 6292">
     <span class='ocr_line' id='line_1_35' title="bbox 0 0 2087 6292; baseline 0 0"><span class='ocrx_word' id='word_1_319' title='bbox 0 0 2087 6292; x_wconf 95' lang='lat' dir='ltr'><strong> </strong></span> 
     </span>
    </p>
   </div>
  </div>
 </body>
</html>
