4172 6278
1012 571 1124 627 nnana
1151 571 1304 628 enxroe.
1559 589 1564 597 ·
1655 551 1724 656 (Α.
1745 551 1792 631 D.
1812 551 1927 658 1218.)

836 963 1043 1079 ANNUS
1078 963 1304 1078 DOMINI
1338 965 1471 1080 lars.

378 1251 565 1324 tineentiua
600 1251 774 1341 episeopus
816 1249 1041 1324 bracariensis
1085 1249 1232 1341 resignat
1271 1249 1512 1342 001000001οη
1562 1249 1615 1322 tui
1649 1251 1705 1325 lro
1741 1250 1929 1340 auooedenr,

377 1373 511 1444 bornam
542 1389 615 1442 euro
641 1371 800 1443 lauatono
828 1369 1045 1444 bdrowonaolr
1071 1388 1128 1461 pro
1155 1369 1337 1462 pontitoall
1365 1371 1607 1444 assumtione
1635 1372 1737 1462 petit:
1773 1373 1829 1444 ubi
1855 1372 1929 1444 bea·

378 1498 449 1566 turn
474 1493 674 1564 1100010100οι
702 1492 901 1584 nonperiens
929 1496 963 1565 et
989 1493 1146 1565 niraoulo
1172 1491 1303 1581 uidens,
1340 1491 1483 1565 obtinuit
1518 1493 1708 1565 lnoalronen
1741 1494 1928 1566 oanoniomn

379 1613 621 1690 trneooiuaen
649 1619 683 1687 et
708 1618 777 1687 tres
805 1613 890 1685 alios
918 1632 990 1686 euru
1018 1632 1055 1685 eo
1084 1611 1773 1706 1000110000000001;11000011000000
1801 1616 1835 1687 in
1861 1633 1929 1688 no·

805 1736 984 1808 neoterium
1009 1733 1263 1808 tndmeorionre
1290 1753 1327 1807 re
1354 1735 1504 1809 eontulit.

483 1979 618 2053 Statum
654 1999 750 2054 suurn
783 1975 1013 2073 pontificalem
1040 1973 1240 2086 Vincentius
1267 1975 1505 2052 Kadlubkonis
1540 1974 1768 2053 (1000001000ἰο
1803 1975 1930 2073 episeo-

379 2123 442 2197 pus
469 2100 669 2194 intelligens
697 2099 838 2174 diuersis
866 2098 955 2173 00010
982 2100 1017 2174 01
1044 2097 1204 2194 perieulis
1231 2096 1437 2193 implicitum
1463 2119 1556 2190 esse,
1594 2121 1637 2172 ex
1664 2099 1785 2194 pelago
1813 2098 1931 2173 multi·

379 2223 540 2296 lariorum
575 2219 829 2316 naufragiorum
864 2241 1044 2311 euasurus,
1081 2241 1157 2294 oum
1184 2217 1472 2294 0000101000000
1499 2218 1670 2294 doetrinae
1698 2221 1733 2294 01
1758 2217 1933 2315 religionis

378 2344 573 2434 immensae,
602 2340 822 2437 episeopatui,
850 2362 950 2434 quem
976 2339 1075 2414 annis
1103 2362 1206 2434 prope
1233 2339 1301 2414 iam
1320 2338 1492 2415 duodeoim
1519 2341 1681 2434 gesserat,
1700 2341 1893 2416 ¹sedendum
1910 2341 1934 2434 ¹)

379 2463 537 2540 demerit.
565 2463 607 2537 Id
625 2463 705 2536 dum
731 2462 833 2556 longo
861 2463 941 2536 ante
968 2463 1119 2556 tempore
1146 2457 1304 2556 perfioere
1330 2460 1506 2552 nequisset
1520 2461 1559 2556 ²),
1587 2461 1843 2536 aduersantibus
1862 2461 1934 2535 eius

379 2587 496 2660 saneto
534 2583 705 2680 proposito
740 2583 910 2659 Leetkone
937 2581 1024 2658 Albo
1051 2584 1142 2657 Duos
1169 2584 1205 2658 et
1230 2581 1440 2659 Graoouiensi
1467 2581 1645 2677 Capitale,
1682 2581 1741 2674 qui
1768 2582 1933 2658 0111000-

380 2706 551 2802 publioam
578 2707 614 2780 et
640 2704 815 2781 0001001000
842 2727 984 2799 persona
1010 2706 1082 2778 tam
1108 2703 1246 2799 egregia
1267 2707 1302 2778 et
1320 2702 1448 2799 insigni
1476 2703 1659 2798 spoliatum
1686 2703 1728 2777 iri
1757 2703 1933 2779 vehemen-

380 2830 434 2904 ter
460 2827 668 2918 indolebant,
697 2827 834 2902 tandem
861 2823 1093 2918 frequentibus
1121 2825 1275 2920 precibus
1302 2827 1337 2900 et
1362 2823 1559 2901 humilitate
1585 2824 1772 2920 profunda,
1810 2826 1845 2899 01
1872 2825 1934 2899 du-

381 2950 487 3025 oalem
522 2950 557 3024 et
591 2947 814 3043 capitularem
849 2945 1068 3022 senitentiam
1103 2945 1325 3042 expugnarit.
1379 2945 1439 3021 001
1475 2947 1555 3021 dum
1590 2966 1761 3022 000000οο0
1796 2945 1936 3022 idoneus

381 3071 615 3164 quaereretur,
644 3069 747 3164 inoff)
773 3068 866 3143 filius
893 3067 1008 3143 Saulis
1034 3067 1174 3144 (fomitis
1201 3069 1241 3143 de
1268 3068 1427 3160 Konske,
1464 3089 1586 3164 genere
1613 3067 1738 3143 nobilis
1764 3067 1805 3144 de
1841 3069 1936 3144 domo

381 3191 604 3268 Odrouansoh
639 3192 674 3266 et
700 3190 837 3266 natione
872 3191 1040 3282 Polonus,
1077 3189 1194 3266 oantor
1229 3189 1455 3282 dnesnensis,
1492 3187 1672 3265 eanonicus
1702 3189 1932 3266 Crotoniensis

382 3317 417 3389 et
451 3312 532 3387 nini
567 3311 749 3388 Lostluonis
779 3311 1006 3388 Oraoouiensis
1041 3313 1076 3387 et
1113 3310 1393 3387 Sandomiriensis
1429 3309 1533 3386 Duois
1568 3311 1809 3404 oaneellarius,
1846 3310 1936 3388 inter

382 3437 529 3510 nesteros
546 3434 631 3510 Daoi
649 3435 684 3511 et
702 3433 858 3529 Capitale
886 3433 1020 3529 dignior
1046 3433 1234 3526 uidebatur,
1263 3433 1322 3527 qui
1352 3434 1387 3509 et
1405 3433 1543 3529 propter
1569 3433 1747 3509 literarum
1774 3432 1934 3529 peritiam

382 3559 417 3633 et
444 3555 642 3651 prudentiae
681 3556 849 3631 humanae
875 3555 1043 3650 fulgorem
1070 3554 1249 3631 Vinoentio
1276 3553 1313 3629 in
1339 3554 1533 3650 episcopatu
1561 3555 1764 3632 suaoederet.
1811 3555 1937 3630 Verum

383 3679 462 3752 dum
499 3677 535 3751 10
571 3676 781 3753 admittenda
816 3676 988 3752 Vincentii
1024 3675 1173 3752 sessione
1208 3699 1268 3772 per
1302 3675 1477 3750 Summum
1512 3675 1711 3754 Pontificem
1746 3674 1935 3752 difdoultas

382 3799 570 3890 timeretur,
599 3800 658 3873 100
672 3797 698 3893 ⁴)
726 3801 898 3893 assumpto
929 3797 995 3873 sibi
1021 3797 1057 3871 in
1084 3797 1240 3873 comitem
1267 3800 1302 3873 et
1329 3798 1553 3874 oonsultorem
1589 3799 1755 3874 Iaoalrone
1782 3798 1823 3873 de
1850 3799 1939 3893 Opo-

383 3920 484 3996 liensi
520 3919 693 4014 prorinoia
720 3920 755 3994 et
782 3918 866 3994 uilla
899 3919 1019 3993 Lanka
1054 3921 1146 4010 orto,
1183 3917 1340 3995 eanonioo
1368 3917 1597 4010 Granouiensi,
1635 3918 1708 3993 viro
1743 3920 1878 3994 sensato
1904 3920 1939 3994 et

382 4040 562 4131 industrio,
592 4041 634 4114 ad
660 4038 848 4115 Honorium
875 4039 1016 4115 tertium
1043 4039 1080 4114 in
1106 4040 1233 4114 Urbem
1260 4061 1296 4115 se
1322 4039 1479 4131 eontulit,
1508 4041 1544 4115 et
1569 4041 1641 4114 tam
1668 4038 1839 4115 1110000111
1867 4061 1937 4115 oes-

385 4161 511 4236 0100000
547 4159 703 4252 admitti,
742 4183 843 4251 quam
880 4181 977 4234 suam
1012 4159 1276 4236 nominationem
1311 4159 1501 4235 eonfirmari
1536 4161 1572 4236 et
1611 4159 1648 4234 in
1685 4159 1937 4236 cracoviensem

384 4281 578 4377 episeopum
597 4303 632 4356 se
650 4282 847 4376 promoueri,
876 4301 1053 4375 personam
1081 4303 1177 4356 suam
1195 4280 1344 4376 Ugolino
1371 4281 1525 4376 episeopo
1548 4279 1721 4355 Gardinali
1747 4279 1896 4357 Ostiensi
1911 4281 1939 4375 ⁵)

385 4404 523 4497 propter
549 4401 819 4478 familiaritatem
848 4401 1074 4497 praeeipuam,
1105 4425 1207 4495 quam
1232 4401 1376 4478 10010000
1402 4401 1439 4476 10
1457 4401 1568 4477 madio
1595 4400 1779 4478 Parisiensi
1806 4403 1939 4477 eontra·

385 4527 517 4614 xerunt,
551 4545 663 4598 eoram
689 4525 784 4618 Papa
810 4524 846 4599 et
872 4523 1103 4599 dandinalium
1139 4523 1282 4619 eollegio
1310 4523 1392 4598 altis
1427 4524 1587 4599 efferente
1622 4522 1800 4614 laudibus,
1840 4522 1940 4598 faoile

385 4643 544 4719 obtinuit.
599 4642 663 4738 Qui
690 4645 770 4718 dum
796 4645 923 4721 Romae
958 4645 1177 4740 promotionis
1213 4667 1292 4720 0000
1327 4644 1538 4740 pertraotans
1573 4643 1709 4739 negotia
1741 4645 1939 4735 moraretur,

385 4767 522 4841 beatum
548 4764 760 4842 Dominioum
787 4765 920 4861 magnis
946 4765 1014 4841 iem
1040 4765 1204 4862 prodigiis
1230 4764 1331 4842 initia
1366 4789 1446 4842 suae
1482 4764 1677 4841 sanctitatis
1703 4765 1739 4842 01
1765 4764 1942 4861 religionis

386 4887 615 4962 deelarantem
641 4885 753 4962 ridere
781 4889 816 4961 01
842 4886 915 4962 0100
950 4887 1113 4962 familiari
1148 4886 1399 4964 conuersatione
1425 4886 1498 4979 uti,
1526 4885 1837 4983 praedicationique
1864 4909 1943 4962 suae

386 5029 498 5083 eoram
525 5007 686 5083 interesse
713 5007 911 5103 promeruit.
939 5010 985 5082 Et
1011 5030 1088 5084 eum
1114 5008 1168 5085 die
1195 5009 1340 5101 quadarn
1367 5009 1561 5104 Stephanus
1580 5007 1770 5084 Gardinelis
1793 5007 1941 5083 001800-

387 5131 480 5204 otum
508 5128 656 5220 Sintum,
684 5128 743 5204 ubi
770 5127 822 5204 010
848 5128 911 5206 Dei
935 5129 1131 5206 Dominious
1157 5151 1233 5206 oum
1262 5128 1425 5205 fratribus
1452 5128 1523 5205 suis
1550 5129 1754 5222 morabatur,
1782 5127 1943 5219 uenisset,

498 5404 522 5485 ¹)
545 5406 651 5469 sedere
673 5407 734 5469 Ed.
756 5407 851 5470 Dobr.
883 5355 910 5486 f)
933 5407 1064 5484 nequivit
1086 5407 1145 5472 Ed.
1167 5407 1261 5472 Dobr.
1292 5405 1319 5486 ³)
1341 5407 1418 5470 Hivo
1437 5403 1508 5472 0001.
1531 5404 1605 5469 Αο1.
1638 5402 1666 5486 ⁴)
1690 5403 1761 5468 on
1778 5402 1941 5472 00010101.

393 5505 421 5554 aa
446 5510 604 5574 Hostianri
630 5510 701 5576 Ood.
723 5509 797 5582 Aoo.
