4192 6272
401 554 476 628 rm
995 573 1106 626 omna
1133 573 1327 628 sensurus.
1669 551 1736 646 (Α.
1757 551 1803 626 D.
1823 551 1946 646 mee.)

399 761 516 837 Ottoni
543 759 729 836 Marotiam
755 760 994 836 Budissensem
1022 782 1097 834 curn
1125 761 1299 836 nonnullis
1329 760 1451 836 cestris
1478 763 1513 836 et
1544 761 1677 856 oppidis
1696 761 1730 835 in
1749 765 1945 858 perpetuam

399 883 643 959 haereditatem
670 885 705 957 et
732 883 986 977 possessionem,
1016 885 1051 958 et
1070 883 1094 976 ¹)
1120 883 1266 977 triginta
1292 883 1440 976 quinque
1467 882 1578 958 millia
1604 884 1757 978 argenti,
1787 906 1823 959 se
1849 885 1946 959 datu·

399 1027 465 1080 ros.
493 1006 558 1078 Hie
584 1005 714 1079 duabus
741 1003 988 1080 conditionibus
1015 1005 1095 1078 Otto
1121 1005 1271 1079 Marchio
1298 1007 1419 1095 motus,
1449 1007 1627 1099 postquam
1653 1005 1718 1080 sibi
1745 1027 1765 1080 a
1790 1005 1946 1080 Bohemis

397 1126 620 1201 effectualiter
646 1125 808 1220 impletae
836 1128 927 1216 sunt,
956 1125 1082 1199 Ducem
1109 1125 1348 1201 Wenceslaum
1376 1125 1449 1198 illis
1475 1125 1572 1200 Nono
1599 1125 1763 1201 delendos
1790 1125 1884 1199 Iunii
1911 1127 1944 1199 in

399 1251 547 1346 ngam
573 1249 755 1324 adductum
782 1248 947 1323 restituit.
989 1247 1054 1322 Sed
1090 1247 1179 1322 buno
1194 1246 1221 1342 ρ)
1257 1248 1390 1322 demum
1427 1247 1579 1342 genitrix
1614 1270 1676 1322 sua
1711 1246 1943 1340 Konegundis,

399 1395 535 1448 consors
561 1371 714 1447 Zauissii
742 1372 783 1446 de
810 1371 1045 1460 Roszemberk,
1062 1370 1143 1445 adeo
1169 1369 1411 1444 blandimentis
1438 1369 1681 1444 maternalibus
1707 1369 1881 1460 devinxit,
1910 1371 1946 1442 ut

398 1493 505 1568 totius
531 1493 712 1568 Bohemiae
738 1492 890 1587 regimen
917 1494 952 1566 et
979 1491 1255 1585 gubernationem
1292 1490 1412 1565 vitrico
1449 1513 1509 1566 suo
1536 1489 1694 1566 Zawissio
1720 1489 1761 1565 de
1786 1491 1945 1564 Roszem·

399 1617 481 1690 berk
508 1615 744 1690 committeret.
773 1614 838 1708 Qui
863 1614 1047 1687 fastuosius
1073 1636 1109 1688 se
1135 1635 1217 1706 erge
1243 1613 1424 1688 Bohemiae
1450 1617 1591 1687 barones
1618 1634 1738 1708 gerens
1766 1613 1945 1686 multorum

399 1737 434 1810 in
463 1759 499 1810 se
535 1738 656 1812 livores
692 1739 727 1811 et
762 1736 839 1810 odia
874 1736 1060 1810 convertit:
1102 1720 1443 1827 contumeliosiusque
1481 1747 1563 1809 tunc
1600 1734 1763 1809 Bobemia
1797 1735 1860 1807 sub
1896 1756 1943 1822 eo,

400 1881 500 1950 qnam
528 1861 590 1933 sub
617 1859 740 1933 Ottone
766 1855 972 1948 tlarcbione,
1001 1856 1187 1951 dispendiis
1211 1879 1310 1948 quem
1340 1856 1497 1951 plurimis
1524 1855 1652 1932 afflicta
1678 1855 1713 1930 et
1740 1876 1857 1950 pressa
1883 1856 1944 1928 est.

399 2229 476 2300 tres
503 2227 657 2318 bsorugil
685 2201 899 2299 temerariae*
922 2225 1019 2297 breis
1047 2225 1166 2296 iratres
1194 2223 1342 2296 drdinern
1369 2223 1600 2296 drueilerorurn
1627 2223 1785 2310 subeunt,
1814 2221 1945 2294 donatis

567 2347 674 2422 drdini
701 2347 846 2420 sortibus
874 2348 961 2419 ruis:
989 2346 1075 2438 qnod
1102 2365 1157 2436 per
1183 2347 1338 2436 tegetum
1365 2347 1469 2437 Papae
1496 2348 1548 2417 ast
1575 2343 1779 2416 infirmatum.

503 2589 690 2666 Germanus
716 2585 878 2682 llscaugii
907 2587 1124 2662 Pomeraniae
1150 2585 1254 2662 Ducis
1281 2586 1316 2662 et
1333 2587 1421 2661 alter
1439 2584 1586 2660 filiorum
1606 2583 1827 2680 Suantopelci
1846 2585 1944 2662 War-

397 2711 534 2803 cislaus‚
561 2711 730 2786 tenuitate
758 2713 918 2804 paternae
944 2708 1057 2799 sortis,
1087 2730 1173 2802 quae
1200 2708 1253 2780 illi
1281 2708 1461 2802 obtigerat,
1491 2707 1713 2798 considerata,
1741 2707 1865 2780 mundo
1892 2729 1943 2780 re·

398 2834 490 2924 licto,
520 2832 677 2907 Ordinem
704 2832 949 2905 Orrrcilerorum
976 2830 1016 2904 de
1043 2829 1201 2919 Proseis,
1229 2831 1404 2904 conferens
1431 2829 1546 2903 Ordini
1563 2828 1591 2924 Β)
1618 2831 1742 2904 sortem
1769 2827 1821 2901 sui
1848 2828 1945 2902 Prin-

399 2954 542 3049 oipetus,
571 2952 726 3027 assumit.
754 2953 855 3026 Odius
883 2953 1076 3045 exemplum
1104 2952 1168 3026 duo
1195 2951 1254 3025 alii
1282 2953 1407 3026 fratres
1434 2950 1628 3026 Samborius
1646 2952 1682 3024 et
1699 2949 1868 3023 Ratbibor
1893 2972 1944 3023 se·

399 3075 480 3165 curti,
510 3076 616 3149 sortes
643 3095 722 3148 suas
749 3096 789 3149 ea
816 3073 1006 3148 conditione
1033 3072 1149 3146 Ordini
1178 3071 1326 3163 donent,
1355 3096 1376 3146 u
1421 3072 1508 3146 Ordo
1535 3072 1613 3146 illos
1641 3071 1675 3145 in
1703 3073 1859 3145 statuet
1886 3071 1945 3144 be·

399 3196 473 3269 bitu
500 3195 616 3270 laicali
644 3197 878 3290 permanentes
905 3197 940 3269 et
967 3193 1146 3269 servitores
1172 3215 1297 3283 eorum,
1317 3193 1476 3287 expensis
1490 3195 1525 3267 et
1544 3193 1736 3286 sumptibus
1754 3193 1946 3268 decentibus

399 3320 566 3412 procuret.
594 3317 670 3391 Non
697 3317 781 3390 tulit
807 3338 880 3390 earn
907 3315 1147 3391 alienationem
1175 3315 1367 3409 blscnugius
1395 3315 1610 3389 Porneraniae
1628 3314 1708 3388 Dux
1726 3315 1809 3388 natu
1829 3313 1943 3401 maior,

399 3438 456 3512 sed
484 3459 598 3513 omnes
625 3440 695 3513 tres
722 3437 826 3512 trium
867 3459 1105 3532 germanorum
1132 3439 1239 3512 sortes
1268 3436 1302 3508 in
1332 3455 1425 3510 suem
1455 3435 1617 3510 ditionem
1644 3434 1816 3528 redigens,
1846 3433 1944 3506 misso

401 3558 541 3653 speciali
568 3553 743 3652 nuntio⁴),
772 3559 860 3653 apud
888 3559 1063 3632 Summum
1091 3556 1288 3631 Pontificem
1316 3555 1499 3630 Martinum
1536 3556 1694 3646 quartum
1722 3556 1763 3629 de
1790 3552 1944 3648 ldagistri

398 3683 434 3754 et
460 3679 594 3754 Ordinis
620 3679 814 3754 druciferici
841 3679 972 3754 notoria
998 3679 1202 3768 ambitione,
1241 3699 1309 3769 qua
1345 3679 1450 3752 sortes
1477 3677 1622 3750 fratrum
1648 3677 1690 3750 ed
1718 3697 1754 3750 se
1782 3675 1945 3751 recisurae
2080 3725 2081 3728 ι

397 3821 559 3894 occupare
585 3799 793 3891 nitebantur,
821 3801 1034 3892 querebatur.
1062 3798 1125 3894 Qui
1154 3798 1294 3874 adrem
1322 3798 1565 3893 inspiciendam
1592 3797 1791 3890 Philippum
1818 3797 1945 3891 episco-

399 3942 480 4014 pum
507 3921 716 4011 Firmanum,
744 3921 910 4015 Legatum
940 3919 975 3992 in
1002 3920 1174 3994 Prussiam
1193 3920 1404 3994 transmisit:
1432 3919 1490 4012 qui
1506 3919 1533 4012 5)
1559 3917 1736 4011 utriusque
1759 3918 1869 4012 pertis
1887 3940 1946 3991 au·

398 4041 480 4115 ditis
507 4041 791 4136 propositionibus
818 4043 853 4116 et
879 4041 1060 4135 responsio,
1090 4041 1306 4116 donationem
1334 4063 1393 4135 per
1419 4044 1490 4116 tres
1508 4039 1672 4135 blsczugii
1691 4040 1827 4130 fratres,
1848 4039 1945 4115 War-

398 4161 554 4255 cislaum,
582 4163 791 4238 Samborium
806 4161 1093 4238 etRatbiborium
1121 4161 1238 4236 Ordini
1265 4163 1402 4252 factam,
1430 4163 1525 4237 uelut
1552 4161 1703 4255 iniquam
1730 4163 1766 4235 et
1784 4160 1944 4234 iniustam

397 4284 584 4360 infirmavit
598 4283 627 4379 ⁶)
653 4288 688 4360 et
713 4284 870 4372 rescidit;
898 4285 1025 4360 Ducem
1047 4305 1125 4358 vero
1151 4284 1360 4378 Mecaugiurn
1387 4284 1430 4359 ad
1455 4284 1647 4357 donandum
1673 4263 1853 4357 donatione
1871 4304 1945 4376 per·

399 4409 503 4502 petua
528 4405 693 4501 Magistro
720 4408 755 4481 et
782 4403 897 4478 Ordini
927 4406 1086 4500 oppidum
1115 4407 1151 4479 et
1177 4404 1370 4479 districtum
1397 4403 1522 4499 aneu
1548 4426 1624 4478 curn
1651 4403 1840 4494 quindecim
1869 4407 1945 4476 ten-

399 4528 570 4602 tummodo
596 4525 702 4618 villis,
731 4525 874 4601 inducit.
902 4525 973 4620 Quo
1000 4525 1050 4601 sic
1076 4525 1223 4615 firmato,
1252 4527 1418 4620 Magister
1443 4528 1479 4600 et
1505 4525 1603 4616 Ordo,
1632 4526 1741 4599 cestro
1761 4523 1946 4599 Puterberlr

399 4649 569 4740 demolito,
598 4650 747 4724 oestrum
774 4649 809 4723 et
835 4647 996 4742 oppidum
1023 4647 1149 4742 (iopen
1162 4647 1192 4740 ⁷)
1219 4669 1312 4721 muro
1339 4647 1531 4722 aedificent.

505 4909 529 4989 ¹)
552 4929 687 4972 necnon
720 4911 791 4972 Ood.
815 4911 908 4971 Roer.
944 4905 1070 4984 l>bunc
1099 4909 1194 4981 ipsum
1226 4906 1298 4968 σοι).
1321 4908 1413 4967 Reor.
1449 4903 1594 4980 ³)eidem
1625 4905 1727 4964 Ordini
1759 4900 1831 4967 Cod.
1854 4905 1944 4965 Beer.

400 5009 429 5080 ⁴)
451 5017 553 5076 nuntio
575 5016 654 5077 dcem
674 5017 710 5076 ie
736 5012 807 5076 Ood.
830 5013 904 5076 Aut.
929 5008 955 5090 ⁵)
977 5013 1106 5086 Legatos
1128 5017 1226 5072 autem
1247 5013 1273 5072 is
1300 5011 1370 5072 Ood.
1394 5012 1486 5072 Roer.
1510 5007 1540 5088 6)
1562 5011 1734 5071 retractauit
1760 5009 1834 5070 Ood:
1855 5011 1944 5070 Rosr.

400 5114 426 5196 7)
449 5119 566 5194 Gmyew
590 5119 662 5181 coc.
685 5119 758 5181 Aoo.
