4192 6272
183 505 244 602 (Α.
266 505 451 603 ὓ.1296.)
783 531 896 582 arana
922 529 1106 584 canavas,
1657 515 1729 587 537

181 715 449 811 cognominatus,
477 737 498 790 a
526 715 644 790 Iacobo
672 715 809 790 Suinlra
834 716 1084 814 archiepiscopo
1120 719 1306 796 Gnesnensi
1346 719 1563 796 continuatus
1590 723 1626 794 st
1654 743 1732 796 con·

181 838 343 928 sectatus,
372 835 496 911 nobilis
524 837 563 912 de
591 835 686 911 domo
713 837 864 913 Saulima
885 839 921 932 ¹).
1307 825 1311 831 ’

553 1200 709 1274 luntatis
737 1202 896 1275 ecclesiae
925 1203 1121 1294 collegiatae
1148 1204 1181 1275 in
1209 1203 1369 1278 eliachin.

283 1438 419 1514 Decimo
446 1439 589 1535 septimo
615 1440 779 1516 Oalcndae
806 1443 1015 1533 Novornbris,
1045 1444 1214 1517 Iohannes
1242 1442 1478 1517 Posnaniensia
1497 1443 1673 1538 episcopus
1692 1444 1732 1517 de

180 1557 323 1634 ecclesia
349 1561 533 1654 parochiali
561 1561 597 1633 in
624 1560 789 1636 Gluschin
825 1585 905 1637 snae
946 1563 1087 1638 diocesis
1126 1564 1249 1638 fundat
1289 1563 1504 1658 collegiatam
1544 1564 1730 1654 ecclesian,

181 1681 410 1774 praepositum
438 1683 473 1755 et
499 1682 569 1755 tres
602 1681 776 1756 canonicos
803 1682 838 1757 in
866 1705 906 1756 ea
934 1683 1141 1758 instituendo
1178 1685 1213 1758 et
1250 1685 1360 1759 certas
1396 1683 1562 1774 decimas,
1604 1684 1733 1760 reditus

180 1802 217 1875 et
243 1803 425 1895 prouentus
453 1801 579 1876 eisdern
606 1803 823 1904 assignando.

206 2163 359 2236 aculcos
378 2165 511 2257 quintus
538 2166 609 2238 hux
636 2165 912 2239 wratislaviensis
940 2167 1115 2239 conmisso
1143 2166 1211 2238 iare
1236 2167 1362 2240 tutoris
1382 2167 1554 2238 litorum
1573 2185 1705 2238 suumn
1821 2181 1824 2186 ·

207 2285 358 2358 boleslao
396 2285 629 2359 svilnlsaensi
655 2287 750 2377 buci,
778 2288 878 2360 attan
906 2287 956 2359 illi
983 2291 1094 2360 castro
1122 2287 1285 2376 sabaha,
1312 2289 1391 2360 licat
1418 2289 1558 2376 lautus,
1585 2287 1706 2360 cedens

206 2407 352 2496 noritur,
380 2408 542 2480 nolestiis
569 2409 807 2493 carceralibus,
836 2409 954 2500 quibus
980 2427 1053 2480 sun
1080 2409 1150 2499 ipsc
1177 2409 1346 2481 boleslaus
1374 2410 1474 2481 ltatcr
1501 2410 1579 2480 alirn
1606 2410 1704 2482 iuclu·

557 2527 560 2534 '
803 2533 901 2619 scrut,
929 2531 1114 2614 conlectus.¹

283 2767 451 2843 Molestiis
470 2768 504 2843 et
523 2769 702 2843 tormentis
729 2771 922 2844 transactae
949 2767 1160 2864 captiuitatis
1185 2769 1263 2842 Dux
1282 2765 1449 2844 Henricus
1468 2768 1730 2846 Wratislarien-

179 2887 237 2980 sis,
267 2875 359 2966 lilius
385 2889 544 2982 Boleslai‚
574 2912 609 2965 se
636 2890 672 2964 in
699 2912 835 2985 corpore
861 2913 921 2964 suo
947 2892 983 2965 et
1009 2889 1198 2965 ualitudine
1234 2890 1451 2964 debilitatum
1479 2892 1514 2965 et
1540 2891 1730 2966 confectum

177 3007 389 3105 intelligens,
417 3011 603 3086 etsensim
630 3033 666 3086 se
693 3012 735 3084 ad
763 3013 878 3106 portas
906 2992 1024 3086 inertis
1052 2995 1323 3108 appropinquare
1350 3032 1545 3106 agnoscens,
1569 3011 1731 3087 accersito

177 3152 339 3225 germano
366 3153 437 3222 suo,
453 3133 544 3206 Duco
572 3132 728 3206 Boleslao
756 3131 1004 3224 Suidniczensi,
1032 3119 1285 3207 huiuscemondi
1309 3135 1408 3207 rerba
1425 3132 1528 3207 facit:
1557 3132 1727 3226 Quamvis,

177 3250 302 3343 inquit,
330 3252 568 3346 angustiarum
594 3255 629 3326 et
656 3253 881 3328 acerbitatum
909 3276 1069 3345 mearum,
1098 3254 1200 3328 huius
1227 3275 1358 3347 quoque
1385 3253 1523 3345 mertia,
1553 3277 1640 3344 quae
1667 3256 1726 3328 ad·
1790 3294 1796 3304 ·

178 3372 308 3464 ventat,
335 3372 371 3447 te
398 3375 644 3467 cooperatorem
671 3373 840 3448 norsum:
870 3394 1067 3450 excessurus
1094 3377 1207 3449 tanen
1234 3373 1343 3449 evita
1360 3375 1396 3450 et
1413 3373 1565 3448 tribunal
1598 3373 1726 3449 aeterni

176 3492 304 3567 Iudicis
331 3493 512 3588 petiturus,
541 3494 678 3590 singula
704 3495 769 3570 tibi
796 3495 968 3590 indulgeo,
997 3497 1032 3570 et
1058 3495 1160 3569 triurn
1190 3497 1346 3569 natuurn
1374 3517 1534 3585 rneorunr,
1563 3495 1723 3586 Boleslai‚

177 3613 318 3688 Henrici
345 3616 380 3689 et
405 3615 589 3691 Wlarlislsi
617 3617 685 3708 (tot
711 3617 801 3691 enirn
828 3617 1056 3709 relinquebat)
1090 3615 1154 3690 tibi
1190 3637 1304 3690 curam
1340 3616 1376 3691 et
1411 3617 1555 3690 tuteloni
1595 3615 1727 3704 mando,

177 3755 323 3828 rogaho,
352 3738 392 3810 ut
418 3737 453 3811 te
479 3735 614 3810 fidelem
641 3739 676 3810 et
702 3736 887 3831 propitium
914 3736 1093 3831 nepotibus
1118 3735 1189 3811 tuis
1207 3738 1366 3830 patruum
1384 3758 1494 3831 geras.
1522 3735 1585 3828 Qui
1604 3736 1668 3810 etsi
1688 3735 1730 3808 ad

176 3853 212 3928 id
238 3876 274 3930 se
301 3877 444 3949 pronum
484 3857 628 3946 offerret,
658 3855 820 3932 tutorianr
852 3859 974 3932 -tanren
1014 3856 1145 3947 subire,
1174 3857 1240 3930 nisi
1277 3856 1342 3930 sibi
1379 3857 1419 3930 de
1446 3859 1555 3930 astro
1582 3855 1730 3932 Sobotha

177 3975 339 4069 perpetuo
365 3976 508 4068 cederet,
537 3979 726 4050 recusabat.
755 3977 830 4068 Qua
857 3999 892 4052 re
918 3976 1152 4053 uehementius
1188 3977 1266 4050 Dux
1302 3975 1492 4065 Henrieus,
1521 3998 1622 4067 quarn
1651 3997 1729 4050 con·

177 4096 344 4188 ueniebat,
372 4097 540 4188 incensus,
569 4097 711 4172 adiecit:
748 4097 941 4189 Prioribus,
971 4097 1103 4190 inquit,
1133 4097 1244 4188 malis,
1274 4119 1360 4188 quae
1387 4121 1407 4169 a
1434 4098 1468 4170 te
1496 4095 1632 4191 pertuli,
1663 4119 1728 4170 non

175 4218 364 4307 contentus,
393 4217 495 4292 etiarn
522 4239 608 4310 quae
634 4217 769 4292 residua
795 4220 885 4307 sunt,
914 4218 1046 4291 anferre
1073 4217 1215 4291 conaris.
1261 4218 1349 4291 Dura
1386 4217 1501 4309 itaque
1539 4239 1574 4290 re
1601 4215 1730 4292 iniecta

176 4337 256 4410 Dux
282 4337 459 4411 Boleslaus
486 4336 742 4412 Suidnicnensis
768 4337 973 4427 discederet,
1003 4337 1132 4412 nobiles
1158 4339 1193 4412 et
1220 4336 1308 4411 cives
1335 4335 1634 4413 Wratielarienses
1654 4358 1729 4431 por·

176 4455 466 4531 suessulanus
493 4457 639 4532 Henrico
666 4457 769 4533 etiam
796 4457 836 4532 de
863 4458 974 4531 castro
1011 4457 1160 4531 Sobotha
1194 4455 1324 4531 ratione
1364 4456 1510 4531 tutoriae
1545 4456 1729 4532 cedendum

176 4597 268 4651 essm
296 4600 339 4652 ne
365 4599 408 4652 ex
435 4577 649 4671 orphanitate
676 4579 776 4672 plura
802 4577 961 4652 amittere
988 4579 1197 4672 cogerentur.
1233 4579 1325 4652 Duce
1352 4577 1466 4670 itaque
1493 4575 1730 4652 Swidnicaensi

177 4697 332 4772 Boleslao
358 4700 523 4788 reuocato,
552 4697 600 4771 sic
626 4697 725 4772 illurn
760 4699 839 4772 Dux
874 4697 1043 4773 Henricus
1083 4700 1136 4773 est
1172 4698 1361 4772 allocutus:
1398 4697 1453 4770 Ex
1489 4719 1575 4788 quo,
1605 4697 1728 4790 inquit,

177 4819 303 4910 absque
330 4817 433 4892 castri
460 4818 608 4892 Sobotha
634 4818 884 4894 renuntiatione
911 4819 1074 4894 tutoriarn
1101 4840 1280 4913 puerorum
1322 4839 1469 4892 meorum
1504 4817 1625 4892 abnuis
1652 4838 1727 4891 sus·

176 4937 305 5032 cipere,
333 4961 400 5013 non
427 4939 536 5013 solurn
563 4941 712 5014 castrum
740 4939 888 5014 Sobotha
923 4939 986 5013 tibi
1014 4940 1169 5033 resigno,
1198 4939 1256 5014 sed
1282 4941 1318 5013 et
1344 4939 1444 5012 natos
1470 4959 1581 5028 meos,
1610 4937 1729 5012 deinde

176 5058 349 5134 univorsos
376 5059 518 5150 nobiles,
546 5061 705 5152 vasallos,
734 5060 822 5136 ciues
848 5061 884 5134 st
911 5059 1073 5149 subditos,
1102 5061 1138 5134 et
1155 5059 1325 5151 universa,
1355 5079 1441 5150 quae
1468 5057 1608 5132 ditionis
1637 5079 1731 5132 rusae

176 5182 267 5272 sunt,
296 5180 374 5254 tuae
400 5179 478 5254 fidei
505 5179 706 5275 simpliciter
732 5180 838 5254 trado.
873 5180 915 5252 In
943 5180 1033 5254 hunc
1059 5179 1175 5270 itaque
1203 5179 1337 5254 modurn
1364 5178 1494 5253 tutoris
1520 5199 1618 5268 cura,
1648 5178 1726 5250 Dux

289 5385 316 5465 ¹)'
338 5387 457 5449 Solimo.
484 5385 555 5448 (lod.
580 5387 671 5448 Rosr.

229 5539 251 5584 J,
263 5538 356 5590 lul-poa
370 5537 455 5582 maor.
469 5537 547 5582 Pelen.
562 5537 588 5582 Τ.
603 5537 635 5581 11.
1539 5545 1571 5591 gg
