4140 6298
348 543 424 618 292
952 566 1066 620 arnna
1091 565 1287 621 sacramus.
1613 543 1681 642 (Α.
1702 543 1750 620 D.
1769 543 1898 642 1243.)

347 750 451 828 rentii
478 775 537 846 per
563 753 747 830 Falconem
774 751 1063 850 archiepiscopum
1085 753 1128 830 ed
1146 751 1313 850 pontificii
1339 753 1490 832 ordinem
1516 752 1553 828 in
1578 751 1766 832 dumnensi
1793 753 1900 832 ecclc·

349 875 401 950 sia
427 875 652 952 mnsecratus.

349 1243 505 1320 laudatio
533 1244 724 1318 monaterii
751 1244 1048 1318 manducandum
1073 1244 1106 1316 in
1124 1244 1305 1336 dvrcrrlo
1329 1263 1385 1338 nor
1402 1227 1633 1319 l’rroniilorm
1650 1219 1902 1318 decreticum·

1004 1367 1122 1440 ducem
1149 1367 1247 1440 lecta

361 1683 365 1690 ,
455 1605 681 1684 Praemislans
708 1605 847 1702 primus,
875 1606 1013 1682 llaioris
1040 1606 1199 1684 Poloniao
1226 1608 1262 1684 et
1288 1605 1527 1683 Posnaniensis
1554 1608 1634 1683 Dux
1659 1608 1790 1684 cultum
1816 1606 1903 1684 diri-

352 1752 434 1804 num
461 1729 496 1802 in
524 1729 595 1804 suis
621 1727 875 1823 Principatibus
910 1731 1089 1820 aucturus,
1127 1728 1164 1802 in
1197 1728 1282 1802 villa
1308 1751 1370 1802 sua
1404 1728 1517 1804 ducali
1544 1730 1730 1825 Ouyenslra
1749 1729 1772 1823 ¹)
1800 1751 1904 1824 propo

289 1859 293 1864 '
353 1849 493 1926 durium
519 1850 666 1927 Wartba
692 1849 770 1942 sita,
800 1849 1040 1926 monasterium
1067 1849 1376 1926 sanctimonialium
1410 1850 1538 1926 ordinis
1565 1849 1798 1926 distorcicnsis
1824 1851 1903 1926 fun-

352 1974 423 2064 dat,
452 1974 487 2048 et
514 1971 677 2049 latoribus
703 1971 806 2046 coctis
832 1973 903 2048 tom
931 1971 1118 2064 ecclesiam,
1133 1994 1234 2066 quam
1262 1971 1500 2048 monasterium
1526 1974 1562 2049 ot
1588 1971 1819 2050 habitationes
1845 1995 1904 2068 pro

352 2093 665 2188 sanctimonialibus
692 2093 849 2185 fabricat,
877 2093 1121 2186 ecclesiamque
1153 2093 1349 2170 monasterii
1376 2094 1411 2170 in
1437 2095 1596 2170 bonorem
1623 2094 1777 2190 Virginis
1803 2097 1903 2170 bono-

353 2215 463 2291 dictae
490 2215 616 2291 Mariae
634 2217 670 2291 et
688 2215 807 2292 Sancti
834 2216 997 2292 Iohannis
1024 2215 1202 2311 Baptistae
1228 2215 1375 2292 dedicari
1402 2217 1570 2312 procurat,
1599 2216 1906 2308 monasteriumque

354 2337 564 2434 praedictum
590 2338 684 2414 rillio
711 2341 747 2415 et
774 2337 969 2414 introitibus
1004 2339 1181 2415 ducalibus
1216 2338 1323 2414 dotat.
1369 2338 1513 2414 Florius
1539 2339 1654 2414 autem
1681 2337 1740 2432 qui
1765 2341 1906 2414 vocatur

354 2461 482 2557 Strage
508 2461 713 2557 organale,
750 2483 810 2556 per
845 2461 1010 2555 medium,
1028 2460 1222 2536 monasterii
1258 2460 1425 2552 decurrit,
1463 2460 1571 2536 linens
1597 2461 1641 2536 ad
1666 2460 1846 2554 coquinam
1871 2463 1908 2536 et

355 2582 442 2658 alias
469 2581 667 2658 monasterii
692 2582 856 2676 officinas,
885 2583 921 2657 in
949 2605 1014 2675 quo
1042 2585 1123 2658 sunt
1149 2583 1214 2658 duo
1241 2583 1444 2676 molendino,
1473 2605 1577 2658 unum
1604 2582 1695 2656 intra
1720 2586 1819 2679 septa
1836 2605 1906 2658 mo-

356 2683 508 2798 nasterii,
536 2703 630 2780 aliud
658 2703 694 2780 in
721 2707 818 2800 parte
845 2704 1009 2802 superiori
1035 2706 1116 2781 ante
1142 2705 1395 2782 monesterium.
1423 2703 1526 2781 Ouios
1549 2726 1639 2780 nunc
1664 2705 1839 2781 abbatisse
1855 2706 1908 2781 est

356 2825 538 2903 catherina
563 2827 605 2903 de
631 2827 814 2923 Obornilry,
843 2827 916 2905 lilio
942 2827 1074 2905 Nicolai
1101 2827 1210 2904 Sicera
1235 2827 1417 2905 castellani
1442 2827 1525 2904 olim
1549 2825 1784 2920 dalisaionsio,
1811 2826 1906 2904 nobi·

356 2948 400 3022 lis
427 2949 590 3026 dedomo
617 2949 800 3026 Habdanlr.

808 3309 1017 3424 ANNUS
1053 3309 1278 3424 DOMINI
1314 3309 1453 3425 1243.

359 3560 527 3636 drorrdm
552 3563 624 3634 box
650 3561 814 3636 decorior
840 3562 981 3634 l’oloner
1007 3561 1192 3636 bolorlcrrr
1219 3561 1372 3634 ludicra
1390 3565 1563 3654 expectare
1581 3562 1815 3654 praesentiora,
1840 3581 1912 3636 cor·

360 3683 511 3756 rcntione
536 3683 680 3774 indicto,
717 3684 858 3760 barones
893 3683 1023 3756 llinorir
1050 3684 1203 3757 l’oloriao
1230 3683 1397 3776 erudirem
1433 3684 1580 3758 alonem
1606 3686 1718 3758 terren
1744 3685 1912 3776 amodum

359 3805 582 3878 bracariensis
610 3805 732 3897 effugit
758 3805 838 3878 Post
864 3804 949 3876 dccc
974 3804 1110 3880 tandem
1137 3823 1267 3878 mercer
1294 3809 1329 3878 ct
1355 3805 1477 3897 condiri
1495 3823 1513 3877 e
1532 3805 1725 3897 captivitate
1748 3804 1912 3906 didngicn·

359 3930 413 4000 ter
431 3931 466 4000 et
484 3927 631 4002 blomans
659 3927 825 4018 palatinus
852 3927 1039 4000 cracoviam
1065 3927 1207 4016 reninnt,
1235 3947 1273 4000 oc
1290 3928 1477 4000 boleslaum
1503 3926 1657 3999 lodicum
1684 3926 1912 4004 advenientem

361 4049 487 4122 alacres
514 4049 707 4140 concipiant
751 4048 818 4129 dre
846 4049 994 4122 irritetur
1020 4047 1188 4122 durrrdrr
1215 4068 1289 4122 oon
1315 4049 1462 4122 exercitu
1489 4047 1640 4122 circuit:
1667 4065 1740 4122 cmr
1767 4067 1830 4141 oro
1857 4049 1913 4121 bc·

361 4170 485 4242 lorlrnr
511 4168 650 4242 ludicra
677 4169 814 4262 nmmum
850 4169 1003 4261 congredi
1039 4188 1195 4260 rcnrcnr,
1230 4169 1362 4243 tondere
1394 4187 1608 4263 congressor,
1644 4187 1717 4243 oum
1743 4168 1852 4244 incdit
1878 4173 1942 4243 ct.

924 4295 1059 4384 annotat
1086 4291 1173 4384 apud
1200 4291 1349 4366 Suollol

466 4530 623 4606 Omnium
649 4531 980 4608 Gracoviensiumot
1006 4532 1328 4632 Sandomiriensium
1354 4536 1516 4610 baronum
1535 4536 1638 4627 atque
1659 4533 1808 4610 militum
1824 4534 1912 4610 (tnn-

232 4691 234 4694 ·
362 4652 463 4730 radus
490 4652 658 4729 Macerino
683 4655 763 4728 Dux
789 4653 966 4730 dinoscens
993 4655 1158 4730 alienatos
1184 4667 1257 4732 esse
1283 4655 1415 4732 animos
1441 4679 1463 4731 a
1489 4679 1536 4748 se,
1563 4657 1600 4730 et
1625 4655 1663 4732 in
1689 4654 1793 4732 Ducis
1812 4657 1912 4732 Bolo-

362 4774 427 4850 slai
455 4774 573 4850 Pudioi
600 4776 733 4869 nepotis
759 4775 811 4849 sni
839 4776 1063 4852 obedientiam
1090 4779 1126 4852 ct
1152 4777 1403 4868 subiectionem,
1432 4779 1506 4852 tnm
1534 4779 1670 4872 propter
1698 4777 1751 4852 sni
1777 4801 1913 4873 oppres·

363 4895 491 4972 sionem
516 4898 553 4972 ot
578 4896 804 4992 tyrannidem,
832 4899 907 4972 tum
934 4899 1071 4994 propter
1098 4899 1247 4974 Boleslai
1275 4898 1404 4991 Pudici,
1439 4899 1526 4991 quod
1554 4922 1652 4974 rarus
1677 4902 1714 4974 ot
1740 4899 1915 4994 logitimus

362 5020 482 5096 haeres
508 5019 607 5110 osset,
644 5019 856 5095 affectionem
883 5021 918 5096 et
945 5019 1158 5113 charitatem,
1194 5021 1399 5116 gliscentem
1434 5021 1656 5097 defectionem
1682 5021 1917 5115 (intellexerat

364 5139 529 5233 siquidem
555 5140 750 5215 Boleslaum
777 5141 940 5216 Pudicum
958 5162 1034 5216 cum
1051 5141 1226 5218 nonnullis
1253 5143 1493 5238 Hungarorum
1512 5141 1680 5218 militibus
1704 5165 1916 5219 reremumm

363 5266 451 5356 esse)
478 5263 638 5358 satagens
666 5262 864 5356 rescindere,
902 5263 938 5338 iu
966 5286 1079 5340 manse
1106 5263 1205 5339 Iunio
1221 5263 1249 5359 ²)
1276 5263 1470 5344 cracoviam
1497 5263 1654 5344 advenit:
1693 5263 1748 5341 ubi
1776 5265 1916 5343 honesto

474 5523 498 5608 ¹)
523 5526 666 5588 Ouanslra
691 5523 762 5588 Cod.
785 5523 857 5588 Aet.
899 5523 926 5605 ⁹)
947 5524 1023 5586 Iulio
1049 5522 1120 5588 (lod.
1143 5525 1237 5587 Roar.
