4192 6272
158 501 225 601 (Α.
246 500 292 576 D.
311 492 440 598 1282.)
764 517 877 570 nunna
903 515 1098 572 sacremus.
1628 496 1703 566 463

155 709 202 784 tis
231 709 348 801 itaque
375 708 446 782 tam
474 703 610 780 cibariis
636 725 738 796 quam
765 702 879 794 armis,
921 701 1172 798 impedimentis
1208 723 1306 792 uero,
1343 723 1429 793 quae
1464 722 1557 777 oscas
1584 702 1619 776 et
1645 724 1705 796 pe·

155 832 237 906 bula
264 831 429 919 ferebant,
458 849 494 902 se
521 825 679 916 subsequi
707 824 819 916 iussis,
848 823 1000 900 recentia
1022 826 1238 899 barbarorum
1265 822 1412 916 uestigia
1438 822 1620 912 intuentes,
1640 845 1708 916 que

154 951 314 1047 ampliori
342 952 484 1045 possunt
511 947 686 1022 celeritate
712 947 812 1037 recti,
841 949 1000 1021 barbaros
1027 945 1264 1038 insequuntur.
1292 946 1338 1018 Et
1364 945 1446 1020 licet
1472 945 1552 1019 illos
1578 947 1613 1019 et
1630 946 1709 1039 Bug

153 1077 188 1148 et
216 1075 336 1148 Narem
363 1071 502 1145 flumina
530 1071 796 1163 praetergressos
823 1067 1074 1163 comperissent,
1103 1067 1186 1142 certi
1213 1069 1329 1142 tamen
1357 1068 1396 1141 do
1423 1067 1549 1142 oraculi
1568 1066 1705 1156 risione,

127 1197 189 1290 ‚et
216 1194 283 1289 ipsi
311 1193 430 1266 iisdem
457 1190 653 1264 fluminibus
681 1189 862 1283 superetis,
891 1191 1049 1264 barbaros
1077 1187 1167 1262 inter
1192 1189 1311 1262 Nereu
1338 1191 1373 1264 et
1399 1189 1572 1283 Npempen
1592 1189 1616 1281 ¹)
1643 1188 1706 1260 liu·

155 1315 249 1389 mina
269 1313 492 1389 consistentes
519 1313 644 1402 (neque
671 1309 760 1384 enim
789 1311 927 1404 propter
953 1309 1151 1403 praedarum
1179 1309 1432 1383 multitudinem
1459 1309 1560 1384 facile
1586 1331 1709 1402 agmen

153 1439 372 1512 barbarorum
400 1435 610 1524 mouebatur)
637 1431 819 1506 tredecima
845 1430 899 1504 dis
927 1431 1052 1506 mensis
1088 1431 1241 1504 Octobris
1277 1433 1537 1522 consequuntur.
1574 1429 1709 1504 Terruit

152 1580 257 1652 supra
272 1557 405 1630 modum
419 1576 534 1630 omnes
561 1555 720 1627 turberes
748 1553 948 1626 Polonorum
976 1554 1196 1646 conspectus,
1225 1553 1260 1626 et
1287 1552 1394 1625 multo
1422 1551 1579 1625 maiorem
1607 1573 1707 1641 quam

153 1701 215 1773 pro
243 1698 381 1752 numero
409 1676 610 1750 Polonorum
638 1673 844 1762 exercitum,
883 1673 1091 1766 eundemque
1122 1673 1281 1746 audacem
1308 1675 1343 1746 et
1369 1671 1577 1761 animosum,
1607 1671 1708 1746 mori·

154 1798 366 1873 destinatum
393 1799 453 1870 aut
480 1795 623 1885 uincere,
652 1793 764 1869 animo
791 1797 826 1868 et
853 1794 1058 1888 cogitatione
1086 1794 1333 1883 metiebantur,
1363 1814 1485 1888 paucos
1511 1795 1546 1868 et
1572 1793 1709 1867 timidos

154 1921 191 1994 in
218 1922 292 1994 tarn
318 1918 434 1994 abdita
460 1919 495 1992 et
521 1917 650 1992 remota
677 1916 751 1989 loca
778 1915 975 1990 nullatenus
1008 1915 1242 2008 penetratores
1257 1913 1295 2008 ²).
1325 1914 1482 1989 Habebat
1500 1915 1625 1988 Lestlro
1647 1913 1709 1986 Ni-

154 2062 217 2136 ger
243 2041 322 2114 Dux
349 2039 385 2112 in
412 2061 472 2113 suo
499 2036 662 2112 comitatu
690 2059 751 2110 sex
778 2037 978 2110 Peionerum
1005 2037 1046 2110 de
1073 2036 1186 2130 pedite
1212 2037 1248 2112 et
1274 2035 1315 2112 de
1336 2034 1470 2126 equite,
1508 2035 1597 2112 iuter
1622 2056 1708 2130 quos

153 2163 271 2257 plures
298 2160 430 2253 equites
457 2159 564 2250 erant,
594 2157 715 2250 millia,
744 2157 856 2252 copias
883 2157 973 2230 haud
1000 2157 1270 2246 contemnendus,
1291 2157 1532 2231 omnestamen
1551 2155 1586 2230 in
1605 2179 1708 2230 unum

154 2304 280 2377 agmen
308 2283 451 2356 coactas.
480 2281 597 2372 Neque
624 2278 714 2353 onim
741 2279 844 2370 locus,
865 2278 900 2351 in
920 2300 984 2370 quo
1003 2277 1197 2352 certandum
1216 2279 1300 2368 erut,
1321 2278 1398 2372 plus
1426 2277 1587 2352 siluarum
1607 2298 1708 2368 quarn

154 2425 351 2498 camporum
377 2403 516 2492 habens,
546 2399 651 2475 diuidi
678 2400 791 2492 copies
818 2399 853 2473 iu
880 2400 995 2494 plures
1021 2399 1110 2474 acies
1129 2398 1332 2493 patiebatur.
1360 2397 1489 2494 Quibus
1507 2397 1708 2489 adhortetis,

154 2529 195 2599 ut
223 2547 290 2598 nou
318 2526 388 2598 tam
415 2545 476 2617 pro
504 2522 626 2616 patria,
654 2521 853 2616 coniugibus
880 2524 915 2596 et
941 2521 1068 2612 liberis,
1099 2543 1199 2613 quam
1227 2544 1287 2615 pro
1313 2519 1379 2596 fide
1406 2521 1485 2594 Iesu
1511 2520 1649 2612 Christi,
1669 2521 1710 2594 de

154 2645 295 2720 coelesti
321 2645 429 2720 securi
456 2643 632 2738 praesidio,
661 2643 808 2718 viriliter
835 2645 1039 2738 pugnarent,
1059 2642 1206 2717 maximo
1226 2642 1355 2737 impetu
1373 2641 1408 2716 iu
1426 2644 1597 2734 barbaros,
1618 2643 1710 2717 metu

155 2772 192 2842 et
219 2767 332 2841 subito
360 2768 559 2840 Polonorum
588 2767 768 2858 conspectu
796 2765 971 2855 attonitos,
1000 2763 1123 2839 insilit.
1160 2765 1206 2838 Et
1233 2764 1387 2856 quemuis
1422 2764 1557 2838 barbari
1585 2763 1710 2858 primos

153 2890 358 2964 Polonorum
385 2887 532 2982 impetus
561 2886 782 2980 excepissent,
811 2889 846 2960 at
872 2885 1049 2977 aliquanto
1075 2887 1225 2980 tempore
1251 2886 1476 2976 tolerassent,
1506 2885 1626 2980 primis
1652 2888 1706 2960 ta·

153 3033 234 3084 men
261 3012 297 3084 et
323 3009 478 3084 secundis
505 3007 678 3082 ordinibus
705 3006 852 3098 obtritis,
880 3006 1005 3098 reliqui
1031 3007 1156 3082 referre
1184 3008 1322 3101 pedem,
1351 3007 1428 3102 post
1455 3027 1532 3082 uero
1559 3007 1645 3082 uerti
1673 3007 1709 3082 in

154 3133 274 3226 lugam
300 3131 492 3226 coeperunt.
520 3129 644 3204 (teedm
670 3128 789 3203 deinde
815 3150 882 3202 non
908 3149 1025 3223 pugna
1052 3127 1088 3201 in
1114 3149 1230 3202 omnes
1265 3127 1391 3222 passim
1426 3129 1598 3224 fugientes
1632 3129 1709 3204 ede-

153 3255 268 3344 batur,
297 3274 399 3342 qucm
426 3273 493 3326 non
520 3251 630 3324 solum
658 3249 785 3324 milites
812 3249 1025 3340 Polonorum',
1054 3249 1113 3324 sed
1139 3272 1160 3324 a
1185 3249 1347 3324 barbaris
1364 3250 1457 3345 capti
1475 3251 1604 3343 Potoni,
1626 3273 1710 3343 quos

155 3397 201 3449 ex
228 3372 428 3448 Lublinensi
468 3373 560 3446 terra
587 3371 622 3444 in
649 3373 790 3464 utroque
818 3391 903 3444 sexu
929 3371 1097 3446 duxerant
1112 3369 1150 3465 ³),
1180 3393 1315 3465 operose
1343 3375 1592 3466 promovebant.
1629 3375 1710 3448 'Per-

155 3495 274 3570 ruerat
299 3491 335 3568 et
361 3496 519 3568 barbarus
546 3514 678 3582 canum,
707 3514 791 3582 quos
818 3491 920 3566 simul
947 3514 1023 3566 oum
1050 3491 1194 3586 captiuis
1221 3493 1399 3584 duxerant,
1419 3493 1491 3569 riso
1509 3496 1710 3570 Polonorum

155 3615 319 3705 exercitu,
348 3615 494 3689 ululatio
520 3616 555 3689 et
581 3613 777 3688 uociferatio
803 3613 948 3708 speciem
976 3614 1206 3688 exultantium
1234 3615 1446 3709 praeferens,
1475 3618 1623 3708 sublata,
1651 3618 1710 3710 qui

156 3739 194 3810 et
220 3734 403 3811 certamine
430 3735 573 3809 durante
600 3737 634 3808 et
662 3734 696 3806 in
724 3735 807 3828 fuga
834 3733 917 3808 diris
943 3734 1118 3826 morsibus,
1149 3734 1244 3827 quasi
1273 3739 1411 3810 nossent
1437 3759 1520 3830 quos
1551 3737 1710 3814 insectari

154 3858 326 3946 deberent,
354 3857 576 3930 lacessebant.
618 3854 724 3930 Caede
751 3855 885 3948 ingenti
920 3857 955 3930 et
981 3877 1087 3946 usque
1113 3857 1156 3930 ad
1183 3856 1377 3932 satietatem
1404 3858 1516 3950 edite,
1555 3882 1623 3933 nox
1650 3881 1708 3933 su-

155 3977 357 4072 perveniens
383 3975 606 4071 prosequendi
633 3975 805 4068 fugientes
831 3975 932 4050 finem
960 3976 1063 4050 dedit.
1105 3976 1282 4070 Reliquias
1300 3977 1564 4073 Iaocuingorum
1582 4002 1622 4054 ee
1639 3981 1708 4056 ola·

155 4101 198 4172 de
225 4119 331 4190 usque
358 4098 401 4172 sd
428 4097 724 4190 interemptionem
752 4095 909 4170 ultimam
945 4097 1073 4172 deletas
1108 4119 1180 4172 esse
1216 4097 1267 4190 (hi
1293 4098 1384 4174 enim
1409 4101 1475 4174 soli
1502 4100 1710 4194 pertinacius

154 4219 370 4312 restiterant)
397 4220 526 4292 certum
553 4221 616 4292 est.
654 4219 774 4292 Plures
810 4217 947 4312 insuper
982 4220 1053 4292 tam
1089 4241 1133 4294 ex
1159 4219 1360 4314 leccuingis
1388 4243 1488 4312 quem
1515 4221 1708 4313 Lithueuis,

155 4339 217 4430 qui
243 4340 328 4433 luga
354 4341 543 4430 euaserant,
573 4339 698 4433 pudore
725 4338 814 4429 acti,
843 4339 923 4411 dum
951 4339 988 4412 in
1015 4341 1154 4433 penates
1190 4341 1343 4434 proprios
1379 4343 1439 4416 aut
1466 4343 1624 4416 metuunt
1650 4345 1710 4416 eut

156 4461 359 4536 erubescunt
386 4459 520 4551 reuerti,
550 4460 676 4554 partim
703 4461 835 4552 laqueo,
863 4459 987 4552 partim
1016 4461 1116 4551 fame,
1145 4462 1269 4556 partim
1288 4485 1452 4553 aquarum
1479 4463 1708 4554 suffocatione,

157 4582 302 4656 mortem
320 4580 385 4656 sibi
403 4581 633 4657 consciscunt:
661 4584 701 4655 ut
727 4604 771 4656 ex
798 4581 859 4655 illo
886 4582 1056 4672 frequenti
1084 4584 1301 4658 barbarorum
1327 4583 1478 4660 exercitu
1505 4585 1603 4678 peuci
1634 4585 1708 4660 tire·

157 4703 231 4776 rint
256 4703 478 4798 superstites,
516 4701 573 4795 qui
601 4704 661 4775 aut
687 4703 889 4776 Polonorum
927 4703 1053 4798 gladiis
1089 4726 1155 4778 non
1190 4704 1391 4796 ceciderint,
1428 4708 1489 4780 eut
1523 4706 1589 4780 sibi
1624 4706 1709 4800 ipsis

156 4825 299 4898 mortem
326 4823 551 4898 miserabilem
578 4846 645 4898 non
671 4822 907 4898 consciveriut.
936 4823 1059 4898 Mirum
1086 4825 1180 4898 dictu
1206 4828 1241 4901 et
1268 4825 1328 4900 vix
1345 4803 1515 4917 credibile,
1535 4827 1708 4921 apudPo·

156 4946 312 5020 lonorum
338 4944 524 5020 exercitum
552 4944 782 5038 scrupulosius
807 4945 1012 5020 recensitum
1040 4969 1136 5022 neruo
1162 4949 1317 5042 repertus
1355 4951 1409 5023 eet
1453 4947 1490 5022 in
1515 4971 1554 5022 eo
1581 4949 1709 5042 praelio

156 5069 193 5141 et
220 5066 255 5140 in
282 5066 509 5160 persequendo
536 5065 705 5140 cecidisse.
742 5065 834 5160 Quae
870 5090 922 5142 res
948 5069 1120 5144 oraculum
1155 5067 1318 5144 Lestlroni
1354 5069 1439 5145 Duoi
1475 5091 1535 5164 por
1560 5069 1709 5161 quietem

158 5188 298 5279 factum,
326 5211 393 5262 nou
420 5187 684 5295 phantasticum,
713 5210 779 5260 non
806 5189 1011 5282 humanum,
1041 5191 1098 5266 sed
1135 5189 1288 5265 diuinum
1314 5191 1350 5266 et
1375 5191 1539 5283 coeleste,
1567 5214 1605 5266 eo
1632 5215 1708 5286 pro·
1860 5207 1863 5215 '

161 5353 572 5368 wm—-z-n-..q

268 5459 292 5546 ¹)
314 5462 438 5526 Nismen
464 5461 535 5528 Ood.
558 5463 652 5528 Roer.
677 5462 704 5544 π)
726 5472 882 5540 penetrare
904 5483 992 5542 posce
1014 5465 1074 5528 Ed.
1097 5462 1183 5546 Lipa.
1209 5465 1236 5548 ³)
1259 5465 1442 5531 abduxerant
1467 5467 1537 5534 coo.
1560 5468 1653 5534 lucer.
