4246 6274
417 519 465 590 38
1027 542 1138 596 nunna
1164 544 1334 606 ausurus.
1680 521 1748 622 (Α.
1768 520 1815 598 D.
1835 523 1946 622 lter.)

414 726 481 802 culi
508 725 673 922 slqsecimen
709 729 878 823 praesedi
904 731 939 806 et
964 731 1098 808 futurae
1133 732 1237 808 aetati
1263 733 1304 810 do
1330 735 1400 808 tam
1437 735 1592 830 protenso
1630 733 1718 810 ritae
1752 755 1833 813 suae
1866 735 1943 829 spa·

415 848 463 924 tio
488 871 523 925 rc
539 849 672 946 iquerit.

865 1213 1074 1332 ANNUS
1090 1279 1094 1286 ·
1108 1214 1331 1332 DOMINI
1369 1217 1494 1332 1152.

414 1461 610 1540 illedirlrue
636 1465 784 1560 collectis
810 1465 969 1540 militibus
996 1467 1076 1542 lines
1103 1467 1251 1540 Pulonlee
1283 1466 1460 1560 ingreditur
1487 1471 1521 1542 et
1547 1465 1609 1540 dne
1638 1472 1747 1542 cestre
1773 1469 1945 1562 intercipit,

680 1605 762 1682 qnae
788 1607 865 1663 rnen
890 1588 1059 1664 llolcslnus
1085 1591 1232 1682 Princeps
1259 1593 1293 1664 et
1318 1589 1487 1664 florencia
1513 1595 1689 1681 recuperat

516 1832 570 1906 Rs
597 1829 726 1906 diutino
752 1831 912 1926 languore
938 1832 1089 1908 cunrado
1126 1833 1351 1910 Romanorum
1385 1833 1479 1930 Rege
1515 1833 1558 1908 ad
1584 1831 1753 1909 meliorem
1784 1833 1943 1910 ualitudi-

415 1976 490 2030 nonn
517 1952 689 2048 paulisper
716 1954 885 2046 redeunte,
913 1954 1121 2032 Wladislaus
1148 1933 1347 2031 Polonoium
1373 1957 1451 2030 Dux
1477 1955 1514 2030 in
1542 1955 1697 2030 Almania
1731 1978 1805 2032 oum
1841 1979 1945 2032 uxore

414 2081 449 2154 ot
475 2076 556 2150 filiis
583 2076 723 2152 exilium
750 2099 863 2172 agens,
891 2077 985 2154 nouis
1012 2078 1163 2174 precibus
1190 2078 1371 2170 Gaesarem,
1401 2080 1439 2153 ut
1466 2077 1518 2152 sui
1545 2081 1580 2153 et
1605 2077 1750 2154 filiorum
1778 2078 1945 2170 misertus,

415 2199 514 2272 illurn
539 2198 686 2294 amplius
712 2200 846 2276 exulem
872 2223 938 2274 non
964 2200 1115 2296 patiatur
1132 2201 1212 2294 fore,
1240 2200 1378 2296 fugitat.
1405 2197 1453 2275 dt
1470 2199 1643 2276 dunredus
1669 2201 1754 2293 Rex,
1782 2200 1847 2276 etsi
1866 2203 1944 2274 rub·

414 2320 614 2399 leniendum
641 2321 828 2400 Wledislae
854 2322 1062 2414 decrevisset,
1100 2322 1416 2416 subventionemque
1451 2321 1558 2418 ipsam
1579 2322 1602 2417 ¹)
1633 2325 1745 2398 crebro
1772 2321 1945 2418 pollicere-

415 2446 482 2534 tur,
506 2442 644 2539 Imperii
671 2444 783 2519 tamen
810 2447 907 2520 rebus
934 2444 1050 2520 dietim
1077 2445 1119 2520 ad
1145 2469 1179 2522 se
1198 2445 1438 2522 confluentibus
1464 2445 1643 2540 impeditus
1655 2444 1694 2540 Ἰ),
1722 2467 1856 2542 sperare
1874 2468 1945 2520 rna·

415 2565 469 2660 gis
486 2565 673 2642 Wladisloo
699 2567 898 2641 Polonorurn
925 2566 1008 2642 Deci
1037 2568 1232 2662 suffragium
1247 2565 1274 2663 3)
1301 2589 1500 2658 caesareum,
1530 2589 1629 2660 quam
1655 2567 1776 2643 habere
1802 2567 1945 2662 licuit).

415 2689 541 2764 Moram
566 2687 681 2780 itaque
707 2689 778 2762 tam
805 2689 940 2784 longam
976 2690 1077 2784 atque
1112 2689 1340 2764 continuatam
1375 2688 1582 2766 Wladislaus
1609 2711 1674 2763 non
1700 2689 1821 2780 ferens,
1856 2689 1945 2762 mili·

415 2809 499 2884 tiam
513 2809 541 2905 ⁶)
568 2809 632 2886 sibi
668 2811 790 2886 saltem
816 2834 836 2884 a
863 2810 1012 2886 cunrado
1039 2811 1132 2906 Rege
1168 2811 1240 2886 dari
1270 2810 1434 2906 expetiit:
1470 2810 1614 2905 quam⁶)
1639 2831 1715 2909 cum
1740 2810 1946 2886 liberalitato

415 2930 565 3008 Caesaris
592 2932 816 3028 impetrasset,
853 2932 1024 3008 Poloniam
1064 2933 1241 3030 screnitq
1268 2935 1303 3010 et
1329 2934 1393 3009 duo
1420 2936 1528 3009 castra
1562 2931 1724 3028 superiori
1751 2935 1947 3028 temporea

415 3077 450 3136 ue
477 3057 676 3148 constructo,
713 3055 868 3132 uidelicet
903 3055 1040 3132 Greedis
1055 3055 1083 3151 8)
1118 3058 1153 3132 et
1185 3057 1372 3152 Npempcne
1386 3056 1415 3156 9)
1445 3078 1488 3131 ex
1514 3054 1675 3146 trabibus,
1711 3055 1947 3149 roboribusque

416 3175 586 3268 fortificat,
623 3177 788 3270 fossisque
814 3181 849 3254 et
875 3178 975 3254 uallis
1001 3177 1155 3270 muniuit,
1194 3181 1230 3254 et
1254 3178 1402 3254 militum
1429 3177 1593 3274 praesidio
1619 3176 1753 3269 utuique
1779 3177 1946 3274 imposito,

415 3298 725 3375 wratislaviensem
751 3300 932 3391 ciuitatem,
961 3323 1044 3394 quac
1070 3297 1210 3377 vicinior
1236 3302 1385 3392 exiebat,
1422 3301 1635 3394 caeterasque
1662 3299 1811 3376 Polcniei
1836 3299 1949 3396 Regni

416 3444 490 3496 oras
516 3421 666 3518 affligere
693 3424 727 3498 ct
754 3421 914 3499 infestare
940 3423 1060 3518 coepit.
1088 3425 1163 3498 Non
1181 3423 1264 3500 tulit
1289 3446 1362 3499 eam
1387 3423 1562 3499 Boleslaus
1590 3423 1788 3497 Polonorum
1815 3423 1947 3497 blenar-

416 3545 480 3619 cha
506 3543 673 3636 iniuriam,
710 3545 767 3620 sed
799 3567 874 3620 cum
910 3548 1049 3638 utreque
1076 3567 1244 3642 germano,
1272 3547 1457 3642 Myecnslao
1483 3545 1640 3620 videlicet
1667 3546 1702 3619 et
1727 3543 1882 3636 Henrico,
1911 3546 1947 3617 ct

417 3666 620 3742 exercitibus
646 3665 865 3743 dominiorum
891 3684 1026 3744 suorum
1052 3689 1266 3764 consurgens,
1303 3670 1481 3759 utrumque
1508 3669 1654 3742 castrum
1681 3665 1850 3741 obsidione
1875 3666 1948 3740 uul-

416 3789 513 3880 leuit,
542 3789 857 3885 populationemque
887 3790 999 3886 Regni
1025 3790 1078 3866 sui
1105 3789 1287 3884 prohibuit.
1332 3789 1540 3867 Wladislarrs
1566 3790 1644 3862 Dux
1670 3787 1947 3883 superimminen-

416 3913 485 3988 tem
512 3911 713 3986 obsidionem
739 3935 805 3987 non
833 3914 951 4003 ferens,
981 3913 1038 3990 sed
1064 3912 1211 3988 strenuis
1237 3911 1402 3988 militibus
1429 3910 1607 3987 incastris
1632 3909 1772 4002 relictis,
1801 3911 1843 3986 ad
1860 3910 1947 3985 Oun-

417 4034 532 4110 radum
559 4057 618 4129 pro
645 4033 764 4109 solatio
785 4032 826 4128 ¹⁰)
854 4034 1011 4127 militum,
1040 4059 1104 4128 quo
1131 4034 1256 4110 obsidio
1273 4034 1313 4128 ¹¹)
1341 4033 1425 4110 solvi
1452 4036 1573 4128 posset,
1601 4032 1713 4108 rediit.
1758 4034 1804 4108 llt
1829 4055 1947 4124 quamv

416 4157 467 4234 ris
494 4157 621 4232 milites
647 4157 829 4234 Wladislai
856 4157 1001 4234 animose
1028 4159 1137 4233 castra
1163 4157 1239 4232 fidei
1267 4179 1346 4232 suae
1373 4156 1499 4232 credita
1525 4155 1630 4230 tutati
1657 4155 1817 4245 tuissent,
1845 4155 1948 4250 longa

417 4279 552 4354 tandem
588 4301 680 4356 mora
715 4279 896 4356 obsidionis
932 4280 1051 4371 fracti,
1088 4281 1165 4354 dum
1203 4281 1238 4354 et
1277 4301 1320 4354 ex
1353 4276 1512 4352 Alrnamia
1546 4278 1720 4352 ferendum
1763 4276 1949 4351 subsidium

417 4424 492 4496 spes
517 4423 629 4476 eorum
656 4401 838 4478 refellisset
863 4405 898 4476 et
923 4403 1029 4477 fames
1058 4401 1222 4496 primum,
1259 4401 1364 4475 morbi
1391 4400 1509 4475 deinde
1537 4399 1572 4474 in
1599 4421 1734 4494 corpora
1764 4419 1947 4474 sruccresce-

418 4525 503 4614 rent,
540 4526 649 4597 casira
684 4524 837 4599 Boleslao
855 4523 896 4619 ¹²)
922 4523 1007 4599 Duci
1033 4527 1067 4598 et
1094 4523 1306 4614 Menarchus,
1344 4521 1434 4617 pacti
1461 4544 1503 4598 me
1530 4521 1610 4614 quid
1636 4521 1759 4596 hostile
1794 4522 1947 4615 patorem

418 4649 485 4737 tur,
514 4646 665 4720 tradunt.

520 4767 635 4844 Rediit
661 4790 703 4844 err
730 4767 872 4844 Francia
908 4767 942 4842 in
977 4767 1100 4843 Urbem
1138 4766 1311 4862 Eugenius
1345 4767 1439 4861 Papa
1473 4765 1604 4856 tertius,
1642 4767 1677 4840 eb
1706 4766 1778 4840 tam
1803 4787 1824 4838 a
1849 4765 1948 4858 clero,

418 4913 518 4986 quam
544 4891 677 4986 populo,
706 4913 781 4966 curn
807 4891 902 4967 tanto
929 4889 1135 4996 humilitatis
1161 4890 1288 4965 feruore
1314 4890 1489 4984 susceptus
1507 4891 1569 4980 cst,
1598 4889 1637 4963 ut
1658 4886 1811 4964 uniuersa
1837 4885 1950 4965 concio

418 5015 455 5088 in
480 5014 614 5088 laudam
648 5035 742 5088 suam
777 5012 1013 5089 uociferatione
1039 5013 1110 5088 ulta
1137 5013 1363 5107 depromeret:
1389 5009 1599 5086 Benedictus
1625 5009 1682 5101 qui
1710 5009 1802 5086 uenit
1828 5009 1864 5084 in
1890 5031 1949 5086 no·

526 5203 550 5284 ¹)
572 5205 767 5280 auxiliumque
788 5206 846 5280 ipsi
871 5204 941 5267 doe.
964 5205 1057 5265 Reor.
1095 5203 1121 5283 Ω)
1143 5204 1217 5265 adeo
1240 5204 1459 5279 impediebatur,
1482 5208 1515 5264 ut
1539 5201 1609 5263 Ood.
1631 5203 1723 5264 Rosr.
1762 5198 1788 5280 3)
1811 5202 1950 5262 auxilium

423 5311 493 5374 Cod.
515 5311 607 5372 Rorr.
645 5307 1027 5388 ⁴)licuerit.00d.1loer.
1067 5305 1093 5388 5)
1116 5311 1223 5370 milites
1257 5307 1327 5370 Ood.
1356 5310 1447 5371 Rern.
1486 5304 1513 5386 ⁸)
1536 5325 1607 5382 quos
1641 5306 1711 5369 Ood.
1741 5307 1831 5370 Rosr.
1871 5303 1951 5382 ⁷)in

418 5416 568 5477 Polemiam
590 5417 670 5500 venit
702 5414 772 5476 Ood.
795 5416 886 5476 Roer.
925 5411 1095 5494 ⁸)Gredisz
1125 5415 1185 5476 Ed.
1209 5415 1301 5476 Dobr.
1340 5409 1367 5492 ο)
1389 5415 1525 5474 Niemcze
1555 5411 1624 5473 God.
1648 5413 1739 5474 Rern.
1780 5409 1820 5494 ¹⁰)
1841 5411 1951 5474 auxilio

425 5520 495 5588 coa.
517 5521 609 5582 Reae.
651 5517 690 5606 11)
714 5521 864 5584 obsidione
886 5521 945 5588 Ed.
968 5520 1062 5583 Dobr.
1104 5517 1143 5606 ¹⁹)
1164 5520 1300 5584 Boleslao
1322 5519 1425 5598 crispo
1448 5518 1507 5580 Ed.
1528 5517 1621 5580 Dobr.
