<?xml version="1.0" encoding="UTF-8"?>
<!DOCTYPE html PUBLIC "-//W3C//DTD XHTML 1.0 Transitional//EN"
    "http://www.w3.org/TR/xhtml1/DTD/xhtml1-transitional.dtd">
<html xmlns="http://www.w3.org/1999/xhtml" xml:lang="en" lang="en">
 <head>
  <title>
</title>
<meta http-equiv="Content-Type" content="text/html;charset=utf-8" />
  <meta name='ocr-system' content='tesseract 3.04.00' />
  <meta name='ocr-capabilities' content='ocr_page ocr_carea ocr_par ocr_line ocrx_word'/>
</head>
<body>
  <div class='ocr_page' id='page_1' title='image "./operaomnia02paulgoog_0458.png"; bbox 0 0 4162 6288; ppageno 0'>
   <div class='ocr_carea' id='block_1_1' title="bbox 396 529 1944 630">
    <p class='ocr_par' dir='ltr' id='par_1_1' title="bbox 396 529 1944 630">
     <span class='ocr_line' id='line_1_1' title="bbox 396 529 1944 630; baseline -0.002 -18"><span class='ocrx_word' id='word_1_1' title='bbox 396 536 472 612; x_wconf 77' lang='lat'><strong>442</strong></span> <span class='ocrx_word' id='word_1_2' title='bbox 1006 555 1118 610; x_wconf 79' lang='lat' dir='ltr'><strong>urana</strong></span> <span class='ocrx_word' id='word_1_3' title='bbox 1143 554 1337 609; x_wconf 80' lang='lat' dir='ltr'><strong>susumus.</strong></span> <span class='ocrx_word' id='word_1_4' title='bbox 1677 532 1738 629; x_wconf 86' lang='grc' dir='ltr'><strong>(Α.</strong></span> <span class='ocrx_word' id='word_1_5' title='bbox 1759 530 1805 608; x_wconf 81' lang='lat' dir='ltr'><strong>D.</strong></span> <span class='ocrx_word' id='word_1_6' title='bbox 1825 529 1944 630; x_wconf 84' lang='grc'><strong>1277.)</strong></span> 
     </span>
    </p>
   </div>
   <div class='ocr_carea' id='block_1_2' title="bbox 349 739 1949 2769">
    <p class='ocr_par' dir='ltr' id='par_1_2' title="bbox 349 739 1949 2769">
     <span class='ocr_line' id='line_1_2' title="bbox 396 739 1942 840; baseline -0.004 -18"><span class='ocrx_word' id='word_1_7' title='bbox 396 747 432 822; x_wconf 91' lang='lat' dir='ltr'><strong>et</strong></span> <span class='ocrx_word' id='word_1_8' title='bbox 458 767 535 822; x_wconf 87' lang='lat' dir='ltr'><strong>aum</strong></span> <span class='ocrx_word' id='word_1_9' title='bbox 562 743 681 840; x_wconf 84' lang='lat' dir='ltr'><strong>parato</strong></span> <span class='ocrx_word' id='word_1_10' title='bbox 720 763 797 820; x_wconf 86' lang='lat' dir='ltr'><strong>aare</strong></span> <span class='ocrx_word' id='word_1_11' title='bbox 823 743 924 838; x_wconf 82' lang='lat' dir='ltr'><strong>pasta</strong></span> <span class='ocrx_word' id='word_1_12' title='bbox 949 763 1084 818; x_wconf 88' lang='lat' dir='ltr'><strong>servare</strong></span> <span class='ocrx_word' id='word_1_13' title='bbox 1109 765 1176 819; x_wconf 87' lang='lat' dir='ltr'><strong>non</strong></span> <span class='ocrx_word' id='word_1_14' title='bbox 1203 742 1359 837; x_wconf 87' lang='lat' dir='ltr'><strong>possent,</strong></span> <span class='ocrx_word' id='word_1_15' title='bbox 1396 739 1545 816; x_wconf 82' lang='lat' dir='ltr'><strong>castrum</strong></span> <span class='ocrx_word' id='word_1_16' title='bbox 1572 741 1608 816; x_wconf 94' lang='lat' dir='ltr'><strong>et</strong></span> <span class='ocrx_word' id='word_1_17' title='bbox 1633 739 1794 836; x_wconf 90' lang='lat' dir='ltr'><strong>oppidum</strong></span> <span class='ocrx_word' id='word_1_18' title='bbox 1820 741 1942 816; x_wconf 80' lang='lat' dir='ltr'><strong>Kross-</strong></span> 
     </span>
     <span class='ocr_line' id='line_1_3' title="bbox 399 862 1944 960; baseline -0.005 -18"><span class='ocrx_word' id='word_1_19' title='bbox 399 889 477 942; x_wconf 88' lang='lat' dir='ltr'><strong>nam</strong></span> <span class='ocrx_word' id='word_1_20' title='bbox 504 867 540 940; x_wconf 91' lang='lat' dir='ltr'><strong>iu</strong></span> <span class='ocrx_word' id='word_1_21' title='bbox 567 888 699 941; x_wconf 87' lang='lat' dir='ltr'><strong>summa</strong></span> <span class='ocrx_word' id='word_1_22' title='bbox 725 865 891 960; x_wconf 90' lang='lat' dir='ltr'><strong>promissa</strong></span> <span class='ocrx_word' id='word_1_23' title='bbox 917 865 971 938; x_wconf 92' lang='lat' dir='ltr'><strong>illi</strong></span> <span class='ocrx_word' id='word_1_24' title='bbox 998 863 1164 958; x_wconf 87' lang='lat' dir='ltr'><strong>obligant.</strong></span> <span class='ocrx_word' id='word_1_25' title='bbox 1192 863 1371 938; x_wconf 87' lang='lat' dir='ltr'><strong>Boleslaus</strong></span> <span class='ocrx_word' id='word_1_26' title='bbox 1406 863 1523 955; x_wconf 84' lang='lat' dir='ltr'><strong>itaque</strong></span> <span class='ocrx_word' id='word_1_27' title='bbox 1548 862 1787 958; x_wconf 83' lang='lat' dir='ltr'><strong>Isgniosensis</strong></span> <span class='ocrx_word' id='word_1_28' title='bbox 1813 863 1893 936; x_wconf 82' lang='lat' dir='ltr'><strong>Dux</strong></span> <span class='ocrx_word' id='word_1_29' title='bbox 1909 863 1944 957; x_wconf 86' lang='lat'><strong>¹),</strong></span> 
     </span>
     <span class='ocr_line' id='line_1_4' title="bbox 395 983 1946 1080; baseline -0.003 -18"><span class='ocrx_word' id='word_1_30' title='bbox 395 1009 438 1062; x_wconf 90' lang='lat' dir='ltr'><strong>ne</strong></span> <span class='ocrx_word' id='word_1_31' title='bbox 465 988 630 1063; x_wconf 77' lang='lat' dir='ltr'><strong>mnduota</strong></span> <span class='ocrx_word' id='word_1_32' title='bbox 655 1007 699 1062; x_wconf 88' lang='lat' dir='ltr'><strong>err</strong></span> <span class='ocrx_word' id='word_1_33' title='bbox 725 984 882 1061; x_wconf 82' lang='lat' dir='ltr'><strong>Almonis</strong></span> <span class='ocrx_word' id='word_1_34' title='bbox 919 1007 1003 1080; x_wconf 90' lang='lat' dir='ltr'><strong>gens</strong></span> <span class='ocrx_word' id='word_1_35' title='bbox 1031 984 1166 1079; x_wconf 86' lang='lat' dir='ltr'><strong>eopiosa</strong></span> <span class='ocrx_word' id='word_1_36' title='bbox 1192 984 1322 1058; x_wconf 86' lang='lat' dir='ltr'><strong>frustra</strong></span> <span class='ocrx_word' id='word_1_37' title='bbox 1348 983 1556 1078; x_wconf 79' lang='lat' dir='ltr'>stipendium</span> <span class='ocrx_word' id='word_1_38' title='bbox 1584 983 1790 1078; x_wconf 88' lang='lat' dir='ltr'><strong>peruipsret,</strong></span> <span class='ocrx_word' id='word_1_39' title='bbox 1819 983 1946 1078; x_wconf 89' lang='lat' dir='ltr'><strong>primus</strong></span> 
     </span>
     <span class='ocr_line' id='line_1_5' title="bbox 396 1103 1946 1202; baseline -0.003 -19"><span class='ocrx_word' id='word_1_40' title='bbox 396 1107 509 1202; x_wconf 88' lang='lat' dir='ltr'><strong>eopias</strong></span> <span class='ocrx_word' id='word_1_41' title='bbox 536 1129 626 1199; x_wconf 85' lang='lat' dir='ltr'><strong>sues,</strong></span> <span class='ocrx_word' id='word_1_42' title='bbox 654 1106 893 1182; x_wconf 88' lang='lat' dir='ltr'><strong>adiuvantibus</strong></span> <span class='ocrx_word' id='word_1_43' title='bbox 920 1107 1020 1180; x_wconf 90' lang='lat' dir='ltr'><strong>illum</strong></span> <span class='ocrx_word' id='word_1_44' title='bbox 1048 1105 1130 1179; x_wconf 89' lang='lat' dir='ltr'><strong>iiliia</strong></span> <span class='ocrx_word' id='word_1_45' title='bbox 1156 1106 1239 1196; x_wconf 91' lang='lat' dir='ltr'><strong>suis,</strong></span> <span class='ocrx_word' id='word_1_46' title='bbox 1267 1104 1414 1180; x_wconf 88' lang='lat' dir='ltr'><strong>Henrioo</strong></span> <span class='ocrx_word' id='word_1_47' title='bbox 1429 1103 1469 1199; x_wconf 76' lang='lat'><strong>²),</strong></span> <span class='ocrx_word' id='word_1_48' title='bbox 1497 1105 1653 1181; x_wconf 90' lang='lat' dir='ltr'><strong>Boleslao</strong></span> <span class='ocrx_word' id='word_1_49' title='bbox 1680 1107 1715 1180; x_wconf 89' lang='lat' dir='ltr'><strong>st</strong></span> <span class='ocrx_word' id='word_1_50' title='bbox 1741 1103 1946 1193; x_wconf 82' lang='lat' dir='ltr'><strong>Bernhardo,</strong></span> 
     </span>
     <span class='ocr_line' id='line_1_6' title="bbox 395 1225 1946 1320; baseline -0.002 -17"><span class='ocrx_word' id='word_1_51' title='bbox 395 1227 525 1319; x_wconf 78' lang='lat' dir='ltr'><strong>eduxit,</strong></span> <span class='ocrx_word' id='word_1_52' title='bbox 554 1231 589 1304; x_wconf 89' lang='lat' dir='ltr'><strong>st</strong></span> <span class='ocrx_word' id='word_1_53' title='bbox 616 1231 742 1303; x_wconf 86' lang='lat' dir='ltr'><strong>terram</strong></span> <span class='ocrx_word' id='word_1_54' title='bbox 769 1226 1088 1304; x_wconf 84' lang='lat' dir='ltr'><strong>Wratislavienssm</strong></span> <span class='ocrx_word' id='word_1_55' title='bbox 1114 1226 1233 1301; x_wconf 91' lang='lat' dir='ltr'><strong>hostili</strong></span> <span class='ocrx_word' id='word_1_56' title='bbox 1260 1225 1450 1300; x_wconf 85' lang='lat' dir='ltr'><strong>vastatione</strong></span> <span class='ocrx_word' id='word_1_57' title='bbox 1476 1247 1671 1320; x_wconf 88' lang='lat' dir='ltr'><strong>aggressus,</strong></span> <span class='ocrx_word' id='word_1_58' title='bbox 1699 1226 1820 1320; x_wconf 90' lang='lat' dir='ltr'><strong>spoliis</strong></span> <span class='ocrx_word' id='word_1_59' title='bbox 1845 1227 1883 1300; x_wconf 92' lang='lat' dir='ltr'><strong>et</strong></span> <span class='ocrx_word' id='word_1_60' title='bbox 1896 1225 1946 1300; x_wconf 89' lang='lat' dir='ltr'><strong>in·</strong></span> 
     </span>
     <span class='ocr_line' id='line_1_7' title="bbox 396 1346 1946 1443; baseline -0.003 -19"><span class='ocrx_word' id='word_1_61' title='bbox 396 1349 512 1424; x_wconf 89' lang='lat' dir='ltr'><strong>esndio</strong></span> <span class='ocrx_word' id='word_1_62' title='bbox 548 1371 670 1424; x_wconf 83' lang='lat' dir='ltr'><strong>vexare</strong></span> <span class='ocrx_word' id='word_1_63' title='bbox 704 1349 825 1443; x_wconf 85' lang='lat' dir='ltr'><strong>eoepit.</strong></span> <span class='ocrx_word' id='word_1_64' title='bbox 861 1349 986 1424; x_wconf 78' lang='lat' dir='ltr'><strong>sonora</strong></span> <span class='ocrx_word' id='word_1_65' title='bbox 1020 1370 1119 1440; x_wconf 90' lang='lat' dir='ltr'><strong>quem</strong></span> <span class='ocrx_word' id='word_1_66' title='bbox 1154 1346 1490 1423; x_wconf 74' lang='lat' dir='ltr'><strong>wratislaviensium</strong></span> <span class='ocrx_word' id='word_1_67' title='bbox 1524 1347 1659 1441; x_wconf 80' lang='lat' dir='ltr'><strong>copiae,</strong></span> <span class='ocrx_word' id='word_1_68' title='bbox 1696 1347 1946 1441; x_wconf 74' lang='lat' dir='ltr'><strong>populationem</strong></span> 
     </span>
     <span class='ocr_line' id='line_1_8' title="bbox 397 1467 1945 1564; baseline -0.001 -20"><span class='ocrx_word' id='word_1_69' title='bbox 397 1492 554 1564; x_wconf 83' lang='lat' dir='ltr'><strong>agrorum</strong></span> <span class='ocrx_word' id='word_1_70' title='bbox 581 1491 716 1544; x_wconf 91' lang='lat' dir='ltr'><strong>suorum</strong></span> <span class='ocrx_word' id='word_1_71' title='bbox 744 1469 987 1564; x_wconf 80' lang='lat' dir='ltr'><strong>prohibitores,</strong></span> <span class='ocrx_word' id='word_1_72' title='bbox 1016 1489 1180 1562; x_wconf 81' lang='lat' dir='ltr'><strong>egressae,</strong></span> <span class='ocrx_word' id='word_1_73' title='bbox 1201 1467 1235 1541; x_wconf 91' lang='lat' dir='ltr'><strong>in</strong></span> <span class='ocrx_word' id='word_1_74' title='bbox 1263 1467 1507 1562; x_wconf 84' lang='lat' dir='ltr'><strong>campestribus</strong></span> <span class='ocrx_word' id='word_1_75' title='bbox 1526 1467 1616 1543; x_wconf 84' lang='lat' dir='ltr'><strong>inter</strong></span> <span class='ocrx_word' id='word_1_76' title='bbox 1633 1468 1792 1542; x_wconf 84' lang='lat' dir='ltr'><strong>Skoroloz</strong></span> <span class='ocrx_word' id='word_1_77' title='bbox 1810 1469 1846 1541; x_wconf 89' lang='lat' dir='ltr'><strong>et</strong></span> <span class='ocrx_word' id='word_1_78' title='bbox 1866 1468 1945 1542; x_wconf 92' lang='lat' dir='ltr'><strong>Pro-</strong></span> 
     </span>
     <span class='ocr_line' id='line_1_9' title="bbox 400 1586 1947 1683; baseline -0.003 -17"><span class='ocrx_word' id='word_1_79' title='bbox 400 1613 539 1666; x_wconf 85' lang='lat' dir='ltr'><strong>onanum</strong></span> <span class='ocrx_word' id='word_1_80' title='bbox 567 1593 789 1681; x_wconf 87' lang='lat' dir='ltr'><strong>eonourrunt,</strong></span> <span class='ocrx_word' id='word_1_81' title='bbox 827 1590 973 1664; x_wconf 77' lang='lat' dir='ltr'><strong>sabbato</strong></span> <span class='ocrx_word' id='word_1_82' title='bbox 1000 1613 1133 1680; x_wconf 90' lang='lat' dir='ltr'><strong>quoque</strong></span> <span class='ocrx_word' id='word_1_83' title='bbox 1166 1589 1201 1662; x_wconf 93' lang='lat' dir='ltr'><strong>in</strong></span> <span class='ocrx_word' id='word_1_84' title='bbox 1229 1589 1345 1664; x_wconf 73' lang='lat' dir='ltr'><strong>saneti</strong></span> <span class='ocrx_word' id='word_1_85' title='bbox 1381 1588 1519 1683; x_wconf 82' lang='lat' dir='ltr'><strong>Georgii</strong></span> <span class='ocrx_word' id='word_1_86' title='bbox 1546 1586 1641 1682; x_wconf 60' lang='lat' dir='ltr'><strong>dieb</strong></span> <span class='ocrx_word' id='word_1_87' title='bbox 1677 1587 1813 1662; x_wconf 77' lang='lat' dir='ltr'><strong>infestis</strong></span> <span class='ocrx_word' id='word_1_88' title='bbox 1840 1587 1947 1682; x_wconf 88' lang='lat' dir='ltr'><strong>signis</strong></span> 
     </span>
     <span class='ocr_line' id='line_1_10' title="bbox 402 1707 1948 1806; baseline -0.003 -21"><span class='ocrx_word' id='word_1_89' title='bbox 402 1733 553 1806; x_wconf 83' lang='lat' dir='ltr'><strong>pugnam</strong></span> <span class='ocrx_word' id='word_1_90' title='bbox 581 1711 810 1786; x_wconf 77' lang='lat' dir='ltr'><strong>committunt.</strong></span> <span class='ocrx_word' id='word_1_91' title='bbox 846 1710 981 1804; x_wconf 84' lang='lat' dir='ltr'><strong>Magnis</strong></span> <span class='ocrx_word' id='word_1_92' title='bbox 1018 1709 1145 1785; x_wconf 88' lang='lat' dir='ltr'><strong>viribus</strong></span> <span class='ocrx_word' id='word_1_93' title='bbox 1172 1713 1214 1784; x_wconf 91' lang='lat' dir='ltr'><strong>ab</strong></span> <span class='ocrx_word' id='word_1_94' title='bbox 1241 1710 1395 1800; x_wconf 88' lang='lat' dir='ltr'><strong>utrisque</strong></span> <span class='ocrx_word' id='word_1_95' title='bbox 1421 1711 1632 1800; x_wconf 86' lang='lat' dir='ltr'><strong>uertabetur,</strong></span> <span class='ocrx_word' id='word_1_96' title='bbox 1668 1709 1855 1800; x_wconf 88' lang='lat' dir='ltr'><strong>tantosque</strong></span> <span class='ocrx_word' id='word_1_97' title='bbox 1882 1707 1948 1783; x_wconf 85' lang='lat' dir='ltr'><strong>luit</strong></span> 
     </span>
     <span class='ocr_line' id='line_1_11' title="bbox 349 1829 1944 1926; baseline 0.001 -23"><span class='ocrx_word' id='word_1_98' title='bbox 349 1897 352 1903; x_wconf 88' lang='lat'><em>.</em></span> <span class='ocrx_word' id='word_1_99' title='bbox 406 1832 581 1926; x_wconf 86' lang='lat' dir='ltr'><strong>pugnandi</strong></span> <span class='ocrx_word' id='word_1_100' title='bbox 599 1832 877 1923; x_wconf 75' lang='lat' dir='ltr'><strong>autequando,</strong></span> <span class='ocrx_word' id='word_1_101' title='bbox 906 1835 946 1904; x_wconf 89' lang='lat' dir='ltr'><strong>ut</strong></span> <span class='ocrx_word' id='word_1_102' title='bbox 973 1853 1056 1925; x_wconf 88' lang='lat' dir='ltr'><strong>pene</strong></span> <span class='ocrx_word' id='word_1_103' title='bbox 1083 1852 1188 1923; x_wconf 88' lang='lat' dir='ltr'><strong>usque</strong></span> <span class='ocrx_word' id='word_1_104' title='bbox 1215 1831 1258 1904; x_wconf 88' lang='lat' dir='ltr'><strong>ad</strong></span> <span class='ocrx_word' id='word_1_105' title='bbox 1285 1829 1578 1924; x_wconf 78' lang='lat' dir='ltr'><strong>interemptionem</strong></span> <span class='ocrx_word' id='word_1_106' title='bbox 1613 1829 1721 1924; x_wconf 87' lang='lat' dir='ltr'><strong>partis</strong></span> <span class='ocrx_word' id='word_1_107' title='bbox 1758 1830 1944 1922; x_wconf 88' lang='lat' dir='ltr'><strong>utriusque,</strong></span> 
     </span>
     <span class='ocr_line' id='line_1_12' title="bbox 399 1950 1946 2047; baseline 0 -21"><span class='ocrx_word' id='word_1_108' title='bbox 399 1955 521 2028; x_wconf 86' lang='lat' dir='ltr'><strong>neutra</strong></span> <span class='ocrx_word' id='word_1_109' title='bbox 547 1955 643 2047; x_wconf 85' lang='lat' dir='ltr'><strong>parte</strong></span> <span class='ocrx_word' id='word_1_110' title='bbox 669 1953 787 2047; x_wconf 81' lang='lat' dir='ltr'><strong>perlem</strong></span> <span class='ocrx_word' id='word_1_111' title='bbox 814 1953 990 2044; x_wconf 83' lang='lat' dir='ltr'><strong>referente,</strong></span> <span class='ocrx_word' id='word_1_112' title='bbox 1019 1952 1195 2026; x_wconf 88' lang='lat' dir='ltr'><strong>oonfiiutus</strong></span> <span class='ocrx_word' id='word_1_113' title='bbox 1221 1952 1369 2026; x_wconf 86' lang='lat' dir='ltr'><strong>duraret.</strong></span> <span class='ocrx_word' id='word_1_114' title='bbox 1397 1951 1504 2026; x_wconf 75' lang='lat' dir='ltr'><strong>(laede</strong></span> <span class='ocrx_word' id='word_1_115' title='bbox 1530 1973 1661 2044; x_wconf 85' lang='lat' dir='ltr'><strong>quoque</strong></span> <span class='ocrx_word' id='word_1_116' title='bbox 1688 1950 1820 2046; x_wconf 82' lang='lat' dir='ltr'><strong>ingenti</strong></span> <span class='ocrx_word' id='word_1_117' title='bbox 1847 1951 1946 2026; x_wconf 90' lang='lat' dir='ltr'><strong>Bole-</strong></span> 
     </span>
     <span class='ocr_line' id='line_1_13' title="bbox 398 2071 1948 2168; baseline -0.002 -21"><span class='ocrx_word' id='word_1_118' title='bbox 398 2073 492 2148; x_wconf 89' lang='lat' dir='ltr'><strong>slaus</strong></span> <span class='ocrx_word' id='word_1_119' title='bbox 519 2073 756 2168; x_wconf 83' lang='lat' dir='ltr'><strong>Legniosensis</strong></span> <span class='ocrx_word' id='word_1_120' title='bbox 782 2074 860 2146; x_wconf 78' lang='lat' dir='ltr'><strong>Itur</strong></span> <span class='ocrx_word' id='word_1_121' title='bbox 875 2075 901 2166; x_wconf 69' lang='grc'><strong>4)</strong></span> <span class='ocrx_word' id='word_1_122' title='bbox 930 2095 1065 2147; x_wconf 89' lang='lat' dir='ltr'><strong>suorum</strong></span> <span class='ocrx_word' id='word_1_123' title='bbox 1092 2075 1281 2166; x_wconf 76' lang='lat' dir='ltr'><strong>conspecta,</strong></span> <span class='ocrx_word' id='word_1_124' title='bbox 1310 2073 1353 2146; x_wconf 85' lang='lat' dir='ltr'><strong>ad</strong></span> <span class='ocrx_word' id='word_1_125' title='bbox 1379 2074 1634 2164; x_wconf 83' lang='lat' dir='ltr'><strong>extremumque</strong></span> <span class='ocrx_word' id='word_1_126' title='bbox 1661 2093 1738 2146; x_wconf 90' lang='lat' dir='ltr'><strong>suos</strong></span> <span class='ocrx_word' id='word_1_127' title='bbox 1756 2071 1948 2166; x_wconf 75' lang='lat' dir='ltr'><strong>suspicatus</strong></span> 
     </span>
     <span class='ocr_line' id='line_1_14' title="bbox 399 2191 1949 2286; baseline -0.001 -18"><span class='ocrx_word' id='word_1_128' title='bbox 399 2193 590 2286; x_wconf 72' lang='lat' dir='ltr'><strong>urendos,</strong></span> <span class='ocrx_word' id='word_1_129' title='bbox 619 2215 695 2268; x_wconf 88' lang='lat' dir='ltr'><strong>oum</strong></span> <span class='ocrx_word' id='word_1_130' title='bbox 721 2215 788 2268; x_wconf 89' lang='lat' dir='ltr'><strong>uno</strong></span> <span class='ocrx_word' id='word_1_131' title='bbox 814 2194 1047 2269; x_wconf 86' lang='lat' dir='ltr'><strong>tantummodo</strong></span> <span class='ocrx_word' id='word_1_132' title='bbox 1074 2193 1206 2284; x_wconf 88' lang='lat' dir='ltr'><strong>oomite,</strong></span> <span class='ocrx_word' id='word_1_133' title='bbox 1234 2215 1276 2268; x_wconf 90' lang='lat' dir='ltr'><strong>ne</strong></span> <span class='ocrx_word' id='word_1_134' title='bbox 1304 2192 1339 2266; x_wconf 90' lang='lat' dir='ltr'><strong>in</strong></span> <span class='ocrx_word' id='word_1_135' title='bbox 1366 2191 1696 2270; x_wconf 82' lang='lat' dir='ltr'><strong>wuatislavieusr&#39;um</strong></span> <span class='ocrx_word' id='word_1_136' title='bbox 1722 2191 1854 2268; x_wconf 87' lang='lat' dir='ltr'><strong>veniret</strong></span> <span class='ocrx_word' id='word_1_137' title='bbox 1879 2213 1949 2266; x_wconf 72' lang='lat' dir='ltr'><strong>ma</strong></span> 
     </span>
     <span class='ocr_line' id='line_1_15' title="bbox 398 2313 1948 2409; baseline -0.001 -19"><span class='ocrx_word' id='word_1_138' title='bbox 398 2337 472 2406; x_wconf 86' lang='lat' dir='ltr'><strong>nus,</strong></span> <span class='ocrx_word' id='word_1_139' title='bbox 500 2338 519 2390; x_wconf 90' lang='lat' dir='ltr'><strong>e</strong></span> <span class='ocrx_word' id='word_1_140' title='bbox 546 2314 675 2409; x_wconf 88' lang='lat' dir='ltr'><strong>praelio</strong></span> <span class='ocrx_word' id='word_1_141' title='bbox 702 2314 851 2409; x_wconf 83' lang='lat' dir='ltr'><strong>diffugit.</strong></span> <span class='ocrx_word' id='word_1_142' title='bbox 879 2315 989 2388; x_wconf 83' lang='lat' dir='ltr'><strong>Filius</strong></span> <span class='ocrx_word' id='word_1_143' title='bbox 1016 2315 1152 2389; x_wconf 88' lang='lat' dir='ltr'><strong>tandem</strong></span> <span class='ocrx_word' id='word_1_144' title='bbox 1180 2336 1261 2390; x_wconf 91' lang='lat' dir='ltr'><strong>suus</strong></span> <span class='ocrx_word' id='word_1_145' title='bbox 1288 2314 1394 2388; x_wconf 87' lang='lat' dir='ltr'><strong>maior</strong></span> <span class='ocrx_word' id='word_1_146' title='bbox 1419 2315 1503 2388; x_wconf 86' lang='lat' dir='ltr'><strong>natu</strong></span> <span class='ocrx_word' id='word_1_147' title='bbox 1530 2315 1707 2404; x_wconf 90' lang='lat' dir='ltr'><strong>Henrieus,</strong></span> <span class='ocrx_word' id='word_1_148' title='bbox 1736 2317 1772 2388; x_wconf 88' lang='lat' dir='ltr'><strong>et</strong></span> <span class='ocrx_word' id='word_1_149' title='bbox 1797 2313 1901 2388; x_wconf 75' lang='lat' dir='ltr'><strong>Ducis</strong></span> <span class='ocrx_word' id='word_1_150' title='bbox 1914 2315 1948 2390; x_wconf 87' lang='lat' dir='ltr'><strong>et</strong></span> 
     </span>
     <span class='ocr_line' id='line_1_16' title="bbox 399 2425 1946 2530; baseline -0.001 -20"><span class='ocrx_word' id='word_1_151' title='bbox 399 2425 696 2510; x_wconf 87' lang='lat' dir='ltr'><strong>militisolfieium</strong></span> <span class='ocrx_word' id='word_1_152' title='bbox 722 2457 853 2530; x_wconf 88' lang='lat' dir='ltr'><strong>gerens,</strong></span> <span class='ocrx_word' id='word_1_153' title='bbox 883 2455 1032 2530; x_wconf 87' lang='lat' dir='ltr'><strong>pugnam</strong></span> <span class='ocrx_word' id='word_1_154' title='bbox 1059 2435 1095 2508; x_wconf 90' lang='lat' dir='ltr'><strong>in</strong></span> <span class='ocrx_word' id='word_1_155' title='bbox 1121 2435 1204 2510; x_wconf 88' lang='lat' dir='ltr'><strong>loeis</strong></span> <span class='ocrx_word' id='word_1_156' title='bbox 1232 2435 1386 2529; x_wconf 90' lang='lat' dir='ltr'><strong>pluribus</strong></span> <span class='ocrx_word' id='word_1_157' title='bbox 1422 2435 1477 2510; x_wconf 89' lang='lat' dir='ltr'><strong>vol</strong></span> <span class='ocrx_word' id='word_1_158' title='bbox 1511 2435 1711 2510; x_wconf 86' lang='lat' dir='ltr'><strong>destitutam</strong></span> <span class='ocrx_word' id='word_1_159' title='bbox 1747 2435 1801 2510; x_wconf 92' lang='lat' dir='ltr'><strong>vsl</strong></span> <span class='ocrx_word' id='word_1_160' title='bbox 1828 2434 1946 2508; x_wconf 89' lang='lat' dir='ltr'><strong>labeu-</strong></span> 
     </span>
     <span class='ocr_line' id='line_1_17' title="bbox 396 2555 1946 2651; baseline -0.001 -19"><span class='ocrx_word' id='word_1_161' title='bbox 396 2560 465 2632; x_wconf 87' lang='lat' dir='ltr'><strong>tem</strong></span> <span class='ocrx_word' id='word_1_162' title='bbox 494 2557 657 2632; x_wconf 86' lang='lat' dir='ltr'><strong>restituit.</strong></span> <span class='ocrx_word' id='word_1_163' title='bbox 684 2555 808 2630; x_wconf 83' lang='lat' dir='ltr'><strong>Animo</strong></span> <span class='ocrx_word' id='word_1_164' title='bbox 834 2556 954 2632; x_wconf 82' lang='lat' dir='ltr'><strong>deinde</strong></span> <span class='ocrx_word' id='word_1_165' title='bbox 982 2556 1157 2651; x_wconf 77' lang='lat' dir='ltr'><strong>pertinaci,</strong></span> <span class='ocrx_word' id='word_1_166' title='bbox 1186 2558 1395 2631; x_wconf 72' lang='lat' dir='ltr'><strong>spumantem</strong></span> <span class='ocrx_word' id='word_1_167' title='bbox 1422 2578 1458 2632; x_wconf 90' lang='lat' dir='ltr'><strong>se</strong></span> <span class='ocrx_word' id='word_1_168' title='bbox 1484 2555 1658 2642; x_wconf 87' lang='lat' dir='ltr'><strong>exhibens,</strong></span> <span class='ocrx_word' id='word_1_169' title='bbox 1686 2555 1946 2633; x_wconf 85' lang='lat' dir='ltr'><strong>wratislavien-</strong></span> 
     </span>
     <span class='ocr_line' id='line_1_18' title="bbox 399 2677 1944 2769; baseline -0.001 -15"><span class='ocrx_word' id='word_1_170' title='bbox 399 2699 454 2754; x_wconf 86' lang='lat' dir='ltr'><strong>ses</strong></span> <span class='ocrx_word' id='word_1_171' title='bbox 479 2679 515 2753; x_wconf 86' lang='lat' dir='ltr'><strong>et</strong></span> <span class='ocrx_word' id='word_1_172' title='bbox 540 2701 655 2753; x_wconf 89' lang='lat' dir='ltr'><strong>eornm</strong></span> <span class='ocrx_word' id='word_1_173' title='bbox 681 2679 867 2754; x_wconf 88' lang='lat' dir='ltr'><strong>auxiliares</strong></span> <span class='ocrx_word' id='word_1_174' title='bbox 892 2677 1137 2769; x_wconf 81' lang='lat' dir='ltr'><strong>Greoovienses,</strong></span> <span class='ocrx_word' id='word_1_175' title='bbox 1166 2677 1463 2769; x_wconf 82' lang='lat' dir='ltr'><strong>Sandomirienses,</strong></span> <span class='ocrx_word' id='word_1_176' title='bbox 1491 2678 1720 2768; x_wconf 75' lang='lat' dir='ltr'><strong>Calissienses,</strong></span> <span class='ocrx_word' id='word_1_177' title='bbox 1740 2677 1944 2754; x_wconf 87' lang='lat' dir='ltr'><strong>Posuanisn·</strong></span> 
     </span>
    </p>
   </div>
   <div class='ocr_carea' id='block_1_3' title="bbox 397 2798 1945 3136">
    <p class='ocr_par' dir='ltr' id='par_1_3' title="bbox 397 2798 1945 3136">
     <span class='ocr_line' id='line_1_19' title="bbox 402 2798 1940 2906; baseline -0.003 -30"><span class='ocrx_word' id='word_1_178' title='bbox 402 2821 473 2906; x_wconf 79' lang='lat' dir='ltr'><strong>ses,</strong></span> <span class='ocrx_word' id='word_1_179' title='bbox 495 2798 737 2894; x_wconf 82' lang='lat' dir='ltr'><strong>Glogovionses</strong></span> <span class='ocrx_word' id='word_1_180' title='bbox 763 2801 798 2873; x_wconf 92' lang='lat' dir='ltr'><strong>et</strong></span> <span class='ocrx_word' id='word_1_181' title='bbox 825 2799 1020 2893; x_wconf 89' lang='lat' dir='ltr'><strong>Opolisnses</strong></span> <span class='ocrx_word' id='word_1_182' title='bbox 1056 2799 1184 2872; x_wconf 86' lang='lat' dir='ltr'><strong>milites</strong></span> <span class='ocrx_word' id='word_1_183' title='bbox 1221 2799 1363 2893; x_wconf 86' lang='lat' dir='ltr'><strong>pervioit</strong></span> <span class='ocrx_word' id='word_1_184' title='bbox 1389 2801 1425 2874; x_wconf 90' lang='lat' dir='ltr'><strong>et</strong></span> <span class='ocrx_word' id='word_1_185' title='bbox 1451 2799 1652 2890; x_wconf 85' lang='lat' dir='ltr'><strong>debellavit,</strong></span> <span class='ocrx_word' id='word_1_186' title='bbox 1690 2801 1725 2873; x_wconf 93' lang='lat' dir='ltr'><strong>et</strong></span> <span class='ocrx_word' id='word_1_187' title='bbox 1760 2799 1876 2892; x_wconf 90' lang='lat' dir='ltr'><strong>plures</strong></span> <span class='ocrx_word' id='word_1_188' title='bbox 1901 2798 1940 2894; x_wconf 69' lang='lat' dir='ltr'><strong>sle</strong></span> 
     </span>
     <span class='ocr_line' id='line_1_20' title="bbox 401 2919 1944 3015; baseline -0.002 -21"><span class='ocrx_word' id='word_1_189' title='bbox 401 2919 568 2994; x_wconf 89' lang='lat' dir='ltr'><strong>militibus</strong></span> <span class='ocrx_word' id='word_1_190' title='bbox 594 2919 829 3011; x_wconf 82' lang='lat' dir='ltr'><strong>auxiliaribus,</strong></span> <span class='ocrx_word' id='word_1_191' title='bbox 858 2923 957 3014; x_wconf 89' lang='lat' dir='ltr'><strong>turpe</strong></span> <span class='ocrx_word' id='word_1_192' title='bbox 983 2920 1218 3014; x_wconf 84' lang='lat' dir='ltr'><strong>ingeneratis,</strong></span> <span class='ocrx_word' id='word_1_193' title='bbox 1246 2921 1347 3014; x_wconf 90' lang='lat' dir='ltr'><strong>oepit.</strong></span> <span class='ocrx_word' id='word_1_194' title='bbox 1384 2921 1524 3014; x_wconf 87' lang='lat' dir='ltr'><strong>Strages</strong></span> <span class='ocrx_word' id='word_1_195' title='bbox 1560 2920 1595 2995; x_wconf 89' lang='lat' dir='ltr'><strong>in</strong></span> <span class='ocrx_word' id='word_1_196' title='bbox 1621 2943 1659 2996; x_wconf 91' lang='lat' dir='ltr'><strong>eo</strong></span> <span class='ocrx_word' id='word_1_197' title='bbox 1686 2919 1813 3015; x_wconf 89' lang='lat' dir='ltr'><strong>praello</strong></span> <span class='ocrx_word' id='word_1_198' title='bbox 1841 2919 1944 2994; x_wconf 89' lang='lat' dir='ltr'><strong>maior</strong></span> 
     </span>
     <span class='ocr_line' id='line_1_21' title="bbox 397 3040 1945 3136; baseline 0.001 -21"><span class='ocrx_word' id='word_1_199' title='bbox 397 3063 500 3132; x_wconf 90' lang='lat' dir='ltr'><strong>qaam</strong></span> <span class='ocrx_word' id='word_1_200' title='bbox 527 3063 586 3136; x_wconf 90' lang='lat' dir='ltr'><strong>pro</strong></span> <span class='ocrx_word' id='word_1_201' title='bbox 612 3063 751 3117; x_wconf 88' lang='lat' dir='ltr'><strong>numero</strong></span> <span class='ocrx_word' id='word_1_202' title='bbox 776 3040 869 3116; x_wconf 88' lang='lat' dir='ltr'><strong>edita</strong></span> <span class='ocrx_word' id='word_1_203' title='bbox 895 3043 959 3132; x_wconf 88' lang='lat' dir='ltr'><strong>est,</strong></span> <span class='ocrx_word' id='word_1_204' title='bbox 987 3043 1027 3115; x_wconf 89' lang='lat' dir='ltr'><strong>ut</strong></span> <span class='ocrx_word' id='word_1_205' title='bbox 1052 3040 1297 3136; x_wconf 83' lang='lat' dir='ltr'><strong>Legniononsss</strong></span> <span class='ocrx_word' id='word_1_206' title='bbox 1323 3042 1476 3135; x_wconf 86' lang='lat' dir='ltr'><strong>quamvis</strong></span> <span class='ocrx_word' id='word_1_207' title='bbox 1503 3041 1657 3132; x_wconf 84' lang='lat' dir='ltr'><strong>victores,</strong></span> <span class='ocrx_word' id='word_1_208' title='bbox 1685 3042 1826 3116; x_wconf 84' lang='lat' dir='ltr'><strong>eruenta</strong></span> <span class='ocrx_word' id='word_1_209' title='bbox 1844 3041 1945 3116; x_wconf 87' lang='lat' dir='ltr'><strong>vieto·</strong></span> 
     </span>
    </p>
   </div>
   <div class='ocr_carea' id='block_1_4' title="bbox 395 3160 1947 4951">
    <p class='ocr_par' dir='ltr' id='par_1_4' title="bbox 398 3160 1944 3378">
     <span class='ocr_line' id='line_1_22' title="bbox 398 3160 1944 3258; baseline 0 -24"><span class='ocrx_word' id='word_1_210' title='bbox 398 3161 452 3236; x_wconf 86' lang='lat' dir='ltr'><strong>ria</strong></span> <span class='ocrx_word' id='word_1_211' title='bbox 478 3163 627 3254; x_wconf 86' lang='lat' dir='ltr'><strong>obtenta,</strong></span> <span class='ocrx_word' id='word_1_212' title='bbox 655 3160 756 3237; x_wconf 85' lang='lat' dir='ltr'><strong>vietis</strong></span> <span class='ocrx_word' id='word_1_213' title='bbox 783 3161 949 3236; x_wconf 89' lang='lat' dir='ltr'><strong>insultare</strong></span> <span class='ocrx_word' id='word_1_214' title='bbox 974 3161 1199 3254; x_wconf 89' lang='lat' dir='ltr'><strong>nequiverint.</strong></span> <span class='ocrx_word' id='word_1_215' title='bbox 1236 3163 1278 3236; x_wconf 92' lang='lat' dir='ltr'><strong>In</strong></span> <span class='ocrx_word' id='word_1_216' title='bbox 1304 3185 1342 3236; x_wconf 93' lang='lat' dir='ltr'><strong>eo</strong></span> <span class='ocrx_word' id='word_1_217' title='bbox 1370 3163 1497 3258; x_wconf 89' lang='lat' dir='ltr'><strong>praelio</strong></span> <span class='ocrx_word' id='word_1_218' title='bbox 1532 3161 1757 3237; x_wconf 84' lang='lat' dir='ltr'><strong>Prnsmisleus</strong></span> <span class='ocrx_word' id='word_1_219' title='bbox 1784 3160 1944 3236; x_wconf 82' lang='lat' dir='ltr'><strong>Posnani·</strong></span> 
     </span>
     <span class='ocr_line' id='line_1_23' title="bbox 398 3281 1398 3378; baseline -0.001 -20"><span class='ocrx_word' id='word_1_220' title='bbox 398 3281 490 3358; x_wconf 88' lang='lat' dir='ltr'><strong>ensis</strong></span> <span class='ocrx_word' id='word_1_221' title='bbox 516 3282 593 3356; x_wconf 83' lang='lat' dir='ltr'><strong>Dux</strong></span> <span class='ocrx_word' id='word_1_222' title='bbox 620 3281 755 3378; x_wconf 86' lang='lat' dir='ltr'><strong>eapitur</strong></span> <span class='ocrx_word' id='word_1_223' title='bbox 780 3283 816 3357; x_wconf 91' lang='lat' dir='ltr'><strong>et</strong></span> <span class='ocrx_word' id='word_1_224' title='bbox 842 3283 958 3377; x_wconf 88' lang='lat' dir='ltr'><strong>plures</strong></span> <span class='ocrx_word' id='word_1_225' title='bbox 985 3282 1113 3357; x_wconf 88' lang='lat' dir='ltr'><strong>milltes</strong></span> <span class='ocrx_word' id='word_1_226' title='bbox 1140 3303 1220 3358; x_wconf 90' lang='lat' dir='ltr'><strong>suae</strong></span> <span class='ocrx_word' id='word_1_227' title='bbox 1247 3282 1398 3358; x_wconf 88' lang='lat' dir='ltr'><strong>ditionis.</strong></span> 
     </span>
    </p>

    <p class='ocr_par' dir='ltr' id='par_1_5' title="bbox 395 3402 1947 4951">
     <span class='ocr_line' id='line_1_24' title="bbox 500 3402 1946 3482; baseline 0 -4"><span class='ocrx_word' id='word_1_228' title='bbox 500 3402 653 3478; x_wconf 89' lang='lat' dir='ltr'><strong>Pereulsi</strong></span> <span class='ocrx_word' id='word_1_229' title='bbox 666 3425 706 3479; x_wconf 85' lang='lat' dir='ltr'><strong>ea</strong></span> <span class='ocrx_word' id='word_1_230' title='bbox 732 3403 828 3479; x_wconf 87' lang='lat' dir='ltr'><strong>elada</strong></span> <span class='ocrx_word' id='word_1_231' title='bbox 853 3403 1155 3482; x_wconf 76' lang='lat' dir='ltr'><strong>wratislavienses</strong></span> <span class='ocrx_word' id='word_1_232' title='bbox 1180 3405 1222 3478; x_wconf 86' lang='lat' dir='ltr'><strong>ed</strong></span> <span class='ocrx_word' id='word_1_233' title='bbox 1250 3404 1472 3480; x_wconf 88' lang='lat' dir='ltr'><strong>Promislaum</strong></span> <span class='ocrx_word' id='word_1_234' title='bbox 1499 3403 1586 3480; x_wconf 90' lang='lat' dir='ltr'><strong>alias</strong></span> <span class='ocrx_word' id='word_1_235' title='bbox 1612 3405 1814 3478; x_wconf 86' lang='lat' dir='ltr'><strong>Ottokurum</strong></span> <span class='ocrx_word' id='word_1_236' title='bbox 1841 3403 1946 3478; x_wconf 90' lang='lat' dir='ltr'><strong>Bohe-</strong></span> 
     </span>
     <span class='ocr_line' id='line_1_25' title="bbox 402 3519 1944 3620; baseline 0.001 -23"><span class='ocrx_word' id='word_1_237' title='bbox 402 3519 490 3598; x_wconf 87' lang='lat' dir='ltr'><strong>miae</strong></span> <span class='ocrx_word' id='word_1_238' title='bbox 507 3523 637 3620; x_wconf 83' lang='lat' dir='ltr'><strong>Regem</strong></span> <span class='ocrx_word' id='word_1_239' title='bbox 664 3523 787 3598; x_wconf 85' lang='lat' dir='ltr'><strong>solatia</strong></span> <span class='ocrx_word' id='word_1_240' title='bbox 802 3523 831 3618; x_wconf 85' lang='lat'><strong>⁶)</strong></span> <span class='ocrx_word' id='word_1_241' title='bbox 857 3524 998 3619; x_wconf 88' lang='lat' dir='ltr'><strong>petituri</strong></span> <span class='ocrx_word' id='word_1_242' title='bbox 1034 3525 1219 3600; x_wconf 88' lang='lat' dir='ltr'><strong>divertant.</strong></span> <span class='ocrx_word' id='word_1_243' title='bbox 1255 3525 1302 3599; x_wconf 84' lang='lat' dir='ltr'><strong>Et</strong></span> <span class='ocrx_word' id='word_1_244' title='bbox 1336 3547 1402 3617; x_wconf 91' lang='lat' dir='ltr'><strong>quo</strong></span> <span class='ocrx_word' id='word_1_245' title='bbox 1438 3525 1536 3600; x_wconf 88' lang='lat' dir='ltr'><strong>fidior</strong></span> <span class='ocrx_word' id='word_1_246' title='bbox 1570 3525 1660 3620; x_wconf 89' lang='lat' dir='ltr'><strong>parti</strong></span> <span class='ocrx_word' id='word_1_247' title='bbox 1696 3547 1810 3601; x_wconf 89' lang='lat' dir='ltr'><strong>eorum</strong></span> <span class='ocrx_word' id='word_1_248' title='bbox 1846 3525 1944 3614; x_wconf 82' lang='lat' dir='ltr'><strong>esset,</strong></span> 
     </span>
     <span class='ocr_line' id='line_1_26' title="bbox 400 3643 1945 3741; baseline -0.001 -22"><span class='ocrx_word' id='word_1_249' title='bbox 400 3667 476 3719; x_wconf 86' lang='lat' dir='ltr'><strong>eum</strong></span> <span class='ocrx_word' id='word_1_250' title='bbox 512 3645 607 3720; x_wconf 90' lang='lat' dir='ltr'><strong>velut</strong></span> <span class='ocrx_word' id='word_1_251' title='bbox 640 3645 827 3720; x_wconf 78' lang='lat' dir='ltr'><strong>avunculus</strong></span> <span class='ocrx_word' id='word_1_252' title='bbox 862 3667 1045 3740; x_wconf 86' lang='lat' dir='ltr'><strong>germanus</strong></span> <span class='ocrx_word' id='word_1_253' title='bbox 1079 3647 1274 3721; x_wconf 84' lang='lat' dir='ltr'><strong>Bolesleum</strong></span> <span class='ocrx_word' id='word_1_254' title='bbox 1308 3645 1571 3741; x_wconf 81' lang='lat' dir='ltr'><strong>Legniorenssm</strong></span> <span class='ocrx_word' id='word_1_255' title='bbox 1607 3645 1777 3739; x_wconf 69' lang='lat' dir='ltr'><strong>Duoem⁶l</strong></span> <span class='ocrx_word' id='word_1_256' title='bbox 1812 3643 1945 3718; x_wconf 87' lang='lat' dir='ltr'><strong>eretiori</strong></span> 
     </span>
     <span class='ocr_line' id='line_1_27' title="bbox 397 3763 1947 3862; baseline 0 -24"><span class='ocrx_word' id='word_1_257' title='bbox 397 3763 566 3840; x_wconf 85' lang='lat' dir='ltr'><strong>affinitate</strong></span> <span class='ocrx_word' id='word_1_258' title='bbox 593 3766 816 3862; x_wconf 77' lang='lat' dir='ltr'><strong>mutingeret,</strong></span> <span class='ocrx_word' id='word_1_259' title='bbox 845 3768 993 3842; x_wconf 86' lang='lat' dir='ltr'><strong>oestrum</strong></span> <span class='ocrx_word' id='word_1_260' title='bbox 1020 3769 1056 3842; x_wconf 90' lang='lat' dir='ltr'><strong>et</strong></span> <span class='ocrx_word' id='word_1_261' title='bbox 1082 3767 1242 3862; x_wconf 87' lang='lat' dir='ltr'><strong>oppidum</strong></span> <span class='ocrx_word' id='word_1_262' title='bbox 1268 3767 1479 3861; x_wconf 61' lang='lat' dir='ltr'><strong>Kloeasko&#39;)</strong></span> <span class='ocrx_word' id='word_1_263' title='bbox 1506 3767 1614 3842; x_wconf 83' lang='lat' dir='ltr'><strong>morte</strong></span> <span class='ocrx_word' id='word_1_264' title='bbox 1631 3789 1693 3842; x_wconf 89' lang='lat' dir='ltr'><strong>sua</strong></span> <span class='ocrx_word' id='word_1_265' title='bbox 1710 3767 1746 3840; x_wconf 92' lang='lat' dir='ltr'><strong>in</strong></span> <span class='ocrx_word' id='word_1_266' title='bbox 1764 3765 1947 3840; x_wconf 82' lang='lat' dir='ltr'><strong>Henrioum</strong></span> 
     </span>
     <span class='ocr_line' id='line_1_28' title="bbox 400 3885 1947 3982; baseline 0.001 -22"><span class='ocrx_word' id='word_1_267' title='bbox 400 3889 559 3979; x_wconf 89' lang='lat' dir='ltr'><strong>quartum</strong></span> <span class='ocrx_word' id='word_1_268' title='bbox 585 3889 712 3964; x_wconf 82' lang='lat' dir='ltr'><strong>Dauom</strong></span> <span class='ocrx_word' id='word_1_269' title='bbox 738 3885 1054 3964; x_wconf 84' lang='lat' dir='ltr'><strong>Wratislaviensem</strong></span> <span class='ocrx_word' id='word_1_270' title='bbox 1073 3890 1322 3980; x_wconf 88' lang='lat' dir='ltr'><strong>revolvendum,</strong></span> <span class='ocrx_word' id='word_1_271' title='bbox 1342 3890 1494 3964; x_wconf 86' lang='lat' dir='ltr'><strong>tradunt.</strong></span> <span class='ocrx_word' id='word_1_272' title='bbox 1521 3889 1624 3964; x_wconf 83' lang='lat' dir='ltr'><strong>(luins</strong></span> <span class='ocrx_word' id='word_1_273' title='bbox 1641 3887 1897 3982; x_wconf 88' lang='lat' dir='ltr'><strong>interpositione</strong></span> <span class='ocrx_word' id='word_1_274' title='bbox 1913 3888 1947 3962; x_wconf 86' lang='lat' dir='ltr'><strong>ot</strong></span> 
     </span>
     <span class='ocr_line' id='line_1_29' title="bbox 396 4007 1946 4104; baseline -0.001 -22"><span class='ocrx_word' id='word_1_275' title='bbox 396 4030 507 4102; x_wconf 90' lang='lat' dir='ltr'><strong>opera,</strong></span> <span class='ocrx_word' id='word_1_276' title='bbox 535 4009 720 4084; x_wconf 86' lang='lat' dir='ltr'><strong>eonstituto</strong></span> <span class='ocrx_word' id='word_1_277' title='bbox 746 4010 836 4103; x_wconf 90' lang='lat' dir='ltr'><strong>apud</strong></span> <span class='ocrx_word' id='word_1_278' title='bbox 863 4009 1031 4084; x_wconf 84' lang='lat' dir='ltr'><strong>Klouaslro</strong></span> <span class='ocrx_word' id='word_1_279' title='bbox 1059 4010 1260 4104; x_wconf 80' lang='lat' dir='ltr'><strong>placitorum</strong></span> <span class='ocrx_word' id='word_1_280' title='bbox 1288 4009 1361 4101; x_wconf 91' lang='lat' dir='ltr'><strong>die,</strong></span> <span class='ocrx_word' id='word_1_281' title='bbox 1390 4032 1458 4103; x_wconf 84' lang='lat' dir='ltr'><strong>pax</strong></span> <span class='ocrx_word' id='word_1_282' title='bbox 1484 4009 1574 4084; x_wconf 91' lang='lat' dir='ltr'><strong>inter</strong></span> <span class='ocrx_word' id='word_1_283' title='bbox 1600 4011 1795 4084; x_wconf 89' lang='lat' dir='ltr'><strong>Bolesleum</strong></span> <span class='ocrx_word' id='word_1_284' title='bbox 1822 4007 1946 4101; x_wconf 82' lang='lat' dir='ltr'><strong>Legei-</strong></span> 
     </span>
     <span class='ocr_line' id='line_1_30' title="bbox 398 4128 1946 4224; baseline -0.001 -22"><span class='ocrx_word' id='word_1_285' title='bbox 398 4149 549 4204; x_wconf 87' lang='lat' dir='ltr'><strong>oaensom</strong></span> <span class='ocrx_word' id='word_1_286' title='bbox 576 4131 611 4204; x_wconf 91' lang='lat' dir='ltr'><strong>et</strong></span> <span class='ocrx_word' id='word_1_287' title='bbox 638 4128 821 4204; x_wconf 90' lang='lat' dir='ltr'><strong>Henrioum</strong></span> <span class='ocrx_word' id='word_1_288' title='bbox 849 4131 994 4204; x_wconf 88' lang='lat' dir='ltr'><strong>Probum</strong></span> <span class='ocrx_word' id='word_1_289' title='bbox 1021 4130 1349 4221; x_wconf 77' lang='lat' dir='ltr'><strong>wratislaviensem,</strong></span> <span class='ocrx_word' id='word_1_290' title='bbox 1377 4131 1487 4206; x_wconf 90' lang='lat' dir='ltr'><strong>Duoes</strong></span> <span class='ocrx_word' id='word_1_291' title='bbox 1502 4131 1549 4224; x_wconf 69' lang='lat'><strong>⁸),</strong></span> <span class='ocrx_word' id='word_1_292' title='bbox 1578 4132 1640 4204; x_wconf 91' lang='lat' dir='ltr'><strong>sub</strong></span> <span class='ocrx_word' id='word_1_293' title='bbox 1666 4131 1721 4203; x_wconf 90' lang='lat' dir='ltr'><strong>his</strong></span> <span class='ocrx_word' id='word_1_294' title='bbox 1748 4128 1946 4204; x_wconf 78' lang='lat' dir='ltr'><strong>subditioni·</strong></span> 
     </span>
     <span class='ocr_line' id='line_1_31' title="bbox 396 4249 1946 4344; baseline 0.001 -21"><span class='ocrx_word' id='word_1_295' title='bbox 396 4251 470 4340; x_wconf 91' lang='lat' dir='ltr'><strong>bus,</strong></span> <span class='ocrx_word' id='word_1_296' title='bbox 498 4249 579 4325; x_wconf 81' lang='lat' dir='ltr'><strong>lieet</strong></span> <span class='ocrx_word' id='word_1_297' title='bbox 605 4250 751 4326; x_wconf 87' lang='lat' dir='ltr'><strong>Henrieo</strong></span> <span class='ocrx_word' id='word_1_298' title='bbox 778 4253 899 4342; x_wconf 79' lang='lat' dir='ltr'><strong>quarto</strong></span> <span class='ocrx_word' id='word_1_299' title='bbox 926 4251 1032 4325; x_wconf 93' lang='lat' dir='ltr'><strong>Probo</strong></span> <span class='ocrx_word' id='word_1_300' title='bbox 1060 4273 1178 4344; x_wconf 91' lang='lat' dir='ltr'><strong>parum</strong></span> <span class='ocrx_word' id='word_1_301' title='bbox 1218 4251 1335 4342; x_wconf 88' lang='lat' dir='ltr'><strong>aequis</strong></span> <span class='ocrx_word' id='word_1_302' title='bbox 1381 4251 1465 4344; x_wconf 85' lang='lat' dir='ltr'><strong>(iam</strong></span> <span class='ocrx_word' id='word_1_303' title='bbox 1501 4252 1591 4326; x_wconf 89' lang='lat' dir='ltr'><strong>enim</strong></span> <span class='ocrx_word' id='word_1_304' title='bbox 1617 4252 1795 4326; x_wconf 88' lang='lat' dir='ltr'><strong>Boleslaus</strong></span> <span class='ocrx_word' id='word_1_305' title='bbox 1823 4249 1946 4343; x_wconf 84' lang='lat' dir='ltr'><strong>legul·</strong></span> 
     </span>
     <span class='ocr_line' id='line_1_32' title="bbox 398 4369 1947 4466; baseline -0.001 -23"><span class='ocrx_word' id='word_1_306' title='bbox 398 4370 527 4444; x_wconf 86' lang='lat' dir='ltr'><strong>oaensis</strong></span> <span class='ocrx_word' id='word_1_307' title='bbox 553 4371 631 4444; x_wconf 85' lang='lat' dir='ltr'><strong>Dux</strong></span> <span class='ocrx_word' id='word_1_308' title='bbox 644 4370 673 4464; x_wconf 83' lang='lat'><strong>⁹)</strong></span> <span class='ocrx_word' id='word_1_309' title='bbox 699 4393 743 4444; x_wconf 83' lang='lat' dir='ltr'><strong>ex</strong></span> <span class='ocrx_word' id='word_1_310' title='bbox 769 4369 909 4445; x_wconf 81' lang='lat' dir='ltr'><strong>viatoria</strong></span> <span class='ocrx_word' id='word_1_311' title='bbox 936 4371 1134 4446; x_wconf 88' lang='lat' dir='ltr'><strong>insolentior</strong></span> <span class='ocrx_word' id='word_1_312' title='bbox 1160 4373 1271 4445; x_wconf 83' lang='lat' dir='ltr'><strong>festus</strong></span> <span class='ocrx_word' id='word_1_313' title='bbox 1297 4373 1422 4465; x_wconf 83' lang='lat' dir='ltr'><strong>iuerat)</strong></span> <span class='ocrx_word' id='word_1_314' title='bbox 1449 4373 1677 4466; x_wconf 88' lang='lat' dir='ltr'><strong>oomponitur:</strong></span> <span class='ocrx_word' id='word_1_315' title='bbox 1706 4373 1755 4445; x_wconf 82' lang='lat' dir='ltr'><strong>Ut</strong></span> <span class='ocrx_word' id='word_1_316' title='bbox 1772 4371 1947 4445; x_wconf 87' lang='lat' dir='ltr'><strong>Boleslaus</strong></span> 
     </span>
     <span class='ocr_line' id='line_1_33' title="bbox 397 4490 1946 4587; baseline 0.003 -24"><span class='ocrx_word' id='word_1_317' title='bbox 397 4490 638 4584; x_wconf 83' lang='lat' dir='ltr'><strong>Legnionensis</strong></span> <span class='ocrx_word' id='word_1_318' title='bbox 664 4491 743 4564; x_wconf 84' lang='lat' dir='ltr'><strong>Dur</strong></span> <span class='ocrx_word' id='word_1_319' title='bbox 763 4491 807 4585; x_wconf 89' lang='lat'><strong>¹⁰)</strong></span> <span class='ocrx_word' id='word_1_320' title='bbox 834 4493 989 4586; x_wconf 88' lang='lat' dir='ltr'><strong>nepotem</strong></span> <span class='ocrx_word' id='word_1_321' title='bbox 1025 4515 1123 4566; x_wconf 88' lang='lat' dir='ltr'><strong>suum</strong></span> <span class='ocrx_word' id='word_1_322' title='bbox 1158 4493 1343 4568; x_wconf 87' lang='lat' dir='ltr'><strong>Henrioum</strong></span> <span class='ocrx_word' id='word_1_323' title='bbox 1377 4495 1521 4568; x_wconf 90' lang='lat' dir='ltr'><strong>Probum</strong></span> <span class='ocrx_word' id='word_1_324' title='bbox 1549 4495 1675 4568; x_wconf 87' lang='lat' dir='ltr'><strong>Dueem</strong></span> <span class='ocrx_word' id='word_1_325' title='bbox 1701 4515 1722 4566; x_wconf 93' lang='lat' dir='ltr'><strong>a</strong></span> <span class='ocrx_word' id='word_1_326' title='bbox 1748 4493 1946 4587; x_wconf 83' lang='lat' dir='ltr'><strong>captivitate</strong></span> 
     </span>
     <span class='ocr_line' id='line_1_34' title="bbox 397 4611 1945 4708; baseline 0.001 -22"><span class='ocrx_word' id='word_1_327' title='bbox 397 4611 517 4702; x_wconf 89' lang='lat' dir='ltr'><strong>solvat,</strong></span> <span class='ocrx_word' id='word_1_328' title='bbox 546 4611 631 4685; x_wconf 88' lang='lat' dir='ltr'><strong>Duoi</strong></span> <span class='ocrx_word' id='word_1_329' title='bbox 658 4633 789 4704; x_wconf 86' lang='lat' dir='ltr'><strong>quoque</strong></span> <span class='ocrx_word' id='word_1_330' title='bbox 816 4611 1021 4687; x_wconf 87' lang='lat' dir='ltr'><strong>Praemislao</strong></span> <span class='ocrx_word' id='word_1_331' title='bbox 1048 4614 1268 4688; x_wconf 86' lang='lat' dir='ltr'><strong>Posnanlensi</strong></span> <span class='ocrx_word' id='word_1_332' title='bbox 1304 4615 1339 4688; x_wconf 92' lang='lat' dir='ltr'><strong>et</strong></span> <span class='ocrx_word' id='word_1_333' title='bbox 1379 4613 1546 4688; x_wconf 88' lang='lat' dir='ltr'><strong>militibus</strong></span> <span class='ocrx_word' id='word_1_334' title='bbox 1574 4615 1609 4688; x_wconf 92' lang='lat' dir='ltr'><strong>in</strong></span> <span class='ocrx_word' id='word_1_335' title='bbox 1636 4615 1765 4708; x_wconf 87' lang='lat' dir='ltr'><strong>praelio</strong></span> <span class='ocrx_word' id='word_1_336' title='bbox 1791 4615 1835 4688; x_wconf 86' lang='lat' dir='ltr'><strong>ad</strong></span> <span class='ocrx_word' id='word_1_337' title='bbox 1862 4616 1945 4688; x_wconf 78' lang='lat' dir='ltr'><strong>Slvo-</strong></span> 
     </span>
     <span class='ocr_line' id='line_1_35' title="bbox 396 4731 1946 4829; baseline 0.005 -25"><span class='ocrx_word' id='word_1_338' title='bbox 396 4731 486 4806; x_wconf 84' lang='lat' dir='ltr'><strong>rolon</strong></span> <span class='ocrx_word' id='word_1_339' title='bbox 512 4732 632 4827; x_wconf 88' lang='lat' dir='ltr'><strong>eaptia,</strong></span> <span class='ocrx_word' id='word_1_340' title='bbox 659 4732 892 4828; x_wconf 78' lang='lat' dir='ltr'><strong>captivitatem</strong></span> <span class='ocrx_word' id='word_1_341' title='bbox 919 4733 1092 4822; x_wconf 88' lang='lat' dir='ltr'><strong>remittat;</strong></span> <span class='ocrx_word' id='word_1_342' title='bbox 1121 4734 1287 4809; x_wconf 89' lang='lat' dir='ltr'><strong>Henrious</strong></span> <span class='ocrx_word' id='word_1_343' title='bbox 1314 4737 1442 4809; x_wconf 90' lang='lat' dir='ltr'><strong>Probus</strong></span> <span class='ocrx_word' id='word_1_344' title='bbox 1469 4738 1590 4829; x_wconf 87' lang='lat' dir='ltr'><strong>patruo</strong></span> <span class='ocrx_word' id='word_1_345' title='bbox 1616 4758 1675 4810; x_wconf 91' lang='lat' dir='ltr'><strong>suo</strong></span> <span class='ocrx_word' id='word_1_346' title='bbox 1700 4736 1858 4810; x_wconf 89' lang='lat' dir='ltr'><strong>Boleslao</strong></span> <span class='ocrx_word' id='word_1_347' title='bbox 1884 4737 1946 4811; x_wconf 79' lang='lat' dir='ltr'><strong>Is·</strong></span> 
     </span>
     <span class='ocr_line' id='line_1_36' title="bbox 395 4852 1946 4951; baseline 0.003 -25"><span class='ocrx_word' id='word_1_348' title='bbox 395 4852 568 4948; x_wconf 84' lang='lat' dir='ltr'><strong>gnioaensi</strong></span> <span class='ocrx_word' id='word_1_349' title='bbox 595 4854 679 4929; x_wconf 88' lang='lat' dir='ltr'><strong>Duoi</strong></span> <span class='ocrx_word' id='word_1_350' title='bbox 699 4853 740 4948; x_wconf 85' lang='lat'><strong>¹¹)</strong></span> <span class='ocrx_word' id='word_1_351' title='bbox 767 4855 808 4931; x_wconf 78' lang='lat' dir='ltr'><strong>‹le</strong></span> <span class='ocrx_word' id='word_1_352' title='bbox 834 4853 956 4931; x_wconf 85' lang='lat' dir='ltr'><strong>uestris</strong></span> <span class='ocrx_word' id='word_1_353' title='bbox 982 4857 1018 4930; x_wconf 91' lang='lat' dir='ltr'><strong>et</strong></span> <span class='ocrx_word' id='word_1_354' title='bbox 1043 4855 1240 4931; x_wconf 89' lang='lat' dir='ltr'><strong>eivitatibus</strong></span> <span class='ocrx_word' id='word_1_355' title='bbox 1267 4858 1454 4951; x_wconf 85' lang='lat' dir='ltr'><strong>Struegom,</strong></span> <span class='ocrx_word' id='word_1_356' title='bbox 1474 4857 1567 4932; x_wconf 90' lang='lat' dir='ltr'><strong>Novo</strong></span> <span class='ocrx_word' id='word_1_357' title='bbox 1585 4858 1667 4950; x_wconf 86' lang='lat' dir='ltr'><strong>foro,</strong></span> <span class='ocrx_word' id='word_1_358' title='bbox 1687 4859 1835 4950; x_wconf 85' lang='lat' dir='ltr'><strong>Strosaa,</strong></span> <span class='ocrx_word' id='word_1_359' title='bbox 1851 4857 1946 4933; x_wconf 79' lang='lat' dir='ltr'><strong>Grei-</strong></span> 
     </span>
    </p>
   </div>
   <div class='ocr_carea' id='block_1_5' title="bbox 396 5164 1943 5560">
    <p class='ocr_par' dir='ltr' id='par_1_6' title="bbox 396 5164 1943 5560">
     <span class='ocr_line' id='line_1_37' title="bbox 505 5164 1942 5250; baseline -0.002 -20"><span class='ocrx_word' id='word_1_360' title='bbox 505 5164 530 5250; x_wconf 85' lang='lat'><strong>¹)</strong></span> <span class='ocrx_word' id='word_1_361' title='bbox 553 5169 620 5230; x_wconf 85' lang='lat' dir='ltr'><strong>Dux</strong></span> <span class='ocrx_word' id='word_1_362' title='bbox 641 5169 776 5231; x_wconf 73' lang='lat' dir='ltr'><strong>demtis</strong></span> <span class='ocrx_word' id='word_1_363' title='bbox 802 5168 872 5230; x_wconf 79' lang='lat' dir='ltr'><strong>God.</strong></span> <span class='ocrx_word' id='word_1_364' title='bbox 895 5168 969 5230; x_wconf 74' lang='lat' dir='ltr'><strong>Ast.</strong></span> <span class='ocrx_word' id='word_1_365' title='bbox 1001 5167 1030 5247; x_wconf 62' lang='grc' dir='ltr'><strong>Ω)</strong></span> <span class='ocrx_word' id='word_1_366' title='bbox 1052 5170 1182 5230; x_wconf 87' lang='lat' dir='ltr'><strong>Henrioo</strong></span> <span class='ocrx_word' id='word_1_367' title='bbox 1213 5169 1352 5230; x_wconf 85' lang='lat' dir='ltr'><strong>videlicet</strong></span> <span class='ocrx_word' id='word_1_368' title='bbox 1383 5169 1454 5232; x_wconf 80' lang='lat' dir='ltr'><strong>Ood.</strong></span> <span class='ocrx_word' id='word_1_369' title='bbox 1478 5169 1569 5233; x_wconf 76' lang='lat' dir='ltr'><strong>Beer.</strong></span> <span class='ocrx_word' id='word_1_370' title='bbox 1610 5168 1638 5248; x_wconf 81' lang='lat'><strong>³)</strong></span> <span class='ocrx_word' id='word_1_371' title='bbox 1661 5169 1737 5231; x_wconf 84' lang='lat' dir='ltr'><strong>lesio</strong></span> <span class='ocrx_word' id='word_1_372' title='bbox 1767 5169 1828 5232; x_wconf 79' lang='lat' dir='ltr'><strong>Ed.</strong></span> <span class='ocrx_word' id='word_1_373' title='bbox 1857 5171 1942 5246; x_wconf 79' lang='lat' dir='ltr'><strong>Lips.</strong></span> 
     </span>
     <span class='ocr_line' id='line_1_38' title="bbox 398 5267 1942 5351; baseline 0.001 -21"><span class='ocrx_word' id='word_1_374' title='bbox 398 5267 425 5350; x_wconf 86' lang='lat'><strong>⁴)</strong></span> <span class='ocrx_word' id='word_1_375' title='bbox 447 5271 514 5332; x_wconf 81' lang='lat' dir='ltr'><strong>Dar</strong></span> <span class='ocrx_word' id='word_1_376' title='bbox 536 5275 614 5334; x_wconf 78' lang='lat' dir='ltr'><strong>deest</strong></span> <span class='ocrx_word' id='word_1_377' title='bbox 635 5275 670 5334; x_wconf 77' lang='lat' dir='ltr'><strong>ise</strong></span> <span class='ocrx_word' id='word_1_378' title='bbox 696 5273 767 5334; x_wconf 77' lang='lat' dir='ltr'><strong>Ood.</strong></span> <span class='ocrx_word' id='word_1_379' title='bbox 791 5273 864 5333; x_wconf 77' lang='lat' dir='ltr'><strong>Aet.</strong></span> <span class='ocrx_word' id='word_1_380' title='bbox 890 5270 918 5346; x_wconf 80' lang='lat'><strong>⁶)</strong></span> <span class='ocrx_word' id='word_1_381' title='bbox 934 5273 1044 5332; x_wconf 84' lang='lat' dir='ltr'><strong>auxilia</strong></span> <span class='ocrx_word' id='word_1_382' title='bbox 1062 5275 1133 5334; x_wconf 82' lang='lat' dir='ltr'><strong>Ood.</strong></span> <span class='ocrx_word' id='word_1_383' title='bbox 1156 5276 1248 5335; x_wconf 81' lang='lat' dir='ltr'><strong>Beer.</strong></span> <span class='ocrx_word' id='word_1_384' title='bbox 1280 5270 1309 5348; x_wconf 78' lang='lat'><strong>⁶)</strong></span> <span class='ocrx_word' id='word_1_385' title='bbox 1331 5274 1442 5334; x_wconf 88' lang='lat' dir='ltr'><strong>Ducem</strong></span> <span class='ocrx_word' id='word_1_386' title='bbox 1465 5276 1599 5335; x_wconf 74' lang='lat' dir='ltr'><strong>deestis</strong></span> <span class='ocrx_word' id='word_1_387' title='bbox 1625 5275 1694 5335; x_wconf 82' lang='lat' dir='ltr'><strong>God.</strong></span> <span class='ocrx_word' id='word_1_388' title='bbox 1717 5274 1791 5335; x_wconf 82' lang='lat' dir='ltr'><strong>Aut.</strong></span> <span class='ocrx_word' id='word_1_389' title='bbox 1826 5271 1942 5351; x_wconf 72' lang='lat' dir='ltr'><strong>⁷illle</strong></span> 
     </span>
     <span class='ocr_line' id='line_1_39' title="bbox 398 5373 1943 5456; baseline 0.003 -22"><span class='ocrx_word' id='word_1_390' title='bbox 398 5376 471 5436; x_wconf 78' lang='lat' dir='ltr'><strong>ealro</strong></span> <span class='ocrx_word' id='word_1_391' title='bbox 498 5373 569 5437; x_wconf 77' lang='lat' dir='ltr'><strong>sou.</strong></span> <span class='ocrx_word' id='word_1_392' title='bbox 592 5378 684 5438; x_wconf 79' lang='lat' dir='ltr'><strong>Itosr.</strong></span> <span class='ocrx_word' id='word_1_393' title='bbox 710 5373 737 5454; x_wconf 80' lang='lat'><strong>⁸)</strong></span> <span class='ocrx_word' id='word_1_394' title='bbox 758 5374 857 5437; x_wconf 84' lang='lat' dir='ltr'><strong>Duces</strong></span> <span class='ocrx_word' id='word_1_395' title='bbox 879 5378 958 5437; x_wconf 79' lang='lat' dir='ltr'><strong>deest</strong></span> <span class='ocrx_word' id='word_1_396' title='bbox 979 5379 1015 5436; x_wconf 80' lang='lat' dir='ltr'><strong>io</strong></span> <span class='ocrx_word' id='word_1_397' title='bbox 1042 5375 1114 5438; x_wconf 81' lang='lat' dir='ltr'><strong>Ood.</strong></span> <span class='ocrx_word' id='word_1_398' title='bbox 1138 5375 1212 5437; x_wconf 78' lang='lat' dir='ltr'><strong>Aut.</strong></span> <span class='ocrx_word' id='word_1_399' title='bbox 1237 5374 1266 5456; x_wconf 68' lang='grc' dir='ltr'><strong>ο)</strong></span> <span class='ocrx_word' id='word_1_400' title='bbox 1289 5379 1356 5438; x_wconf 87' lang='lat' dir='ltr'><strong>Dux</strong></span> <span class='ocrx_word' id='word_1_401' title='bbox 1377 5378 1456 5438; x_wconf 71' lang='lat' dir='ltr'><strong>deest</strong></span> <span class='ocrx_word' id='word_1_402' title='bbox 1477 5381 1513 5438; x_wconf 78' lang='lat' dir='ltr'><strong>is</strong></span> <span class='ocrx_word' id='word_1_403' title='bbox 1538 5377 1609 5439; x_wconf 72' lang='lat' dir='ltr'><strong>(lod.</strong></span> <span class='ocrx_word' id='word_1_404' title='bbox 1631 5377 1704 5438; x_wconf 83' lang='lat' dir='ltr'><strong>Aut.</strong></span> <span class='ocrx_word' id='word_1_405' title='bbox 1732 5375 1773 5456; x_wconf 84' lang='lat'><strong>¹⁰)</strong></span> <span class='ocrx_word' id='word_1_406' title='bbox 1787 5377 1855 5438; x_wconf 83' lang='lat' dir='ltr'><strong>Dux</strong></span> <span class='ocrx_word' id='word_1_407' title='bbox 1869 5379 1943 5439; x_wconf 71' lang='lat' dir='ltr'><strong>deut</strong></span> 
     </span>
     <span class='ocr_line' id='line_1_40' title="bbox 396 5478 1142 5560; baseline 0 -18"><span class='ocrx_word' id='word_1_408' title='bbox 396 5482 432 5542; x_wconf 79' lang='lat' dir='ltr'><strong>ia</strong></span> <span class='ocrx_word' id='word_1_409' title='bbox 458 5478 529 5542; x_wconf 71' lang='lat' dir='ltr'><strong>(lod.</strong></span> <span class='ocrx_word' id='word_1_410' title='bbox 552 5480 626 5542; x_wconf 79' lang='lat' dir='ltr'><strong>Aut.</strong></span> <span class='ocrx_word' id='word_1_411' title='bbox 654 5480 694 5560; x_wconf 80' lang='grc' dir='ltr'><strong>ιι)</strong></span> <span class='ocrx_word' id='word_1_412' title='bbox 717 5481 793 5542; x_wconf 86' lang='lat' dir='ltr'><strong>Daoi</strong></span> <span class='ocrx_word' id='word_1_413' title='bbox 815 5483 893 5544; x_wconf 83' lang='lat' dir='ltr'><strong>deest</strong></span> <span class='ocrx_word' id='word_1_414' title='bbox 914 5484 950 5544; x_wconf 77' lang='lat' dir='ltr'><strong>ta</strong></span> <span class='ocrx_word' id='word_1_415' title='bbox 976 5481 1046 5542; x_wconf 76' lang='lat' dir='ltr'><strong>soa.</strong></span> <span class='ocrx_word' id='word_1_416' title='bbox 1069 5479 1142 5542; x_wconf 78' lang='lat' dir='ltr'><strong>Aut.</strong></span> 
     </span>
    </p>
   </div>
   <div class='ocr_carea' id='block_1_6' title="bbox 0 0 2089 6288">
    <p class='ocr_par' dir='ltr' id='par_1_7' title="bbox 0 0 2089 6288">
     <span class='ocr_line' id='line_1_41' title="bbox 0 0 2089 6288; baseline 0 0"><span class='ocrx_word' id='word_1_417' title='bbox 0 0 2089 6288; x_wconf 95' lang='lat' dir='ltr'><strong> </strong></span> 
     </span>
    </p>
   </div>
  </div>
 </body>
</html>
