4208 6282
158 529 225 635 (Α.
245 532 291 609 D.
312 532 422 636 1165.)
673 497 676 502 ¹
766 559 877 612 crena
903 559 1073 624 emanue.
1643 544 1690 614 65

159 742 223 817 mis
248 743 403 821 involuit.
431 744 610 821 bolislaus
630 744 653 840 ¹)
680 744 844 841 siquidem
872 748 1010 823 moleste
1038 747 1157 840 ferens,
1186 746 1392 842 Stephanum
1415 770 1620 844 germanum
1637 771 1693 824 su·

158 887 214 939 um
241 867 324 954 natu
352 865 508 943 maiorem
535 867 571 941 in
598 867 795 964 Hungariae
822 869 988 964 Regnum,
1017 891 1053 943 ee
1079 869 1323 966 praetermisso,
1354 869 1583 962 sublimatum,
1612 893 1694 966 sug-

157 986 377 1082 gestionibus,
395 989 729 1084 persuasionibuaque
755 992 992 1066 nonnullorum
1018 991 1265 1087 Hungarorum‚
1295 991 1353 1084 qui
1379 1014 1433 1068 res
1459 1014 1579 1068 nouare
1601 992 1692 1067 soliti

157 1111 265 1200 eruut,
294 1109 475 1208 inflatusll
510 1111 666 1208 Regnum
692 1112 888 1208 Hungariae
915 1113 1054 1207 inuadit,
1090 1113 1381 1206 Wladislaumque
1420 1114 1600 1190 Bohemioe
1627 1115 1693 1190 Re-

157 1251 234 1324 gem
261 1233 380 1307 multis
406 1233 680 1327 promissionibus
707 1235 890 1312 inescatum
918 1237 953 1310 in
980 1236 1031 1311 sui
1058 1236 1216 1314 solatium
1230 1234 1258 1332 3)
1285 1236 1442 1313 accersit:
1471 1237 1524 1312 cui
1549 1237 1692 1332 Stepha-

157 1377 222 1430 nus
248 1355 446 1452 Hungariae
463 1356 540 1432 nox
558 1356 704 1433 debitam
727 1357 951 1434 resistentiam
979 1357 1201 1454 oppositurus,
1230 1360 1468 1454 Imperatorem
1495 1359 1692 1436 Graecorum

157 1477 236 1552 Galo
262 1478 447 1554 Iohannem
482 1478 612 1572 (affinia
648 1479 737 1554 enim
774 1503 854 1556 suus
889 1503 932 1556 ex
968 1484 1063 1576 parte
1099 1481 1213 1556 uxoris
1249 1503 1329 1556 suae
1356 1483 1443 1577 erat)
1478 1483 1692 1557 conduxerat.

156 1601 279 1692 Itaque
305 1602 340 1675 et
365 1623 387 1676 a
412 1601 546 1698 proprio
572 1603 607 1678 et
633 1601 758 1678 forensi
785 1603 894 1678 milito
924 1603 1120 1699 Hungariae
1154 1604 1310 1699 Regnum
1337 1603 1492 1700 plurimis
1517 1603 1634 1700 spoliis
1660 1605 1695 1678 et

155 1721 484 1820 incommoditatibus
511 1713 715 1800 vexabatur:
733 1727 893 1831 uterque
911 1725 1001 1800 enirn
1023 1725 1201 1818 exercitus,
1230 1725 1376 1802 Graecus
1402 1725 1559 1802 videlicet
1576 1716 1611 1801 ot
1628 1727 1693 1801 Bo·

114 1929 115 1934 p
154 1845 316 1938 hernicus,
353 1846 486 1942 praedis
513 1849 549 1922 et
580 1847 698 1944 spoliis
734 1847 921 1940 contentus,
960 1849 995 1922 in
1032 1848 1202 1943 publicum
1238 1852 1404 1925 certamen
1435 1873 1501 1923 non
1527 1848 1692 1954 prodibat.

154 1968 317 2044 Tractatu
344 1967 462 2044 deiude
489 1968 697 2065 interposito,
725 1970 902 2046 Laclislaus
929 1992 1003 2046 cnm
1030 1971 1200 2067 Stephano
1227 1971 1422 2067 Hungariao
1448 1972 1553 2067 Rege,
1581 1971 1693 2065 Impe-

155 2094 270 2167 ratore
295 2091 419 2168 Graeco
435 2091 463 2187 ⁴)
489 2093 525 2167 et
550 2093 730 2170 Bohemioe
756 2095 851 2189 Rege
878 2093 1112 2187 mediantibus,
1141 2093 1336 2189 pacificatus
1362 2097 1415 2170 eat
1441 2095 1475 2169 ot
1501 2093 1693 2170 Trauailu'a-

155 2213 254 2288 musi
281 2213 416 2308 regione
442 2215 668 2291 contentalus.
706 2215 827 2292 lunxit
851 2218 887 2290 et
911 2216 1091 2292 Bohemiae
1118 2215 1193 2290 Rex
1219 2239 1293 2292 cum
1320 2216 1518 2293 Graecorum
1545 2217 1692 2310 Impera-

154 2337 229 2412 tore
247 2335 461 2428 affinitatem,
491 2335 597 2412 liliam
623 2337 686 2412 filii
715 2337 767 2413 aui
794 2339 953 2414 Friderici
978 2339 1091 2435 nepoti
1118 2339 1317 2415 Graecorum
1343 2338 1559 2436 Imperatoris
1586 2337 1693 2412 dando

154 2457 190 2532 in
211 2460 408 2537 consortem.
1680 2458 1685 2468 '

261 2582 477 2678 Quindecima
511 2583 563 2659 die
594 2583 675 2658 Maii
712 2584 834 2660 mensis
870 2583 1032 2682 Georgius
1068 2583 1344 2662 Wlodimirouioz
1379 2585 1458 2658 Dux
1492 2582 1709 2680 Kyoriensie'

155 2706 270 2780 morbo
297 2703 490 2800 implicatus
526 2707 615 2800 apud
651 2707 755 2802 Kpou
792 2707 931 2782 moritur
963 2709 998 2783 et
1024 2707 1058 2782 iu
1085 2706 1224 2784 ecclesia
1254 2707 1369 2816 Sancti
1396 2706 1579 2796 saluatoris
1605 2705 1702 2802 apud,

153 2827 324 2904 Borestm
341 2827 517 2924 sepelitur.
544 2829 631 2904 Dum
650 2831 762 2906 autern
778 2828 804 2926 ⁶)
832 2831 958 2925 plures.
971 2830 1114 2907 Russiae
1139 2831 1247 2908 Duces
1273 2831 1383 2906 sedern
1410 2829 1575 2904 ambirent
1601 2829 1692 2925 Kye-

154 2949 366 3046 moreaul),
403 2951 573 3026 lsraelaus
608 2952 813 3028 Daridouica
847 2953 945 3044 Dux,
986 2953 1175 3030 lavantibus
1210 2953 1474 3050 Kyorienaibua‚
1510 2952 1606 3066 illam
1637 2954 1694 3040 ¹est

154 3073 310 3168 adeptus.
1693 3073 1694 3076 ‘

546 3425 551 3436 ’
614 3437 822 3558 ANNUS
855 3442 1079 3558 DOMINI
1118 3441 1243 3556 1165.

151 3688 308 3766 l’rnbbori
335 3713 356 3766 a
382 3693 445 3766 llo
472 3695 650 3785 catholica,
687 3695 827 3770 broilus
853 3695 1004 3768 loloriao
1031 3693 1275 3768 conniventibus
1302 3691 1494 3765 attributis
1521 3691 1692 3780 contentia,

827 3817 1022 3892 desciscunt.

262 4057 378 4152 vafra,
407 4059 635 4154 ementitaque
661 4060 906 4136 Pruthonorum
934 4060 970 4134 in
997 4059 1095 4135 tidem
1113 4057 1343 4149 christianam,
1371 4079 1470 4151 quam
1485 4057 1528 4168 ad
1547 4055 1696 4138 retinen·

151 4180 235 4256 dam
263 4181 466 4274 libertatem,
502 4183 682 4278 uitamque,
707 4183 860 4258 Boloslao
891 4183 1090 4258 Polonorum
1117 4181 1208 4256 Duce
1235 4183 1270 4254 el
1296 4179 1475 4254 Monarcha
1501 4181 1639 4274 cogente
1654 4177 1693 4271 l),

152 4306 387 4400 susceperant,
423 4305 543 4401 religio
577 4303 635 4380 rix
672 4305 770 4380 unius
805 4303 883 4380 anni
921 4303 1055 4378 durarit
1090 4303 1244 4398 spatiolo,
1281 4303 1339 4376 sod
1354 4302 1382 4396 ⁸)
1407 4303 1500 4378 velut
1526 4323 1628 4396 ropor
1654 4301 1696 4374 ad

151 4427 325 4502 modicum
344 4450 464 4522 parens
478 4428 507 4522 9)
525 4427 671 4503 evanuit.
700 4427 862 4502 Protheni
883 4427 1058 4518 siquidem,
1086 4430 1159 4500 turn
1186 4425 1349 4500 diabolica
1369 4423 1594 4519 suggestione,
1623 4425 1696 4508 tum

151 4571 216 4624 sua
244 4550 439 4624 temeritate
465 4549 599 4652 agitati,
637 4550 715 4624 dum
743 4549 814 4623 illie
841 4535 1238 4642 onhoooroe‘roligiopis
1265 4547 1382 4640 iugum
1410 4569 1575 4640 asperum,
1605 4543 1694 4618 difli-

150 4671 291 4765 cileque
325 4672 504 4764 rideretur,
541 4671 754 4763 tumidasque
780 4673 815 4746 et
842 4671 976 4746 inflatas
1012 4671 1167 4766 gererent
1202 4649 1346 4745 cervices
1383 4691 1442 4742 nec
1477 4669 1554 4742 dum
1591 4666 1696 4740 frenis

150 4794 236 4870 fidei
264 4797 427 4886 seucum,
460 4797 502 4869 ab
529 4793 685 4889 imposito
721 4817 827 4889 nuper
862 4793 940 4889 iugo
975 4792 1149 4888 religionis
1184 4791 1385 4865 christianae
1420 4789 1549 4866 resilire
1582 4811 1695 4882 coepe·

151 4917 250 5010 runt,
280 4917 323 4990 acl
350 4916 559 4992 idololatriae
587 4917 726 5011 prolana
753 4916 911 5006 conuersi,
949 4915 1161 5010 baptismale,
1194 4913 1281 5008 quod
1299 4913 1523 5008 susceperant,
1552 4907 1697 5001 foede¹⁰l

151 5089 570 5102 ——u———o--o--u-u—-ss—a.

267 5193 293 5275 ¹)
315 5196 493 5257 wladislaus
517 5197 578 5258 Ed.
600 5198 695 5258 Dobr.
727 5194 754 5278 9)
769 5157 964 5258 inflammatus
990 5196 1060 5258 (lod.
1083 5197 1175 5256 Roar.
1209 5191 1280 5272 ³)in
1295 5195 1433 5254 auxilium
1448 5194 1503 5254 sibi
1522 5191 1697 5253 Ocellam.

152 5297 181 5379 ⁴)
205 5302 391 5362 Graecorum
416 5300 486 5361 God.
510 5303 602 5361 Rosr.
643 5298 671 5380 5)
693 5303 769 5362 Dum
784 5309 881 5362 autem
896 5307 1099 5376 postmortem
1115 5317 1195 5358 suam
1222 5299 1291 5359 Cool.
1316 5300 1408 5358 Roas.
1448 5294 1474 5375 ⁶)
1496 5280 1697 5372 Kyovieusem‚

151 5424 243 5481 quam
268 5407 412 5480 Georgius
437 5405 649 5480 gubernaverat
675 5405 745 5500 Geel.
769 5409 860 5467 Roar.
900 5403 925 5484 ⁷)
948 5412 1069 5479 urgente
1096 5401 1165 5465 Ouo.
1188 5405 1279 5464 Roar.
1319 5399 1344 5480 Β)
1368 5403 1462 5476 spatio
1478 5407 1508 5461 et
1521 5403 1581 5486 Ed,
1604 5403 1698 5462 Βοῦν.

152 5505 183 5590 ⁹)
207 5527 358 5586 apparens
382 5509 440 5569 Ed.
464 5509 559 5570 Dour.
600 5508 640 5589 ¹⁰)
664 5511 732 5571 fidei
755 5511 814 5573 Ed.
838 5512 931 5573 Dobr.
1420 5532 1424 5540 ·

204 5663 616 5720 r.nrn1m.muor.rouur.1u
1529 5651 1545 5700 ⁹
