4192 6272
401 563 477 633 484
1004 577 1116 629 crasa
1142 577 1336 630 snrrrmus.
1667 548 1734 651 (Α.
1756 549 1802 626 D.
1822 547 1949 652 1286.)

399 766 576 861 expugnat
602 765 638 839 et
663 763 843 855 conquirit,
873 763 908 838 et
934 762 970 840 in
997 783 1093 836 suam
1120 761 1245 856 redigit
1272 759 1444 836 ditionem.
1487 759 1579 853 Quod
1607 780 1673 832 non
1700 757 1796 852 prius
1821 758 1949 834 Guma-

400 888 441 961 do
467 885 564 977 Deci,
593 884 689 959 ouius
716 886 800 974 erat,
829 882 1075 958 restituendum
1102 881 1221 971 duxit,
1258 882 1361 956 donec
1387 883 1548 954 baronum
1576 878 1822 968 communium,
1850 877 1951 954 civile

399 1011 434 1082 et
460 1005 678 1081 domesticum
707 1005 834 1080 bellum
871 1002 1047 1078 molestius
1087 1001 1268 1077 ferentium
1304 1004 1339 1076 et
1365 1001 1583 1095 exstinguere
1620 1021 1680 1094 pre
1706 999 1832 1074 uiribus
1859 1000 1950 1074 suta·

398 1126 564 1222 gentium,
593 1123 860 1219 interpositione,
889 1125 924 1198 et
950 1124 1073 1196 damna
1099 1122 1237 1217 singula
1272 1121 1362 1197 circa
1398 1120 1676 1215 interceptionem
1704 1119 1806 1196 castri
1834 1119 1948 1196 Gesti-

399 1247 460 1322 nin
486 1247 596 1338 illata,
625 1245 689 1321 sibi
717 1246 830 1322 solnta
857 1245 938 1318 sunt
964 1245 1000 1320 et
1025 1244 1174 1317 castrum
1201 1241 1358 1318 Gestinin
1385 1242 1564 1318 redditum

451 1610 608 1682 lotanncc
634 1607 858 1698 urukcvrccz
895 1607 1066 1699 episcopua
1100 1605 1333 1679 lcouanicncic
1370 1605 1525 1697 moritum
1563 1605 1722 1676 lebannes
1749 1603 1899 1676 traditor

1103 1725 1260 1799 succedit.

503 1969 671 2042 lebannes
697 1966 893 2060 appellatus
919 1964 1149 2058 Wiskouyecz
1177 1962 1610 2057 Posnaniensi‘episcepus,
1638 1983 1714 2036 oum
1734 1985 1836 2056 prope
1850 1961 1951 2036 annis

405 2088 558 2162 undecim
598 2086 761 2176 sedisset,
790 2085 932 2160 moritur
958 2086 993 2159 et
1020 2083 1055 2157 in
1082 2083 1223 2158 ecclesia
1249 2082 1467 2158 Posneniensi
1496 2083 1671 2178 sepelitur.
1713 2081 1773 2157 (lui
1800 2081 1949 2156 eiusdem

400 2207 556 2298 nominis,
589 2207 646 2282 sed
673 2205 817 2280 alterius
843 2204 1084 2298 appellationis
1111 2203 1162 2278 uir
1189 2205 1369 2294 Iohannes,
1398 2203 1654 2298 cognominatus
1681 2201 1951 2276 creditoribus

400 2328 556 2402 Herbuth
585 2327 636 2401 vel
662 2325 836 2415 Gerbisch,
866 2323 1106 2398 Posuaniensis
1132 2323 1327 2415 canonicus,
1357 2347 1415 2417 por
1442 2323 1638 2399 electionem
1674 2321 1869 2398 canonicam
1894 2321 1952 2395 uia

398 2447 552 2522 scrutinii
580 2447 784 2521 celebratam
812 2444 993 2520 successit:
1021 2466 1123 2537 quem
1150 2446 1292 2520 Iacobus
1319 2443 1455 2518 Suinlra
1481 2442 1751 2538 archiepiscopus
1773 2442 1948 2517 Gnesnen-

323 2623 326 2629 .
399 2569 447 2641 sis
473 2567 684 2658 confirmans,
713 2566 904 2660 praelatum
931 2565 1076 2642 electum
1103 2564 1140 2639 in
1166 2565 1285 2641 hunda
1321 2564 1522 2641 monasterio
1556 2563 1683 2639 ordinis
1718 2559 1951 2638 cisterciensis

398 2688 434 2762 in
461 2686 653 2783 episcopum
679 2683 898 2762 consecrarit.

423 3049 614 3124 tltlncniac
638 3050 710 3122 oux
735 3048 873 3122 lainam
908 3047 1118 3140 principalem
1152 3047 1270 3121 boun
1298 3047 1430 3140 nuptias
1457 3046 1673 3121 celebrantem
1701 3064 1774 3118 cun
1801 3063 1920 3137 sponna

599 3169 745 3261 cupiisti
771 3174 806 3242 ot
831 3168 987 3260 plurimos
1014 3169 1101 3242 alios
1127 3170 1231 3242 lluccr
1258 3169 1390 3261 crapula
1416 3171 1590 3262 soporatur
1616 3167 1769 3240 trucidat.

503 3407 659 3485 Graviter
685 3411 721 3482 et
747 3407 862 3500 iniquo
889 3406 1001 3482 animo
1029 3411 1173 3485 Pelusna
1199 3407 1402 3483 Lithuaniae
1428 3407 1507 3483 Dux
1534 3411 1645 3484 ferens
1673 3407 1836 3498 iniurias,
1865 3431 1951 3499 quae

339 3631 343 3638 ἢ
399 3529 453 3604 illi
480 3553 501 3604 a
528 3528 708 3623 principali
744 3529 835 3602 Duce
861 3528 1078 3619 Lithnaniae,
1107 3528 1294 3623 propinquo
1321 3529 1485 3623 sangnine
1511 3528 1575 3603 sibi
1604 3529 1729 3620 iuncte,
1759 3528 1950 3603 infereban-

397 3655 466 3741 tur,
494 3671 616 3740 easque
643 3649 754 3722 ultum
781 3647 823 3720 iri
851 3650 1032 3738 aestrrans,
1061 3650 1103 3722 ad
1130 3649 1430 3725 commendatorem
1458 3649 1493 3722 in
1511 3649 1693 3739 Kinsberk‚
1713 3647 1892 3724 Albertnm
1909 3649 1951 3722 de
2089 3663 2090 3730 l

398 3769 523 3844 diissen
550 3769 677 3844 secreto
704 3767 852 3858 ueniens,
888 3768 962 3842 dari
990 3769 1055 3844 sibi
1083 3791 1141 3863 per
1168 3769 1473 3843 Commendaterem
1510 3769 1635 3863 viginti
1671 3768 1780 3858 uiros,
1809 3791 1950 3861 quemn

397 3889 462 3963 duo
488 3891 586 3964 erant
613 3887 828 3982 principales,
857 3887 1024 3962 Martinus
1051 3890 1092 3964 de
1117 3888 1218 3964 Golin
1245 3891 1281 3963 et
1299 3889 1473 3963 llunradus
1493 3889 1592 3962 Tuvil
1613 3889 1647 3982 ¹),
1677 3889 1712 3962 in
1732 3889 1836 3962 armis
1853 3909 1948 3964 ener-

398 4007 531 4100 citates,
561 4008 603 4082 ad
631 4007 843 4082 inferendum
871 4009 1043 4083 molestias
1070 4008 1262 4099 Lithuanis‚
1292 4007 1452 4083 obtinuit.
1492 4009 1640 4101 (tumque
1676 4032 1751 4084 cum
1779 4009 1949 4102 complici-

397 4131 460 4202 bus
487 4128 558 4203 snis
574 4127 602 4222 ²)
629 4128 665 4202 in
693 4127 854 4203 interiore
879 4127 1084 4202 Lithuaniae
1112 4129 1342 4222 peruenisset,
1372 4129 1582 4203 incastrum
1610 4129 1809 4223 principalis
1836 4129 1949 4220 Ducis,

398 4249 434 4322 in
461 4248 549 4340 quod
576 4246 715 4342 nuptias
736 4261 785 4322 'ex
813 4269 903 4322 mere
920 4246 1121 4322 celebraturi
1140 4247 1395 4343 principaliores
1412 4247 1575 4323 lrithuani
1595 4250 1835 4340 conuenerant,
1856 4252 1951 4326 nocte

398 4367 508 4457 irruit,
538 4368 574 4440 et
600 4388 714 4442 omnes
742 4388 802 4460 per
828 4365 1026 4442 ebrietatem
1053 4370 1087 4442 et
1114 4369 1286 4462 crapulam
1314 4370 1488 4462 soporatos
1515 4369 1699 4474 inveniens,
1729 4370 1950 4463 suptuaginta

398 4489 508 4562 Duces
535 4487 571 4562 et
598 4485 740 4560 maiores
766 4489 861 4578 natu,
891 4486 1138 4581 plurimamque
1174 4487 1276 4563 aliam
1304 4487 1558 4563 multitudinem
1574 4487 1602 4582 3)
1639 4489 1819 4583 permiscui
1846 4510 1947 4564 sexum

397 4605 530 4681 occidit.
558 4605 722 4699 Sponsum
750 4629 827 4681 vero
853 4609 888 4680 et
914 4628 1072 4700 sponsam
1100 4629 1175 4682 cum
1203 4607 1322 4682 multis
1349 4608 1512 4682 matronis
1554 4611 1589 4684 et
1615 4608 1805 4703 uirginibus
1842 4608 1949 4702 capti-

398 4747 467 4816 uos,
496 4712 638 4800 onustu's
664 4725 783 4818 spoliis
810 4727 845 4800 et
870 4726 1033 4800 clenodiis
1060 4727 1263 4822 insignitae,
1292 4727 1327 4800 in
1355 4728 1527 4802 Kinsberlr
1554 4728 1700 4804 deducit.

502 4844 720 4921 Bernhardus
746 4845 984 4939 Legnicnonsis
1011 4847 1109 4938 Dux,
1138 4849 1179 4922 ob
1206 4847 1352 4940 corporis
1389 4847 1579 4941 agilitatem
1618 4851 1653 4922 et
1680 4851 1799 4939 robur,
1837 4848 1949 4944 Agilis

398 4966 604 5061 appellatus,
632 4964 725 5039 filins
751 4965 900 5040 Beleslai
927 4966 1024 5042 Saevi
1043 4967 1236 5062 Rogatcaae
1253 4969 1281 5060 ⁴)
1308 4967 1546 5063 Legniczensis
1565 4969 1679 5058 Ducis,
1710 4969 1852 5044 moritur
1866 4970 1947 5045 etin

338 5171 341 5176 ,
396 5085 599 5162 monasterio
626 5084 847 5181 Iregnicncnsi
874 5087 1019 5161 fratrum
1046 5086 1319 5164 Praedicatorum
1347 5088 1382 5162 in
1418 5089 1595 5182 sepulchro
1614 5093 1755 5184 paterno
1773 5089 1946 5182 sepelitur.

505 5359 530 5439 ¹)
553 5361 704 5424 conradus
726 5362 763 5422 dc
785 5361 869 5422 Tunil
898 5359 970 5426 Occi.
993 5362 1085 5426 Rosr.
1112 5358 1141 5442 ⁹)
1164 5363 1224 5424 suis
1246 5363 1388 5438 praefatis
1408 5363 1479 5427 eoo.
1503 5364 1596 5428 Roas.
1623 5360 1650 5446 ³)
1666 5360 1881 5430 multitudinem
1895 5365 1944 5428 bo·

397 5466 505 5529 mum
532 5463 602 5532 Ocri.
624 5467 718 5530 Rocr.
743 5461 769 5544 4)
792 5465 919 5544 Rogatlri
945 5461 1016 5532 Ood.
1040 5468 1133 5532 Recr.
