4208 6282
151 512 207 608 (Α.
227 510 274 590 D.
294 510 398 608 1195.)
770 533 882 588 nuans
909 532 1062 588 sexsus.
1619 517 1691 590 143

150 723 224 798 dum
250 720 314 798 sibi
341 720 534 817 personalia
560 720 682 796 solatia
701 721 725 816 ¹)
752 720 942 797 multifaria
976 720 1211 798 exhortatione
1237 722 1273 796 et
1299 743 1396 817 prece
1422 721 1588 800 accondit.
1615 723 1692 798 Ius·

148 845 213 920 tius
247 846 361 920 tannen
397 844 526 919 bellum
562 843 751 936 habiturus,
789 843 926 920 nuntios
958 844 1001 919 ad
1028 844 1210 920 Falconem
1246 843 1451 939 episcopum,
1487 846 1694 938 baronesque

148 965 375 1042 Oraoovienses
402 965 522 1059 mittit,
553 965 726 1060 requirens
753 967 788 1040 et
814 965 1085 1041 sublimationem
1104 965 1237 1062 nepotis
1263 965 1444 1041 Lestkonis
1470 966 1573 1042 Ducis
1598 967 1694 1044 velut

148 1087 305 1162 iniustam
332 1089 367 1164 et
394 1087 431 1162 in
458 1109 557 1162 suum
583 1086 827 1182 praeiudicium
855 1090 958 1181 atqua
984 1087 1125 1163 dedecus
1152 1088 1405 1179 redundantem,
1434 1088 1579 1164 rescindi
1605 1091 1693 1164 etse

149 1209 182 1284 in
207 1209 537 1286 administrationem
577 1212 613 1286 et
638 1209 790 1306 regmen
824 1209 1039 1286 Monarchiaa
1070 1210 1272 1285 Polouorum
1308 1211 1343 1284 st
1369 1209 1585 1306 Prinoipatus
1612 1211 1692 1288 Gra·

146 1331 304 1407 soriensis
341 1331 490 1406 admitti.
535 1332 684 1408 Falcone
720 1334 834 1408 autem
870 1331 1024 1426 episcopo
1051 1333 1087 1407 st
1112 1331 1292 1406 baronibus
1318 1331 1610 1425 cracoviensibus,
1639 1332 1693 1408 ius

146 1454 230 1544 quod
256 1452 323 1528 sibi
350 1451 394 1528 ad
420 1452 650 1528 monarchiam
676 1455 711 1529 et
737 1451 970 1548 Principaturn
1006 1451 1255 1530 craoodonsom
1290 1454 1478 1548 competere
1504 1455 1692 1546 astruebat,

145 1573 281 1649 iustiore
307 1574 537 1650 confutatione
562 1574 809 1666 refellentibus,
838 1576 873 1651 et
899 1595 945 1666 se,
974 1576 1157 1667 antequam
1183 1574 1271 1652 scita
1296 1576 1331 1649 et
1349 1575 1482 1651 decreta
1508 1597 1570 1650 sua
1596 1579 1692 1652 abro-

145 1695 228 1791 gari,
257 1695 533 1790 pupillorumque
559 1695 787 1773 haereditates
825 1695 980 1790 occupari
1014 1695 1202 1790 patiantur,
1239 1696 1519 1791 respondentibus
1550 1697 1694 1773 honesta

144 1817 234 1912 prius
262 1819 370 1894 morte
397 1817 587 1910 morituros,
616 1818 823 1913 Muscaslaus
859 1817 971 1893 Senex
1002 1816 1140 1892 Maioris
1176 1818 1336 1894 Poloniae
1362 1819 1441 1893 Dux
1468 1819 1585 1894 contra
1611 1818 1691 1894 Gra·

144 1937 308 2014 muenses
334 1938 462 2014 milites
488 1961 583 2013 arma
609 1938 725 2030 sumit,
754 1939 789 2014 et
807 1939 935 2014 habens
962 1938 997 2012 in
1024 1961 1084 2014 suo
1103 1939 1265 2014 comitatu
1282 1940 1507 2035 llpeczslaum
1533 1939 1690 2035 Opolion·

142 2083 207 2136 sam
233 2063 270 2136 et
296 2060 602 2153 Rathiborieneem,
624 2063 660 2136 et
676 2061 865 2136 Iaroslaum
883 2060 993 2136 filiurn
1024 2061 1157 2156 nepotis
1184 2061 1237 2136 sui
1263 2061 1416 2158 germani
1443 2062 1591 2138 Boleslai
1616 2061 1692 2138 Alti
1718 2133 1721 2138 .

142 2181 445 2275 wratislaviensis,
474 2184 509 2258 et
535 2183 753 2258 Pomeraniae
768 2182 796 2278 ²)
823 2184 932 2258 Duces
959 2185 994 2258 et
1020 2181 1129 2257 filiurn
1156 2204 1255 2258 suum
1281 2184 1488 2277 Boleslaum,
1511 2183 1691 2279 copiasque

142 2305 210 2381 tam
235 2307 423 2398 equestres,
451 2327 552 2398 quam
579 2305 760 2400 pedestres,
798 2326 914 2380 versus
941 2304 1144 2397 Gracoviam,
1180 2305 1408 2381 monarchiam
1443 2308 1689 2400 resumpturus,

141 2427 250 2501 alacer
280 2427 315 2500 et
342 2426 476 2531 ingenti
511 2449 571 2522 spe
607 2428 729 2522 plenus
764 2427 925 2521 procedit,
962 2427 1187 2502 auxiliaribus
1222 2427 1371 2504 Ducibus
1407 2429 1515 2524 gradu
1550 2427 1691 2503 tardiori

141 2546 395 2642 insequentibus
421 2569 542 2642 agmen
569 2570 679 2622 suum.
726 2549 830 2622 Nullo
857 2549 972 2623 autem
1000 2551 1098 2643 pacto
1125 2549 1280 2624 credebat
1306 2545 1538 2625 Gracovienses
1564 2548 1691 2624 milites

141 2690 248 2744 secum
275 2670 314 2743 in
341 2668 591 2745 dimicationem
617 2671 788 2762 venturos,
820 2671 878 2746 sed
905 2670 1015 2765 pactis
1042 2672 1077 2746 et
1103 2670 1351 2748 conditionibus
1378 2671 1477 2746 illum
1504 2693 1564 2766 pro
1589 2670 1689 2746 Prin-

141 2790 210 2886 cipe
237 2794 274 2867 et
301 2793 496 2884 llonaroha,
525 2793 688 2888 abrogato
714 2792 895 2868 Lostkonis
921 2792 1002 2868 Albi
1029 2792 1239 2890 Prinoipatu,
1267 2794 1369 2870 facile
1394 2795 1602 2889 accepturos.

139 3159 253 3236 lilitm
282 3159 515 3236 tracesiorum
542 3159 714 3236 audientes
740 3162 922 3254 polentiam
949 3161 1132 3253 lpoovalai,
1159 3161 1337 3236 exercitum
1363 3177 1437 3236 oum
1463 3158 1620 3236 bullonio
1637 3181 1688 3237 aa·

139 3282 236 3356 lidan
274 3286 495 3376 congragant,
531 3287 565 3358 ot
595 3284 813 3375 lvaoaalaunr
849 3303 922 3356 cum
950 3301 1010 3356 suo
1038 3283 1183 3357 axoroitn
1215 3282 1407 3376 conligunt:
1443 3301 1485 3356 ax
1511 3301 1574 3377 apro
1601 3285 1688 3358 balla

137 3408 270 3499 atraque
297 3423 375 3497 para
401 3406 490 3480 victa
518 3405 669 3497 discedit,
695 3407 878 3497 'peccabo
905 3406 1075 3480 vulnerato
1101 3406 1248 3498 fugiente
1275 3409 1310 3479 at
1336 3404 1516 3480 dovoricio
1543 3407 1689 3499 palatino

715 3527 969 3602 sardonicum
997 3532 1104 3620 capto.

235 3771 316 3846 Non
343 3769 454 3864 ignari
481 3769 713 3846 Gracovienses
739 3772 879 3847 barones
905 3771 941 3846 et
967 3769 1106 3863 militas,
1136 3771 1263 3862 quanto
1290 3769 1402 3845 studio
1429 3769 1465 3846 et
1482 3791 1573 3862 cura,
1603 3792 1686 3862 qua·

137 3890 224 3985 lique
251 3891 369 3967 animo
401 3893 437 3966 et
462 3894 639 3989 apparatu,
677 3892 815 3984 quantis
851 3891 994 3986 danique
1028 3892 1133 3987 copiis
1168 3891 1376 3987 Mysorslaus
1411 3892 1523 3968 Senex
1550 3891 1687 3966 llaioris

137 4013 293 4090 Poloniae
321 4014 401 4088 Dux
427 4014 554 4089 ballum
585 4013 670 4109 ipsis
706 4013 896 4090 indicturus
932 4015 1089 4108 procedat
1103 4011 1143 4108 3),
1171 4035 1265 4088 arma
1291 4014 1327 4087 st
1352 4013 1419 4108 ipsi
1444 4013 1485 4089 ds
1511 4012 1687 4108 Principa-

135 4133 223 4210 tibus
241 4135 465 4227 Gracoviensi,
486 4135 761 4228 Sandomiriensi,
783 4135 995 4226 Lublinensi,
1022 4134 1234 4226 Masovionsi,
1263 4134 1465 4228 Ouiavisnsi,
1493 4133 1687 4212 Brzestensi

135 4277 234 4352 supra
259 4259 343 4352 Bug
357 4256 385 4352 ⁴)
411 4243 489 4350 sito,
517 4257 724 4350 eaeterisque
756 4257 900 4334 Russiao
927 4257 1005 4350 oris,
1042 4280 1128 4350 quae
1163 4255 1348 4348 Karimiro,
1385 4258 1465 4332 dum
1499 4256 1628 4334 viveret
1642 4257 1681 4351 ⁶),

134 4381 309 4472 parebant,
338 4378 536 4474 expediunt,
571 4380 762 4454 Romanum
797 4379 936 4475 insuper
970 4378 1185 4454 Mstislaviou
1220 4377 1529 4456 Wladimiriansem
1559 4380 1686 4454 Ducem

134 4501 167 4574 at
191 4498 342 4576 tiliorum
368 4500 535 4576 Karimiri
560 4500 664 4576 Ducis
690 4501 838 4594 affinem,
868 4501 986 4576 multis
1022 4500 1192 4576 beneficiis
1219 4523 1279 4596 per
1305 4500 1517 4576 Karimirum
1544 4499 1686 4577 obstric-

133 4621 222 4715 tum,
249 4622 287 4696 in
315 4621 370 4696 sui
396 4622 596 4717 suffragium
624 4624 818 4712 accersunt;
850 4622 960 4698 tribus
995 4643 1126 4716 quoque
1161 4621 1372 4718 agminibus,
1411 4645 1552 4716 quorum
1578 4645 1684 4697 unum

134 4741 290 4820 Nicolaus
319 4742 493 4838 palatinus
519 4744 757 4836 cracoviensis,
787 4745 934 4820 alterurn
966 4743 1208 4838 Govoriciusss)
1235 4743 1409 4839 palatinus
1435 4743 1684 4820 Sandomirien·

133 4862 187 4956 als,
214 4865 360 4940 tortium
386 4865 561 4941 Romanus
588 4865 875 4944 Wladimiriansis
909 4865 995 4941 alias
1030 4864 1212 4941 Locrensis
1238 4866 1318 4940 Dux
1344 4865 1521 4958 ducebant,
1552 4866 1684 4961 livocu-

134 4985 203 5061 slao
229 4987 312 5062 Seni
340 4986 478 5062 Maioris
504 4987 664 5064 Poloniae
690 4987 776 5065 Duci
803 4990 838 5064 et
864 4988 936 5063 suis
961 4987 1154 5064 auxiliariis
1189 4987 1321 5064 obviam
1353 4987 1549 5083 procedunt,
1577 5009 1684 5082 popu-

237 5280 261 5362 ¹)
284 5283 397 5346 auxilia
422 5282 492 5346 Uod.
516 5285 608 5346 Roas.
631 5285 763 5347 subsidia
778 5282 838 5345 Ed.
861 5284 957 5346 Dobr.
996 5281 1023 5362 9)
1046 5290 1076 5345 et
1091 5285 1273 5360 Msozngium
1288 5284 1478 5346 Pomeraniae
1498 5281 1570 5346 Ood.
1585 5285 1680 5347 Reor.

135 5381 162 5464 ⁸)
183 5389 368 5464 procedebat
392 5387 463 5451 God.
486 5389 579 5452 Reor.
618 5384 647 5469 ⁴)
670 5389 735 5464 Bng
756 5389 875 5454 fluvium
893 5388 965 5451 Cod.
980 5389 1072 5451 Roar.
1112 5385 1141 5468 β)
1163 5389 1280 5452 vivebat
1301 5389 1362 5452 Ed.
1384 5389 1479 5450 Dobr.
1515 5385 1544 5469 6)
1567 5390 1681 5452 (louer-

132 5491 187 5552 tins
212 5491 286 5557 Ood.
312 5494 406 5556 Beer.
