4192 6272
171 481 232 574 (Α.
254 479 302 556 D.
322 474 442 577 1295.)
781 497 894 550 nrsnn
920 496 1105 552 ocnarns.
1645 477 1718 550 527

168 709 271 783 copus
299 687 334 762 in
361 685 504 762 ecclesia
543 683 806 779 metropolitana
845 683 1046 775 Gnesnemsi,
1075 683 1257 759 celebratis
1297 706 1341 758 en
1378 705 1467 758 more
1508 684 1549 757 de
1587 683 1719 778 Spiritu

168 811 291 884 Sancto
318 808 501 883 missarum
527 806 701 897 solenniis,
732 807 926 900 praefatum
953 805 1196 880 Praemislaum
1215 807 1341 882 Ducem
1369 805 1404 879 in
1432 807 1574 900 Regem,
1603 806 1722 880 Ducis-

169 953 241 1006 sem
268 954 345 1007 nero
372 933 407 1006 et
434 930 620 1005 consortem
647 951 744 1005 suam
771 928 950 1004 Richszam
977 928 1013 1002 in
1039 928 1208 1023 Reginam
1235 927 1408 1020 Poloniae,
1438 928 1586 1024 inungit,
1615 928 1722 1003 subli-

169 1055 242 1129 mat
280 1055 316 1128 et
351 1051 540 1128 diademate
574 1050 678 1148 regio,
708 1051 815 1142 quod,
847 1049 968 1124 mirum
995 1049 1109 1142 dictu,
1138 1049 1250 1124 studio
1277 1051 1417 1144 arteque
1443 1049 1590 1126 uirorum
1617 1051 1723 1126 ecele-

171 1175 385 1250 siasticorum
412 1195 471 1269 per
500 1173 615 1268 plnres
641 1174 831 1246 transactas
857 1173 989 1247 aetates
1018 1172 1188 1248 seruatum
1223 1171 1494 1266 custoditumqne
1529 1174 1601 1264 est,
1630 1195 1723 1248 coro·

171 1297 251 1372 nat:
279 1295 519 1372 assistentibus
546 1293 611 1370 sibi
640 1295 790 1370 [ohanne
817 1293 978 1370 Gerbisch
1005 1293 1245 1384 Posnanlensi,
1274 1295 1426 1370 Iohanne
1462 1295 1595 1376 Romlra
1621 1295 1722 1370 Wra-

168 1417 369 1510 tislariensi,
397 1415 521 1493 Goslao
548 1415 731 1508 Plocnensi,
767 1417 921 1492 Ouarado
957 1415 1187 1505 lubuczensi,
1216 1415 1401 1511 episcopis,
1431 1416 1662 1511 palatinisque
1689 1420 1724 1491 et

167 1539 348 1616 baronibus
375 1538 535 1616 Poloniae
562 1539 869 1634 principalioribus,
899 1561 938 1614 ao
966 1538 1185 1614 multitudine
1212 1539 1329 1634 populi
1357 1537 1502 1634 eopiosa.
1543 1539 1724 1634 Procopius

170 1665 282 1737 autem
310 1661 538 1736 cracoviensis
565 1663 600 1736 et
627 1661 780 1737 Wislaus
807 1661 1122 1752 Wladislariensis,
1151 1659 1317 1756 episcopi,
1346 1661 1538 1753 caeterique
1576 1661 1723 1756 partium

171 1783 441 1859 Gracoriensium
468 1785 619 1874 barones,
649 1783 714 1857 etsi
742 1782 946 1857 coronationi
975 1783 1150 1877 praefatae
1185 1806 1250 1857 non
1287 1783 1448 1875 aderant,
1486 1805 1643 1878 expresse
1671 1785 1724 1857 ta-

175 1929 251 1982 men
277 1907 313 1979 et
339 1904 547 1979 concorditer
584 1904 618 1978 in
647 1903 743 1978 illam
783 1906 1033 1995 consenserant,
1076 1907 1112 1978 et
1137 1905 1178 1978 de
1213 1903 1286 1980 eius
1312 1904 1598 1980 consurrrmntiona
1621 1905 1725 1978 festos

172 2029 348 2120 laetosque
375 2025 542 2100 ducebant
569 2025 648 2100 dies.
692 2026 732 2098 Iu
761 2026 850 2100 hunc
885 2026 999 2118 itaque
1042 2047 1165 2100 morem
1206 2029 1339 2121 sceptra
1379 2026 1526 2121 regalia,
1554 2027 1725 2118 honosque

170 2148 285 2244 regius
321 2148 356 2221 et
391 2146 541 2241 dignitas
568 2147 737 2239 Polemios,
766 2148 902 2222 fauente
928 2147 1127 2238 Divinitata,
1147 2148 1280 2224 reddita
1306 2149 1398 2240 sunt,
1427 2147 1549 2239 quibus
1577 2171 1634 2243 per
1662 2171 1722 2222 aa·
1808 2205 1812 2211 .

174 2293 234 2345 nos
261 2292 364 2365 prope
391 2269 551 2344 ducentos
578 2271 744 2344 caruerat.
789 2269 938 2344 Oelebris
974 2291 1105 2364 quoque
1133 2270 1203 2344 dies
1231 2270 1291 2344 ille
1327 2271 1362 2344 et
1402 2292 1512 2344 annus
1540 2269 1661 2344 mirum
1689 2270 1725 2344 in

171 2393 304 2467 modum
322 2389 478 2485 insignis
506 2390 643 2464 habitus
671 2394 741 2482 est,
771 2391 807 2464 in
834 2414 899 2482 quo
926 2391 1023 2485 quasi
1059 2391 1204 2483 quadam
1245 2392 1443 2466 detestanda
1479 2394 1513 2466 ot
1540 2391 1726 2487 perniciosa

171 2513 367 2606 Principum
395 2512 594 2606 pluralitate
621 2512 784 2608 dispulsa,
814 2515 849 2586 et
876 2514 1014 2587 uulnere
1041 2513 1145 2587 reteri
1174 2515 1310 2605 curato,
1339 2512 1515 2588 Poloniam
1542 2513 1727 2589 clementia

171 2634 358 2710 Salvatoris
385 2634 426 2708 ad
455 2633 627 2709 florentem
664 2634 956 2728 tranquillumque
996 2636 1124 2710 statum
1151 2640 1186 2710 et
1212 2636 1254 2710 ad
1291 2637 1498 2727 ubertatem,
1530 2635 1725 2729 pondusque

170 2756 330 2834 culminis
356 2755 442 2850 regii
472 2756 645 2850 perduxit.

168 3129 344 3204 monialae
371 3127 611 3204 Rathiborionsi
638 3127 716 3202 buci
734 3129 767 3200 in
795 3125 997 3220 aegritudine
1025 3127 1121 3203 dirus
1148 3128 1335 3202 scaniam
1363 3127 1532 3220 apparuit:
1560 3147 1662 3222 aquo
1681 3127 1725 3204 ad

223 3253 474 3327 celebrationem
501 3252 553 3325 rui
580 3251 657 3325 lecti
684 3251 912 3341 tantaleam
939 3251 1052 3343 vigilia
1079 3250 1142 3324 diei
1170 3250 1291 3324 nomini
1318 3251 1388 3324 einr
1414 3251 1501 3324 seori
1527 3251 1674 3325 noritur.
1716 3263 1717 3268 ‘

275 3493 482 3570 Premislaus
502 3492 525 3589 ¹)
552 3493 824 3570 Rathiborionsis
850 3493 940 3586 Dux,
968 3516 1064 3570 rarae
1091 3493 1126 3568 in
1153 3491 1383 3570 beatissimum
1411 3493 1620 3570 stanislaum
1647 3495 1727 3572 (lra-

171 3615 357 3692 oouiensem
384 3617 572 3711 praesulem
600 3616 651 3692 uir
678 3616 874 3706 devotionis
903 3619 939 3690 et
965 3615 1159 3690 monasterii
1179 3616 1487 3692 sanctimonialium
1506 3616 1542 3690 in
1560 3617 1727 3692 Rathibor

173 3737 301 3812 ordinis
328 3739 602 3813 Praedicatorum
630 3739 790 3812 fundator
816 3741 851 3814 et
878 3739 1029 3828 dotator,
1059 3761 1134 3812 cnm
1162 3738 1317 3812 inormi
1357 3739 1430 3814 uita
1469 3761 1531 3814 sua
1567 3740 1728 3815 Sanctum

174 3859 385 3934 stanislaum
414 3861 498 3934 mira
525 3861 699 3936 deuotione
725 3860 896 3951 coluisset,
925 3860 960 3934 in
987 3861 1145 3936 honorem
1173 3883 1270 3934 suum
1298 3861 1397 3936 annis
1424 3861 1582 3956 singulis,
1611 3861 1647 3934 in
1674 3861 1728 3936 die

176 3981 228 4055 sui
257 3979 428 4072 natalitii,
457 4005 479 4056 a
504 3981 731 4056 Ratiboriensi
777 3984 886 4056 castro
931 4003 1036 4073 usque
1067 3983 1110 4056 ad
1154 3981 1394 4058 monasterium
1435 3981 1728 4073 Praedicatorum,

177 4103 340 4199 grandem
396 4125 527 4178 cereum
571 4104 659 4178 uires
697 4125 775 4177 sues
810 4104 1025 4178 excedentem
1060 4103 1188 4178 deterre
1223 4103 1364 4178 solitus:
1417 4103 1578 4198 apparuit
1619 4103 1650 4178 ei
1696 4102 1731 4177 in

166 4226 328 4300 extrema
353 4225 567 4320 aegritudine
595 4225 762 4300 laboranti
792 4227 909 4300 beatus
937 4224 1141 4314 stanislaus
1170 4227 1205 4299 et
1231 4223 1412 4319 benignius
1440 4225 1660 4316 consolatum,
1689 4227 1729 4299 ut

172 4368 208 4420 se
234 4347 277 4420 ad
304 4346 429 4420 festum
456 4367 554 4420 snum
583 4346 816 4421 celebrandum
845 4348 1033 4440 praeparet,
1061 4345 1246 4420 admonuit.
1286 4344 1347 4420 cni
1374 4345 1609 4440 respondenti:
1638 4345 1725 4442 Quo-

175 4468 270 4541 modo
298 4469 412 4562 potero
441 4467 475 4540 id
502 4469 621 4560 facere,
651 4489 727 4542 cnm
753 4467 817 4540 sim
844 4466 1107 4542 valitudinarius
1138 4469 1174 4540 et
1200 4466 1296 4562 grand
1324 4467 1536 4562 aegritudine
1554 4469 1727 4542 onerutnsl

175 4589 321 4664 Sanctus
348 4588 411 4662 Dei
438 4588 583 4664 adiecit:
611 4590 684 4683 Ego
711 4591 757 4678 te,
787 4587 909 4682 inquit,
938 4588 1113 4679 adiuvabo,
1142 4589 1386 4682 praestaboque
1413 4587 1510 4664 vires.
1538 4589 1618 4662 Dux
1645 4591 1726 4664 Pre-

175 4710 315 4784 mislans
351 4733 387 4785 se
414 4709 448 4784 id
476 4711 643 4802 iacturum
671 4711 854 4802 devovens,
892 4709 928 4783 in
955 4709 1079 4804 vigilia
1114 4709 1204 4786 beuti
1240 4709 1404 4784 stanislai
1441 4709 1602 4800 moritur,
1631 4711 1728 4784 nulla

174 4833 268 4926 prole
295 4832 457 4908 derelicta
476 4831 515 4926 ²),
545 4834 580 4906 et
607 4832 643 4906 in
671 4832 724 4906 die
753 4854 812 4906 sno
839 4831 947 4923 testo,
975 4831 1130 4924 quamvis
1169 4833 1205 4906 et
1231 4833 1296 4906 due
1331 4830 1482 4926 germani
1511 4829 1563 4906 sni
1591 4831 1726 4921 fratres,

174 4953 332 5029 videlicet
359 4952 553 5028 Kanimirus
592 4953 836 5029 Bithomiensis
861 4955 897 5028 et
934 4954 1142 5047 Myeeasluns
1156 4950 1185 5046 ³)
1224 4951 1461 5026 Thesainensis
1475 4951 1515 5046 ⁴),
1557 4953 1665 5028 Duces
1693 4955 1728 5028 et

42 5157 49 5170 ,
178 5074 457 5151 Rathiborieases
499 5077 649 5167 barones,
679 5074 809 5148 diutius
837 5074 871 5147 in
900 5075 1078 5150 aduersum
1118 5074 1319 5166 niterentur,
1347 5095 1533 5169 corpusque
1560 5073 1594 5148 in
1621 5074 1727 5148 alium

177 5265 589 5276 fi-——m-——u-—n-..n-a-

283 5354 307 5433 ¹)
338 5357 531 5417 Praemielans
554 5357 614 5416 Ed.
638 5357 725 5430 Lips.
762 5351 789 5431 ⁹)
811 5353 915 5414 relicta
938 5353 997 5413 Ed.
1021 5354 1108 5428 Lips.
1144 5350 1171 5430 ³)
1208 5354 1368 5414 Mieczlaus
1392 5355 1451 5415 Ed.
1474 5355 1561 5432 laps.
1585 5350 1612 5432 ⁴)
1634 5355 1726 5415 Thes·

176 5463 291 5523 snensis
316 5461 387 5526 Cori.
410 5461 502 5524 Beer.
1249 5473 1252 5484 ·
