4246 6274
172 492 232 586 (Α.
253 491 301 566 D.
321 493 429 586 1145.)
792 513 905 566 creua
933 513 1106 576 omanus.
1642 525 1651 540 ⁴
1675 493 1722 567 21

172 705 245 791 bus,
274 723 377 794 quam
404 699 575 795 peditibus
601 702 643 775 ad
671 700 912 794 erumpendum
950 699 1173 794 praeparatis,
1202 700 1339 796 signum
1365 722 1497 795 quoque
1522 702 1660 776 rubrum
1688 700 1725 774 in

172 823 278 898 turris
303 821 475 898 cacumine
502 821 697 916 Principum
732 822 826 896 iussu
862 823 1008 896 ereetum
1045 824 1108 897 est.
1163 821 1265 896 (iuius
1300 821 1423 896 erectio
1451 822 1529 895 dum
1557 821 1726 896 militibus

172 946 209 1021 iu
237 943 389 1020 exercitu
414 943 609 1035 wladislai,
638 943 787 1017 Ducibus
814 942 1014 1036 praesertim
1040 942 1207 1033 Rosciae,
1236 943 1487 1034 Suauthoslao,
1516 944 1665 1019 Isuaslao
1691 945 1727 1017 et

174 1065 459 1144 Wsueuoldimiro
477 1069 559 1140 tunc
577 1066 619 1140 ad
637 1066 730 1138 latus
743 1063 927 1140 Wladislai
946 1063 1205 1154 considentibus
1231 1063 1487 1140 admirationem
1515 1063 1725 1158 ingessisset,

173 1186 404 1282 significatum
428 1187 517 1281 signi
537 1187 771 1290 Rutbeuormn
789 1184 1004 1279 Principibus
1030 1185 1203 1279 operosius
1230 1184 1482 1260 sciscitantibus
1500 1185 1726 1260 Wladislaum

172 1311 299 1389 Ducem
326 1307 538 1402 respondisse
564 1309 699 1383 ferunt:
728 1305 902 1400 Principes
929 1309 1078 1381 obsessos
1104 1309 1140 1380 et
1166 1306 1370 1382 deditionem
1397 1308 1514 1383 offerre
1541 1310 1576 1381 et
1595 1306 1725 1382 miseri-

172 1429 319 1505 cordiam
347 1429 513 1524 flagitare.
544 1429 692 1522 (tumque
719 1427 900 1517 Rutbenus
927 1427 1019 1522 perci
1046 1426 1148 1502 uictis
1175 1449 1278 1520 seque
1303 1427 1516 1519 dedentibus,
1546 1427 1727 1503 abstineri·

173 1572 240 1643 que
264 1551 418 1624 fraterna
438 1549 462 1643 ¹)
497 1552 533 1625 et
567 1549 777 1646 propriorum
810 1549 926 1638 caede,
965 1571 1175 1642 summopere
1210 1571 1353 1642 aequum
1388 1549 1595 1640 censuisset,
1632 1550 1728 1624 ferox

174 1670 358 1748 Wladielai
384 1673 503 1765 pectus
537 1670 608 1746 siue
643 1669 803 1760 ultionis,
841 1670 912 1745 sive
947 1670 1143 1747 exterminii
1179 1673 1325 1746 fratrum
1360 1669 1495 1746 avidum
1532 1669 1726 1765 respondit:

174 1790 383 1868 Clementiae
410 1793 446 1866 et
471 1791 738 1866 reconciliationi
773 1792 884 1866 loourn
911 1792 952 1866 de
978 1794 1109 1868 caetero
1136 1815 1202 1866 non
1231 1813 1418 1886 superesse.
1464 1792 1533 1866 Sub
1559 1792 1623 1866 hac
1649 1813 1727 1865 oon-

174 1912 385 1988 fabulatioue
412 1916 448 1987 et
474 1934 624 1988 sermono
651 1913 826 2007 Principes
861 1912 988 1988 obsessi
1024 1934 1100 1987 curn
1136 1912 1331 1987 fortissimis
1367 1914 1402 1988 et
1437 1911 1730 1987 exercitatissimis

173 2034 359 2125 militibus,
388 2033 537 2127 morique
552 2033 581 2128 ¹)
608 2057 710 2126 quam
737 2035 853 2110 cedere
880 2033 1071 2128 persuasis,
1099 2035 1225 2109 edbaeo
1252 2025 1337 2109 cum'
1354 2034 1543 2128 promiscua
1569 2031 1730 2126 cuiusque

172 2153 302 2230 ordinis
328 2155 538 2248 aetatisque,
567 2178 653 2247 quae
679 2157 790 2231 castro
817 2155 1056 2246 claudebatur,
1085 2157 1185 2230 turba
1200 2153 1249 2250 ³),
1279 2155 1389 2230 media
1414 2157 1520 2230 ferme
1547 2153 1620 2244 die,
1649 2154 1729 2226 dum

172 2276 286 2372 magis
313 2275 416 2371 sopiti
443 2277 504 2350 aut
530 2276 641 2370 epulis
667 2277 782 2352 hostes
809 2275 934 2351 intenti
963 2278 1094 2366 essent,
1124 2279 1325 2371 erumpunt,
1353 2277 1543 2368 clamorque
1569 2276 1612 2350 ab
1638 2273 1729 2348 omni
1781 2325 1783 2328 -

171 2398 277 2474 etiarn
304 2395 439 2472 infirma
465 2399 577 2472 aetate
603 2397 758 2472 sublatus
777 2396 836 2471 diu
853 2396 1082 2472 Wladisluurn
1101 2399 1228 2471 Ducem
1254 2399 1290 2472 et
1317 2419 1416 2472 suum
1442 2394 1627 2472 exercitum
1654 2415 1729 2468 sus·

173 2506 319 2614 pensum
351 2521 387 2593 et
414 2517 599 2592 attonitum
614 2517 653 2612 ¹),
683 2517 866 2592 amentiam
894 2518 984 2592 enirn
1012 2518 1109 2592 illam
1136 2541 1201 2593 nou
1230 2517 1404 2594 audaciam
1430 2516 1584 2612 plerique
1609 2518 1752 2592 roten-¹

173 2645 246 2730 tur,
275 2639 399 2715 tenuit.
427 2639 494 2714 Ubi
522 2661 599 2716 vero
625 2639 826 2715 effusissimo
853 2642 888 2715 et
915 2639 1026 2714 subito
1053 2661 1153 2716 cursu
1179 2661 1235 2715 eos
1257 2641 1299 2714 ad
1318 2662 1354 2715 se
1372 2661 1511 2735 pergere
1538 2638 1730 2728 advertunt,

172 2761 332 2837 omnibus
358 2762 458 2835 rebus
483 2761 697 2836 vehementer
725 2760 907 2855 perterriti,
937 2784 1044 2852 neque
1071 2760 1204 2837 consilii
1232 2761 1388 2852 habendi,
1417 2783 1526 2853 neque
1552 2781 1645 2834 arma
1671 2781 1731 2833 ex-

174 2881 336 2977 pediendi
363 2881 473 2976 spatio
501 2883 580 2957 dato
595 2882 624 2976 ⁵)
652 2885 948 2976 perturbabantur.
990 2883 1075 2957 ¹l¹urn
1103 2882 1250 2978 primum
1276 2881 1468 2984 trepidatio,
1497 2881 1567 2956 sive
1594 2879 1733 2955 numine
1871 2873 1874 2880 ’

172 3003 309 3079 occulto
336 2993 464 3079 motum
490 3002 563 3076 illis
590 3003 777 3098 ingerente,
806 3003 876 3079 sive
904 3003 991 3096 quod
1018 3023 1054 3078 se
1081 3005 1205 3095 nudos,
1234 3003 1500 3098 impraeparatos
1527 3003 1562 3077 et
1588 3001 1734 3077 inermes

173 3125 366 3213 cernerent,
394 3123 467 3200 sive
484 3125 582 3217 ,quod
610 3147 727 3200 causae
755 3147 836 3200 suae
862 3126 898 3199 et
915 3125 1030 3199 futuro
1057 3124 1233 3199 certamini
1262 3123 1400 3199 iniustis
1427 3123 1530 3198 armis
1556 3125 1734 3198 tractando

174 3265 300 3339 perum
327 3242 491 3334 fiderent,
530 3243 628 3318 iuxta
655 3266 693 3318 ac
720 3243 749 3317 si
777 3242 911 3318 insidiis
938 3242 1155 3319 circumuenti
1191 3245 1323 3334 forent,
1351 3245 1465 3318 coorta
1490 3244 1563 3318 est:
1610 3241 1734 3317 diversi

173 3365 314 3438 diversa
342 3363 585 3454 moliebantur,
615 3364 723 3455 nulli,
752 3364 835 3456 quid
862 3363 1076 3458 potissimum
1092 3353 1271 3460 ‚agendum
1298 3366 1407 3455 essct,
1435 3364 1622 3439 constabat.
1663 3364 1735 3440 Nec

173 3485 334 3562 homines
361 3486 482 3577 solum,
510 3486 568 3560 sed
595 3487 631 3560 et
657 3507 759 3579 equos
785 3487 894 3560 terror
911 3507 954 3558 ex
972 3485 1124 3560 tumultu
1143 3488 1178 3560 ot
1196 3508 1328 3563 ruinore
1342 3485 1369 3581 ὁ)
1397 3487 1602 3580 pervaserat.
1630 3483 1735 3560 Pauci

174 3609 297 3701 itaque
324 3607 470 3688 inermes
496 3605 592 3700 equis
617 3606 777 3700 utrinque
804 3605 977 3700 correptis,
1005 3607 1085 3681 dum
1107 3606 1272 3682 ordinatis
1290 3609 1325 3683 et
1343 3607 1484 3682 armatis
1511 3609 1734 3697 occurrerent,

174 3728 283 3804 facile
309 3725 524 3802 trucidantur
550 3726 659 3822 sparsi
687 3729 722 3802 et
749 3714 967 3802 semisomnes
981 3726 1011 3822 ¹)
1038 3727 1287 3823 opprimuntur.
1323 3727 1507 3804 Nonnullis
1522 3726 1551 3822 8)
1577 3749 1631 3802 res
1658 3749 1734 3821 pre-

174 3848 336 3925 tiosiores
362 3847 517 3923 remandi
543 3870 622 3922 cura
648 3850 741 3924 eret:
770 3849 903 3924 diuersa
919 3848 946 3942 ¹)
974 3871 1085 3924 rerum
1113 3848 1379 3944 conspiciebatur
1406 3849 1526 3938 iacies,
1555 3870 1617 3923 neo
1642 3847 1736 3940 quie·

174 3993 284 4065 quam
311 3991 392 4064 prae
411 3969 455 4064 ¹⁰)
481 3969 708 4064 trepidatione
734 3969 865 4062 aliquid
893 3970 1089 4046 consulebat
1117 3972 1152 4044 in
1180 3991 1364 4046 commune.
1392 3970 1434 4043 ln
1461 3971 1574 4044 castra
1599 3967 1739 4044 hostilia

174 4093 263 4188 igne
291 4091 436 4186 ingesto,
464 4091 655 4166 incendium
682 4092 752 4165 late
779 4091 922 4166 diffundi
949 4091 1071 4186 coepit,
1100 4090 1244 4166 materia
1269 4091 1365 4166 arida
1391 4092 1426 4166 et
1452 4089 1541 4166 sicca
1567 4113 1610 4164 ex
1628 4090 1738 4164 culmo

173 4217 212 4290 et
232 4214 434 4304 stramento,
458 4234 524 4306 quo
542 4215 655 4288 cestra
674 4214 793 4308 operta
818 4216 927 4304 erant,
956 4213 1156 4288 alimentum
1182 4211 1473 4288 subministrante.
1502 4213 1600 4306 Fuga
1618 4211 1739 4286 deinde

174 4334 311 4430 passim
338 4333 465 4408 ferrum
491 4335 527 4408 et
553 4333 722 4408 flammam
749 4333 877 4409 euitare
904 4333 1110 4424 conantium,
1140 4337 1175 4408 et
1202 4336 1324 4429 expost
1343 4332 1386 4427 ¹¹)
1413 4334 1529 4408 caedes
1554 4334 1648 4407 erat:
1677 4333 1739 4406 sub

174 4455 312 4530 modico
347 4453 528 4530 intervallo
564 4454 716 4530 ualidum
743 4456 843 4529 robur
870 4477 913 4530 ex
940 4455 1076 4530 Polonis
1103 4456 1138 4530 et
1164 4454 1335 4531 Rutbenie
1371 4455 1589 4550 congestum,
1626 4453 1740 4528 fusum

174 4578 410 4673 fugatumque
436 4577 472 4650 et
498 4575 620 4651 caetris
647 4579 788 4652 exutum
807 4578 870 4651 est.
898 4578 944 4651 Et
962 4577 1041 4650 dum
1061 4576 1097 4650 iu
1116 4598 1231 4651 ornnes
1259 4578 1373 4671 partes
1399 4578 1583 4671 capessunt
1609 4575 1738 4670 fugam,

174 4697 318 4791 equites
353 4696 525 4792 fugientes
562 4698 728 4792 persecuti
765 4720 924 4794 magnam
961 4697 1093 4773 caedem
1122 4697 1157 4772 in
1184 4697 1414 4792 fugientibus,
1444 4696 1615 4776 Rutheuis
1642 4718 1739 4791 pree·

173 4819 314 4909 sertim,
335 4817 523 4894 ediderunt.
552 4818 717 4893 Nonnulli
737 4821 779 4894 ab
798 4819 897 4893 undis
915 4818 1071 4894 suffocati
1089 4817 1272 4894 Wartham
1290 4820 1325 4894 et
1343 4818 1517 4893 Glounem
1537 4817 1580 4913 ¹¹)
1608 4816 1738 4909 fluvios,

172 4942 220 5016 ad
252 4961 339 5032 quos
366 4941 535 5016 certamen
562 4942 755 5034 gerebatur,
785 4941 1003 5018 cadaveribus
1030 4940 1266 5035 impleverant.
1303 4939 1513 5016 Wladislcus
1539 4939 1741 5014 Polonorum

294 5129 318 5207 ¹)
341 5147 360 5191 a
381 5129 513 5192 fraterna
549 5129 620 5192 Cod.
643 5131 735 5192 Rcar.
782 5129 810 5210 ¹)
833 5133 907 5192 mori
937 5132 1036 5206 potius
1066 5132 1127 5193 Ed.
1151 5131 1244 5194 chr.
1290 5128 1317 5209 ³)
1347 5131 1534 5192 multitudine
1563 5129 1624 5190 Ed.
1646 5129 1740 5190 chr.

171 5233 205 5315 .⁴)
230 5241 382 5298 attentum
416 5233 488 5296 God.
511 5236 605 5296 Roer.
651 5232 677 5312 ⁶)
700 5237 805 5296 relicto
840 5235 909 5298 Ood.
935 5236 1005 5312 Ia'p.
1052 5233 1079 5314 ⁶)
1102 5237 1230 5298 clamore
1263 5235 1335 5298 Occi.
1359 5237 1451 5298 Roas.
1498 5231 1612 5312 ¹)lere
1641 5249 1742 5292 omnes

173 5341 242 5404 sd.
268 5339 365 5400 Dobr.
415 5335 449 5415 8)
479 5339 576 5399 Nullis
610 5335 680 5401 coc.
709 5339 801 5399 Rour.
848 5336 882 5416 ⁹)
913 5339 988 5402 adeo
1016 5340 1132 5404 diversa
1161 5340 1221 5406 Ed.
1252 5340 1346 5404 chr.
1396 5336 1443 5419 ¹⁰)
1473 5338 1532 5404 sibi
1558 5336 1620 5420 Ed·
1646 5335 1742 5402 Dobr.

182 5443 230 5526 ¹¹)
256 5448 366 5525 postea
393 5440 465 5508 coc.
488 5430 581 5508 Rccrss
631 5439 673 5523 19)
697 5444 857 5506 Glouuiam
884 5443 955 5506 Ood.
978 5445 1070 5508 Recr.
