<?xml version="1.0" encoding="UTF-8"?>
<!DOCTYPE html PUBLIC "-//W3C//DTD XHTML 1.0 Transitional//EN"
    "http://www.w3.org/TR/xhtml1/DTD/xhtml1-transitional.dtd">
<html xmlns="http://www.w3.org/1999/xhtml" xml:lang="en" lang="en">
 <head>
  <title>
</title>
<meta http-equiv="Content-Type" content="text/html;charset=utf-8" />
  <meta name='ocr-system' content='tesseract 3.04.00' />
  <meta name='ocr-capabilities' content='ocr_page ocr_carea ocr_par ocr_line ocrx_word'/>
</head>
<body>
  <div class='ocr_page' id='page_1' title='image "./operaomnia02paulgoog_0449.png"; bbox 0 0 4162 6288; ppageno 0'>
   <div class='ocr_carea' id='block_1_1' title="bbox 187 527 1737 627">
    <p class='ocr_par' dir='ltr' id='par_1_1' title="bbox 187 527 1737 627">
     <span class='ocr_line' id='line_1_1' title="bbox 187 527 1737 627; baseline 0.009 -21"><span class='ocrx_word' id='word_1_1' title='bbox 187 527 250 624; x_wconf 59' lang='lat' dir='ltr'>(h</span> <span class='ocrx_word' id='word_1_2' title='bbox 269 527 318 606; x_wconf 85' lang='lat' dir='ltr'>D.</span> <span class='ocrx_word' id='word_1_3' title='bbox 338 529 460 627; x_wconf 83' lang='grc'>1274.)</span> <span class='ocrx_word' id='word_1_4' title='bbox 801 557 914 612; x_wconf 82' lang='lat' dir='ltr'>nrnna</span> <span class='ocrx_word' id='word_1_5' title='bbox 940 557 1134 613; x_wconf 73' lang='lat' dir='ltr'>susumus.</span> <span class='ocrx_word' id='word_1_6' title='bbox 1661 547 1737 620; x_wconf 85' lang='lat'>433</span> 
     </span>
    </p>
   </div>
   <div class='ocr_carea' id='block_1_2' title="bbox 182 735 1739 1444">
    <p class='ocr_par' dir='ltr' id='par_1_2' title="bbox 182 735 1739 1444">
     <span class='ocr_line' id='line_1_2' title="bbox 185 735 1739 844; baseline 0.009 -33"><span class='ocrx_word' id='word_1_7' title='bbox 185 735 274 812; x_wconf 84' lang='lat' dir='ltr'>torio</span> <span class='ocrx_word' id='word_1_8' title='bbox 309 738 540 817; x_wconf 75' lang='lat' dir='ltr'>Thimariensi</span> <span class='ocrx_word' id='word_1_9' title='bbox 560 741 594 835; x_wconf 83' lang='lat'>¹),</span> <span class='ocrx_word' id='word_1_10' title='bbox 631 743 694 816; x_wconf 89' lang='lat' dir='ltr'>sub</span> <span class='ocrx_word' id='word_1_11' title='bbox 720 742 823 818; x_wconf 92' lang='lat' dir='ltr'>titulo</span> <span class='ocrx_word' id='word_1_12' title='bbox 858 745 894 820; x_wconf 94' lang='lat' dir='ltr'>et</span> <span class='ocrx_word' id='word_1_13' title='bbox 928 744 1052 820; x_wconf 88' lang='lat' dir='ltr'>bonore</span> <span class='ocrx_word' id='word_1_14' title='bbox 1087 747 1213 821; x_wconf 86' lang='lat' dir='ltr'>Beatee</span> <span class='ocrx_word' id='word_1_15' title='bbox 1247 746 1374 823; x_wconf 86' lang='lat' dir='ltr'>Mariae</span> <span class='ocrx_word' id='word_1_16' title='bbox 1409 748 1575 844; x_wconf 84' lang='lat' dir='ltr'>Virginis,</span> <span class='ocrx_word' id='word_1_17' title='bbox 1612 751 1739 826; x_wconf 87' lang='lat' dir='ltr'>ordinis</span> 
     </span>
     <span class='ocr_line' id='line_1_3' title="bbox 184 858 1737 966; baseline 0.009 -34"><span class='ocrx_word' id='word_1_18' title='bbox 184 858 429 952; x_wconf 76' lang='lat' dir='ltr'>cisterciensis,</span> <span class='ocrx_word' id='word_1_19' title='bbox 458 862 540 936; x_wconf 93' lang='lat' dir='ltr'>olim</span> <span class='ocrx_word' id='word_1_20' title='bbox 566 863 685 938; x_wconf 87' lang='lat' dir='ltr'>Nowin</span> <span class='ocrx_word' id='word_1_21' title='bbox 711 865 869 960; x_wconf 78' lang='lat' dir='ltr'>Dobranp</span> <span class='ocrx_word' id='word_1_22' title='bbox 904 867 1127 961; x_wconf 84' lang='lat' dir='ltr'>appellatum,</span> <span class='ocrx_word' id='word_1_23' title='bbox 1165 868 1287 944; x_wconf 85' lang='lat' dir='ltr'>fundat</span> <span class='ocrx_word' id='word_1_24' title='bbox 1321 871 1375 944; x_wconf 82' lang='lat' dir='ltr'>rel</span> <span class='ocrx_word' id='word_1_25' title='bbox 1412 871 1524 966; x_wconf 88' lang='lat' dir='ltr'>potius</span> <span class='ocrx_word' id='word_1_26' title='bbox 1562 873 1737 946; x_wconf 80' lang='lat' dir='ltr'>transfert.</span> 
     </span>
     <span class='ocr_line' id='line_1_4' title="bbox 185 979 1738 1088; baseline 0.009 -36"><span class='ocrx_word' id='word_1_27' title='bbox 185 979 322 1056; x_wconf 82' lang='lat' dir='ltr'>Dudum</span> <span class='ocrx_word' id='word_1_28' title='bbox 349 983 439 1058; x_wconf 91' lang='lat' dir='ltr'>enim</span> <span class='ocrx_word' id='word_1_29' title='bbox 466 985 660 1058; x_wconf 88' lang='lat' dir='ltr'>Samborius</span> <span class='ocrx_word' id='word_1_30' title='bbox 687 987 766 1060; x_wconf 88' lang='lat' dir='ltr'>Dux</span> <span class='ocrx_word' id='word_1_31' title='bbox 793 987 1011 1062; x_wconf 90' lang='lat' dir='ltr'>Pomeranlae</span> <span class='ocrx_word' id='word_1_32' title='bbox 1038 992 1180 1082; x_wconf 88' lang='lat' dir='ltr'>patruus</span> <span class='ocrx_word' id='word_1_33' title='bbox 1210 1013 1393 1084; x_wconf 89' lang='lat' dir='ltr'>germanus</span> <span class='ocrx_word' id='word_1_34' title='bbox 1419 991 1502 1066; x_wconf 91' lang='lat' dir='ltr'>dicti</span> <span class='ocrx_word' id='word_1_35' title='bbox 1528 994 1738 1088; x_wconf 72' lang='lat' dir='ltr'>btstivogii²t</span> 
     </span>
     <span class='ocr_line' id='line_1_5' title="bbox 183 1101 1738 1207; baseline 0.008 -32"><span class='ocrx_word' id='word_1_36' title='bbox 183 1101 273 1178; x_wconf 92' lang='lat' dir='ltr'>illud</span> <span class='ocrx_word' id='word_1_37' title='bbox 300 1105 501 1182; x_wconf 84' lang='lat' dir='ltr'>fundaverat</span> <span class='ocrx_word' id='word_1_38' title='bbox 540 1109 575 1180; x_wconf 96' lang='lat' dir='ltr'>et</span> <span class='ocrx_word' id='word_1_39' title='bbox 601 1109 689 1182; x_wconf 92' lang='lat' dir='ltr'>bona</span> <span class='ocrx_word' id='word_1_40' title='bbox 715 1109 931 1202; x_wconf 82' lang='lat' dir='ltr'>Pogotblrow,</span> <span class='ocrx_word' id='word_1_41' title='bbox 960 1110 1121 1204; x_wconf 79' lang='lat' dir='ltr'>Kobylon</span> <span class='ocrx_word' id='word_1_42' title='bbox 1146 1114 1182 1185; x_wconf 94' lang='lat' dir='ltr'>et</span> <span class='ocrx_word' id='word_1_43' title='bbox 1209 1113 1380 1207; x_wconf 80' lang='lat' dir='ltr'>Kosumpn</span> <span class='ocrx_word' id='word_1_44' title='bbox 1415 1114 1616 1190; x_wconf 85' lang='lat' dir='ltr'>donaverat:</span> <span class='ocrx_word' id='word_1_45' title='bbox 1649 1115 1738 1206; x_wconf 92' lang='lat' dir='ltr'>quod</span> 
     </span>
     <span class='ocr_line' id='line_1_6' title="bbox 182 1226 1737 1329; baseline 0.008 -32"><span class='ocrx_word' id='word_1_46' title='bbox 182 1227 325 1318; x_wconf 90' lang='lat' dir='ltr'>propter</span> <span class='ocrx_word' id='word_1_47' title='bbox 350 1226 602 1302; x_wconf 70' lang='lat' dir='ltr'>inhabilitatem</span> <span class='ocrx_word' id='word_1_48' title='bbox 629 1229 695 1304; x_wconf 89' lang='lat' dir='ltr'>loci</span> <span class='ocrx_word' id='word_1_49' title='bbox 721 1230 912 1324; x_wconf 84' lang='lat' dir='ltr'>Mscnugius</span> <span class='ocrx_word' id='word_1_50' title='bbox 938 1230 975 1304; x_wconf 93' lang='lat' dir='ltr'>in</span> <span class='ocrx_word' id='word_1_51' title='bbox 1001 1232 1147 1327; x_wconf 78' lang='lat' dir='ltr'>Polplpn</span> <span class='ocrx_word' id='word_1_52' title='bbox 1183 1233 1364 1308; x_wconf 76' lang='lat' dir='ltr'>transtulit</span> <span class='ocrx_word' id='word_1_53' title='bbox 1391 1237 1426 1309; x_wconf 91' lang='lat' dir='ltr'>et</span> <span class='ocrx_word' id='word_1_54' title='bbox 1453 1235 1567 1329; x_wconf 87' lang='lat' dir='ltr'>ampla</span> <span class='ocrx_word' id='word_1_55' title='bbox 1593 1236 1671 1310; x_wconf 90' lang='lat' dir='ltr'>dote</span> <span class='ocrx_word' id='word_1_56' title='bbox 1698 1257 1737 1310; x_wconf 89' lang='lat' dir='ltr'>ac</span> 
     </span>
     <span class='ocr_line' id='line_1_7' title="bbox 183 1344 688 1444; baseline 0.026 -25"><span class='ocrx_word' id='word_1_57' title='bbox 183 1344 401 1422; x_wconf 74' lang='lat' dir='ltr'>libertatibus</span> <span class='ocrx_word' id='word_1_58' title='bbox 428 1349 688 1444; x_wconf 75' lang='lat' dir='ltr'>magnificavit..</span> 
     </span>
    </p>
   </div>
   <div class='ocr_carea' id='block_1_3' title="bbox 214 1713 1699 1930">
    <p class='ocr_par' dir='ltr' id='par_1_3' title="bbox 214 1713 1699 1930">
     <span class='ocr_line' id='line_1_8' title="bbox 214 1713 1699 1832; baseline 0.005 -47"><span class='ocrx_word' id='word_1_59' title='bbox 214 1713 297 1786; x_wconf 81' lang='lat' dir='ltr'>l’rer</span> <span class='ocrx_word' id='word_1_60' title='bbox 323 1713 402 1832; x_wconf 74' lang='lat' dir='ltr'>bera</span> <span class='ocrx_word' id='word_1_61' title='bbox 429 1713 621 1788; x_wconf 78' lang='lat' dir='ltr'>activitatis</span> <span class='ocrx_word' id='word_1_62' title='bbox 648 1732 728 1789; x_wconf 82' lang='lat' dir='ltr'>arae</span> <span class='ocrx_word' id='word_1_63' title='bbox 756 1717 791 1788; x_wconf 82' lang='lat' dir='ltr'>et</span> <span class='ocrx_word' id='word_1_64' title='bbox 818 1713 934 1788; x_wconf 81' lang='lat' dir='ltr'>dentes</span> <span class='ocrx_word' id='word_1_65' title='bbox 961 1715 1061 1790; x_wconf 81' lang='lat' dir='ltr'>babet</span> <span class='ocrx_word' id='word_1_66' title='bbox 1087 1720 1122 1790; x_wconf 86' lang='lat' dir='ltr'>et</span> <span class='ocrx_word' id='word_1_67' title='bbox 1148 1717 1311 1810; x_wconf 82' lang='lat' dir='ltr'>loquitor:</span> <span class='ocrx_word' id='word_1_68' title='bbox 1337 1737 1448 1792; x_wconf 83' lang='lat' dir='ltr'>vernn</span> <span class='ocrx_word' id='word_1_69' title='bbox 1474 1719 1699 1812; x_wconf 75' lang='lat' dir='ltr'>indeptione</span> 
     </span>
     <span class='ocr_line' id='line_1_9' title="bbox 740 1838 1179 1930; baseline 0.009 -22"><span class='ocrx_word' id='word_1_70' title='bbox 740 1855 818 1908; x_wconf 85' lang='lat' dir='ltr'>mox</span> <span class='ocrx_word' id='word_1_71' title='bbox 845 1838 973 1910; x_wconf 85' lang='lat' dir='ltr'>amittit</span> <span class='ocrx_word' id='word_1_72' title='bbox 999 1842 1179 1930; x_wconf 81' lang='lat' dir='ltr'>utrunque.</span> 
     </span>
    </p>
   </div>
   <div class='ocr_carea' id='block_1_4' title="bbox 174 2075 1730 2778">
    <p class='ocr_par' dir='ltr' id='par_1_4' title="bbox 174 2075 1730 2778">
     <span class='ocr_line' id='line_1_10' title="bbox 284 2075 1729 2175; baseline 0.006 -26"><span class='ocrx_word' id='word_1_73' title='bbox 284 2077 326 2150; x_wconf 95' lang='lat' dir='ltr'>In</span> <span class='ocrx_word' id='word_1_74' title='bbox 353 2075 563 2152; x_wconf 68' lang='lat' dir='ltr'>cracoviensi</span> <span class='ocrx_word' id='word_1_75' title='bbox 591 2077 762 2153; x_wconf 90' lang='lat' dir='ltr'>territorio</span> <span class='ocrx_word' id='word_1_76' title='bbox 798 2079 988 2173; x_wconf 91' lang='lat' dir='ltr'>prodigium</span> <span class='ocrx_word' id='word_1_77' title='bbox 1025 2079 1221 2154; x_wconf 84' lang='lat' dir='ltr'>nuntiatum</span> <span class='ocrx_word' id='word_1_78' title='bbox 1257 2081 1372 2175; x_wconf 90' lang='lat' dir='ltr'>plures</span> <span class='ocrx_word' id='word_1_79' title='bbox 1409 2081 1443 2154; x_wconf 91' lang='lat' dir='ltr'>in</span> <span class='ocrx_word' id='word_1_80' title='bbox 1471 2080 1729 2158; x_wconf 87' lang='lat' dir='ltr'>admirationem</span> 
     </span>
     <span class='ocr_line' id='line_1_11' title="bbox 177 2195 1728 2294; baseline 0.005 -25"><span class='ocrx_word' id='word_1_81' title='bbox 177 2195 233 2270; x_wconf 90' lang='lat' dir='ltr'>eui</span> <span class='ocrx_word' id='word_1_82' title='bbox 260 2197 438 2273; x_wconf 81' lang='lat' dir='ltr'>convertit.</span> <span class='ocrx_word' id='word_1_83' title='bbox 484 2201 573 2273; x_wconf 92' lang='lat' dir='ltr'>Puer</span> <span class='ocrx_word' id='word_1_84' title='bbox 598 2199 688 2273; x_wconf 91' lang='lat' dir='ltr'>enim</span> <span class='ocrx_word' id='word_1_85' title='bbox 716 2201 819 2273; x_wconf 90' lang='lat' dir='ltr'>natus</span> <span class='ocrx_word' id='word_1_86' title='bbox 847 2201 1018 2274; x_wconf 89' lang='lat' dir='ltr'>masculus</span> <span class='ocrx_word' id='word_1_87' title='bbox 1054 2200 1125 2294; x_wconf 92' lang='lat' dir='ltr'>ipso</span> <span class='ocrx_word' id='word_1_88' title='bbox 1166 2200 1360 2276; x_wconf 86' lang='lat' dir='ltr'>nativitatis</span> <span class='ocrx_word' id='word_1_89' title='bbox 1396 2225 1476 2277; x_wconf 91' lang='lat' dir='ltr'>suae</span> <span class='ocrx_word' id='word_1_90' title='bbox 1503 2203 1557 2276; x_wconf 90' lang='lat' dir='ltr'>die</span> <span class='ocrx_word' id='word_1_91' title='bbox 1584 2205 1619 2277; x_wconf 88' lang='lat' dir='ltr'>et</span> <span class='ocrx_word' id='word_1_92' title='bbox 1646 2205 1728 2278; x_wconf 83' lang='lat' dir='ltr'>hora</span> 
     </span>
     <span class='ocr_line' id='line_1_12' title="bbox 175 2317 1729 2416; baseline 0.003 -25"><span class='ocrx_word' id='word_1_93' title='bbox 175 2317 298 2392; x_wconf 90' lang='lat' dir='ltr'>dentes</span> <span class='ocrx_word' id='word_1_94' title='bbox 324 2319 460 2411; x_wconf 89' lang='lat' dir='ltr'>habere,</span> <span class='ocrx_word' id='word_1_95' title='bbox 491 2322 657 2410; x_wconf 77' lang='lat' dir='ltr'>verbaque</span> <span class='ocrx_word' id='word_1_96' title='bbox 693 2321 874 2396; x_wconf 87' lang='lat' dir='ltr'>articulate</span> <span class='ocrx_word' id='word_1_97' title='bbox 907 2322 1056 2415; x_wconf 86' lang='lat' dir='ltr'>prolerre</span> <span class='ocrx_word' id='word_1_98' title='bbox 1083 2323 1275 2416; x_wconf 90' lang='lat' dir='ltr'>compertus</span> <span class='ocrx_word' id='word_1_99' title='bbox 1302 2323 1366 2413; x_wconf 89' lang='lat' dir='ltr'>est,</span> <span class='ocrx_word' id='word_1_100' title='bbox 1394 2326 1429 2396; x_wconf 92' lang='lat' dir='ltr'>et</span> <span class='ocrx_word' id='word_1_101' title='bbox 1455 2325 1636 2414; x_wconf 90' lang='lat' dir='ltr'>utrumque</span> <span class='ocrx_word' id='word_1_102' title='bbox 1663 2325 1729 2415; x_wconf 88' lang='lat' dir='ltr'>illi,</span> 
     </span>
     <span class='ocr_line' id='line_1_13' title="bbox 175 2437 1729 2538; baseline 0.003 -26"><span class='ocrx_word' id='word_1_103' title='bbox 175 2437 336 2515; x_wconf 84' lang='lat' dir='ltr'>videlicet</span> <span class='ocrx_word' id='word_1_104' title='bbox 361 2441 434 2516; x_wconf 86' lang='lat' dir='ltr'>tem</span> <span class='ocrx_word' id='word_1_105' title='bbox 461 2442 579 2516; x_wconf 89' lang='lat' dir='ltr'>dentes</span> <span class='ocrx_word' id='word_1_106' title='bbox 614 2463 716 2532; x_wconf 90' lang='lat' dir='ltr'>quam</span> <span class='ocrx_word' id='word_1_107' title='bbox 747 2463 855 2518; x_wconf 90' lang='lat' dir='ltr'>sermo</span> <span class='ocrx_word' id='word_1_108' title='bbox 882 2443 925 2516; x_wconf 88' lang='lat' dir='ltr'>ad</span> <span class='ocrx_word' id='word_1_109' title='bbox 952 2442 1159 2536; x_wconf 88' lang='lat' dir='ltr'>baptismum</span> <span class='ocrx_word' id='word_1_110' title='bbox 1186 2443 1324 2518; x_wconf 85' lang='lat' dir='ltr'>mansit.</span> <span class='ocrx_word' id='word_1_111' title='bbox 1369 2444 1624 2538; x_wconf 79' lang='lat' dir='ltr'>Quamprimum</span> <span class='ocrx_word' id='word_1_112' title='bbox 1653 2467 1729 2518; x_wconf 84' lang='lat' dir='ltr'>vero</span> 
     </span>
     <span class='ocr_line' id='line_1_14' title="bbox 175 2559 1730 2656; baseline 0.005 -24"><span class='ocrx_word' id='word_1_113' title='bbox 175 2559 273 2634; x_wconf 84' lang='lat' dir='ltr'>fonte</span> <span class='ocrx_word' id='word_1_114' title='bbox 299 2583 392 2636; x_wconf 89' lang='lat' dir='ltr'>sacro</span> <span class='ocrx_word' id='word_1_115' title='bbox 419 2563 562 2636; x_wconf 86' lang='lat' dir='ltr'>renatus</span> <span class='ocrx_word' id='word_1_116' title='bbox 584 2562 732 2653; x_wconf 83' lang='lat' dir='ltr'>exstitit,</span> <span class='ocrx_word' id='word_1_117' title='bbox 765 2562 858 2637; x_wconf 87' lang='lat' dir='ltr'>illico</span> <span class='ocrx_word' id='word_1_118' title='bbox 885 2562 1118 2638; x_wconf 77' lang='lat' dir='ltr'>excidentibus</span> <span class='ocrx_word' id='word_1_119' title='bbox 1145 2564 1313 2656; x_wconf 88' lang='lat' dir='ltr'>dentibus,</span> <span class='ocrx_word' id='word_1_120' title='bbox 1351 2565 1455 2639; x_wconf 86' lang='lat' dir='ltr'>etiarn</span> <span class='ocrx_word' id='word_1_121' title='bbox 1481 2588 1590 2638; x_wconf 90' lang='lat' dir='ltr'>sermo</span> <span class='ocrx_word' id='word_1_122' title='bbox 1617 2567 1653 2641; x_wconf 92' lang='lat' dir='ltr'>et</span> <span class='ocrx_word' id='word_1_123' title='bbox 1680 2567 1730 2640; x_wconf 94' lang='lat' dir='ltr'>lo·</span> 
     </span>
     <span class='ocr_line' id='line_1_15' title="bbox 174 2681 1461 2778; baseline 0.003 -22"><span class='ocrx_word' id='word_1_124' title='bbox 174 2683 278 2774; x_wconf 85' lang='lat' dir='ltr'>quola</span> <span class='ocrx_word' id='word_1_125' title='bbox 303 2681 497 2772; x_wconf 90' lang='lat' dir='ltr'>interoidit;</span> <span class='ocrx_word' id='word_1_126' title='bbox 525 2683 672 2759; x_wconf 88' lang='lat' dir='ltr'>triennio</span> <span class='ocrx_word' id='word_1_127' title='bbox 699 2685 836 2760; x_wconf 88' lang='lat' dir='ltr'>tandem</span> <span class='ocrx_word' id='word_1_128' title='bbox 862 2685 1011 2778; x_wconf 81' lang='lat' dir='ltr'>expleto,</span> <span class='ocrx_word' id='word_1_129' title='bbox 1039 2684 1149 2760; x_wconf 85' lang='lat' dir='ltr'>vitam</span> <span class='ocrx_word' id='word_1_130' title='bbox 1175 2707 1307 2778; x_wconf 84' lang='lat' dir='ltr'>quoque</span> <span class='ocrx_word' id='word_1_131' title='bbox 1333 2686 1461 2760; x_wconf 87' lang='lat' dir='ltr'>amisit.</span> 
     </span>
    </p>
   </div>
   <div class='ocr_carea' id='block_1_5' title="bbox 172 3047 1729 3262">
    <p class='ocr_par' dir='ltr' id='par_1_5' title="bbox 172 3047 1729 3262">
     <span class='ocr_line' id='line_1_16' title="bbox 172 3047 1729 3143; baseline 0.001 -19"><span class='ocrx_word' id='word_1_132' title='bbox 172 3049 320 3143; x_wconf 55' lang='lat' dir='ltr'>ladani</span> <span class='ocrx_word' id='word_1_133' title='bbox 348 3050 499 3142; x_wconf 74' lang='lat' dir='ltr'>mouens</span> <span class='ocrx_word' id='word_1_134' title='bbox 526 3048 704 3122; x_wconf 65' lang='lat' dir='ltr'>manilium</span> <span class='ocrx_word' id='word_1_135' title='bbox 730 3047 920 3137; x_wconf 85' lang='lat' dir='ltr'>celebratur,</span> <span class='ocrx_word' id='word_1_136' title='bbox 948 3048 980 3120; x_wconf 91' lang='lat' dir='ltr'>in</span> <span class='ocrx_word' id='word_1_137' title='bbox 1000 3048 1086 3141; x_wconf 77' lang='lat' dir='ltr'>quod</span> <span class='ocrx_word' id='word_1_138' title='bbox 1113 3048 1215 3143; x_wconf 82' lang='lat' dir='ltr'>legati</span> <span class='ocrx_word' id='word_1_139' title='bbox 1238 3047 1429 3124; x_wconf 73' lang='lat' dir='ltr'>Graecorum</span> <span class='ocrx_word' id='word_1_140' title='bbox 1448 3052 1483 3122; x_wconf 87' lang='lat' dir='ltr'>et</span> <span class='ocrx_word' id='word_1_141' title='bbox 1500 3049 1729 3124; x_wconf 68' lang='lat' dir='ltr'>Thebanorum</span> 
     </span>
     <span class='ocr_line' id='line_1_17' title="bbox 344 3168 1627 3262; baseline -0.002 -16"><span class='ocrx_word' id='word_1_142' title='bbox 344 3171 522 3260; x_wconf 77' lang='lat' dir='ltr'>venientes,</span> <span class='ocrx_word' id='word_1_143' title='bbox 549 3170 597 3244; x_wconf 85' lang='lat' dir='ltr'>illl</span> <span class='ocrx_word' id='word_1_144' title='bbox 624 3170 666 3244; x_wconf 82' lang='lat' dir='ltr'>ed</span> <span class='ocrx_word' id='word_1_145' title='bbox 693 3170 854 3244; x_wconf 82' lang='lat' dir='ltr'>mitatem</span> <span class='ocrx_word' id='word_1_146' title='bbox 880 3168 955 3242; x_wconf 84' lang='lat' dir='ltr'>ldei</span> <span class='ocrx_word' id='word_1_147' title='bbox 981 3169 1126 3260; x_wconf 85' lang='lat' dir='ltr'>redeunt,</span> <span class='ocrx_word' id='word_1_148' title='bbox 1155 3170 1214 3244; x_wconf 84' lang='lat' dir='ltr'>isti</span> <span class='ocrx_word' id='word_1_149' title='bbox 1240 3189 1316 3244; x_wconf 83' lang='lat' dir='ltr'>rere</span> <span class='ocrx_word' id='word_1_150' title='bbox 1344 3171 1556 3262; x_wconf 77' lang='lat' dir='ltr'>baptistatus.</span> <span class='ocrx_word' id='word_1_151' title='bbox 1624 3183 1627 3195; x_wconf 77' lang='grc'><em>’</em></span> 
     </span>
    </p>
   </div>
   <div class='ocr_carea' id='block_1_6' title="bbox 169 3410 1724 4354">
    <p class='ocr_par' dir='ltr' id='par_1_6' title="bbox 169 3410 1724 4354">
     <span class='ocr_line' id='line_1_18' title="bbox 278 3410 1724 3509; baseline 0.001 -20"><span class='ocrx_word' id='word_1_152' title='bbox 278 3411 462 3508; x_wconf 79' lang='lat' dir='ltr'>Gregorius</span> <span class='ocrx_word' id='word_1_153' title='bbox 489 3413 583 3506; x_wconf 87' lang='lat' dir='ltr'>Papa</span> <span class='ocrx_word' id='word_1_154' title='bbox 609 3410 757 3488; x_wconf 87' lang='lat' dir='ltr'>decimus</span> <span class='ocrx_word' id='word_1_155' title='bbox 794 3433 853 3506; x_wconf 91' lang='lat' dir='ltr'>pro</span> <span class='ocrx_word' id='word_1_156' title='bbox 894 3410 1047 3486; x_wconf 89' lang='lat' dir='ltr'>utilitate</span> <span class='ocrx_word' id='word_1_157' title='bbox 1077 3411 1200 3486; x_wconf 75' lang='lat' dir='ltr'>Terrae</span> <span class='ocrx_word' id='word_1_158' title='bbox 1235 3412 1389 3504; x_wconf 85' lang='lat' dir='ltr'>Sanetus,</span> <span class='ocrx_word' id='word_1_159' title='bbox 1426 3412 1522 3487; x_wconf 91' lang='lat' dir='ltr'>cuius</span> <span class='ocrx_word' id='word_1_160' title='bbox 1549 3435 1724 3509; x_wconf 87' lang='lat' dir='ltr'>recupera·</span> 
     </span>
     <span class='ocr_line' id='line_1_19' title="bbox 171 3532 1722 3627; baseline 0.001 -19"><span class='ocrx_word' id='word_1_161' title='bbox 171 3533 260 3609; x_wconf 90' lang='lat' dir='ltr'>tioni</span> <span class='ocrx_word' id='word_1_162' title='bbox 287 3534 479 3610; x_wconf 76' lang='lat' dir='ltr'>decreuerat</span> <span class='ocrx_word' id='word_1_163' title='bbox 505 3533 728 3627; x_wconf 90' lang='lat' dir='ltr'>personaliter</span> <span class='ocrx_word' id='word_1_164' title='bbox 764 3532 948 3623; x_wconf 91' lang='lat' dir='ltr'>intendere,</span> <span class='ocrx_word' id='word_1_165' title='bbox 985 3555 1028 3606; x_wconf 85' lang='lat' dir='ltr'>ex</span> <span class='ocrx_word' id='word_1_166' title='bbox 1055 3533 1147 3606; x_wconf 89' lang='lat' dir='ltr'>Urbe</span> <span class='ocrx_word' id='word_1_167' title='bbox 1173 3534 1209 3607; x_wconf 91' lang='lat' dir='ltr'>et</span> <span class='ocrx_word' id='word_1_168' title='bbox 1235 3532 1340 3607; x_wconf 83' lang='lat' dir='ltr'>ltalia</span> <span class='ocrx_word' id='word_1_169' title='bbox 1366 3533 1403 3606; x_wconf 93' lang='lat' dir='ltr'>in</span> <span class='ocrx_word' id='word_1_170' title='bbox 1429 3532 1560 3608; x_wconf 80' lang='lat' dir='ltr'>Gallias</span> <span class='ocrx_word' id='word_1_171' title='bbox 1587 3533 1722 3610; x_wconf 81' lang='lat' dir='ltr'>descen</span> 
     </span>
     <span class='ocr_line' id='line_1_20' title="bbox 171 3653 1724 3750; baseline 0.001 -22"><span class='ocrx_word' id='word_1_172' title='bbox 171 3655 235 3746; x_wconf 89' lang='lat' dir='ltr'>dit,</span> <span class='ocrx_word' id='word_1_173' title='bbox 263 3657 298 3732; x_wconf 91' lang='lat' dir='ltr'>et</span> <span class='ocrx_word' id='word_1_174' title='bbox 325 3655 361 3729; x_wconf 95' lang='lat' dir='ltr'>in</span> <span class='ocrx_word' id='word_1_175' title='bbox 388 3653 555 3750; x_wconf 80' lang='lat' dir='ltr'>Lugduno</span> <span class='ocrx_word' id='word_1_176' title='bbox 581 3653 618 3728; x_wconf 93' lang='lat' dir='ltr'>in</span> <span class='ocrx_word' id='word_1_177' title='bbox 644 3653 801 3728; x_wconf 78' lang='lat' dir='ltr'>Calendis</span> <span class='ocrx_word' id='word_1_178' title='bbox 828 3654 909 3726; x_wconf 89' lang='lat' dir='ltr'>ldaii</span> <span class='ocrx_word' id='word_1_179' title='bbox 935 3653 1133 3743; x_wconf 75' lang='lat' dir='ltr'>Concilium,</span> <span class='ocrx_word' id='word_1_180' title='bbox 1171 3654 1259 3744; x_wconf 92' lang='lat' dir='ltr'>quod</span> <span class='ocrx_word' id='word_1_181' title='bbox 1285 3655 1364 3728; x_wconf 87' lang='lat' dir='ltr'>ante</span> <span class='ocrx_word' id='word_1_182' title='bbox 1391 3653 1563 3729; x_wconf 90' lang='lat' dir='ltr'>biennium</span> <span class='ocrx_word' id='word_1_183' title='bbox 1591 3655 1724 3730; x_wconf 87' lang='lat' dir='ltr'>indixe-</span> 
     </span>
     <span class='ocr_line' id='line_1_21' title="bbox 170 3771 1724 3868; baseline 0 -18"><span class='ocrx_word' id='word_1_184' title='bbox 170 3778 237 3868; x_wconf 89' lang='lat' dir='ltr'>rat,</span> <span class='ocrx_word' id='word_1_185' title='bbox 266 3775 461 3866; x_wconf 81' lang='lat' dir='ltr'>celebrarit,</span> <span class='ocrx_word' id='word_1_186' title='bbox 499 3775 534 3848; x_wconf 94' lang='lat' dir='ltr'>in</span> <span class='ocrx_word' id='word_1_187' title='bbox 570 3797 635 3868; x_wconf 88' lang='lat' dir='ltr'>quo</span> <span class='ocrx_word' id='word_1_188' title='bbox 665 3777 701 3849; x_wconf 92' lang='lat' dir='ltr'>et</span> <span class='ocrx_word' id='word_1_189' title='bbox 727 3774 929 3852; x_wconf 81' lang='lat' dir='ltr'>ernoooron</span> <span class='ocrx_word' id='word_1_190' title='bbox 964 3776 1000 3848; x_wconf 92' lang='lat' dir='ltr'>et</span> <span class='ocrx_word' id='word_1_191' title='bbox 1034 3775 1277 3849; x_wconf 83' lang='lat' dir='ltr'>Tbertarorum</span> <span class='ocrx_word' id='word_1_192' title='bbox 1313 3775 1460 3850; x_wconf 89' lang='lat' dir='ltr'>celebres</span> <span class='ocrx_word' id='word_1_193' title='bbox 1496 3771 1724 3850; x_wconf 89' lang='lat' dir='ltr'>interfuerunt</span> 
     </span>
     <span class='ocr_line' id='line_1_22' title="bbox 171 3894 1722 3991; baseline -0.001 -20"><span class='ocrx_word' id='word_1_194' title='bbox 171 3896 297 3971; x_wconf 90' lang='lat' dir='ltr'>nuntii.</span> <span class='ocrx_word' id='word_1_195' title='bbox 326 3898 372 3972; x_wconf 80' lang='lat' dir='ltr'>Et</span> <span class='ocrx_word' id='word_1_196' title='bbox 398 3897 599 3991; x_wconf 76' lang='lat' dir='ltr'>procurante</span> <span class='ocrx_word' id='word_1_197' title='bbox 626 3895 827 3990; x_wconf 89' lang='lat' dir='ltr'>Pallialogo,</span> <span class='ocrx_word' id='word_1_198' title='bbox 861 3895 920 3985; x_wconf 89' lang='lat' dir='ltr'>qui</span> <span class='ocrx_word' id='word_1_199' title='bbox 948 3898 1030 3969; x_wconf 88' lang='lat' dir='ltr'>tune</span> <span class='ocrx_word' id='word_1_200' title='bbox 1056 3895 1348 3990; x_wconf 75' lang='lat' dir='ltr'>Constantinopoli</span> <span class='ocrx_word' id='word_1_201' title='bbox 1375 3894 1575 3988; x_wconf 89' lang='lat' dir='ltr'>imperabat,</span> <span class='ocrx_word' id='word_1_202' title='bbox 1604 3895 1722 3970; x_wconf 81' lang='lat' dir='ltr'>Graeci</span> 
     </span>
     <span class='ocr_line' id='line_1_23' title="bbox 170 4016 1722 4111; baseline -0.001 -19"><span class='ocrx_word' id='word_1_203' title='bbox 170 4018 214 4092; x_wconf 85' lang='lat' dir='ltr'>ad</span> <span class='ocrx_word' id='word_1_204' title='bbox 240 4017 407 4093; x_wconf 88' lang='lat' dir='ltr'>unitatem</span> <span class='ocrx_word' id='word_1_205' title='bbox 434 4017 512 4092; x_wconf 88' lang='lat' dir='ltr'>fidei</span> <span class='ocrx_word' id='word_1_206' title='bbox 539 4016 647 4091; x_wconf 89' lang='lat' dir='ltr'>redire</span> <span class='ocrx_word' id='word_1_207' title='bbox 673 4017 926 4111; x_wconf 89' lang='lat' dir='ltr'>repromittunt.</span> <span class='ocrx_word' id='word_1_208' title='bbox 955 4017 997 4090; x_wconf 95' lang='lat' dir='ltr'>In</span> <span class='ocrx_word' id='word_1_209' title='bbox 1025 4016 1119 4091; x_wconf 90' lang='lat' dir='ltr'>cuius</span> <span class='ocrx_word' id='word_1_210' title='bbox 1146 4017 1294 4110; x_wconf 92' lang='lat' dir='ltr'>signnm,</span> <span class='ocrx_word' id='word_1_211' title='bbox 1323 4016 1520 4110; x_wconf 79' lang='lat' dir='ltr'>Symbolum</span> <span class='ocrx_word' id='word_1_212' title='bbox 1546 4017 1618 4090; x_wconf 85' lang='lat' dir='ltr'>alta</span> <span class='ocrx_word' id='word_1_213' title='bbox 1644 4038 1722 4092; x_wconf 79' lang='lat' dir='ltr'>soce</span> 
     </span>
     <span class='ocr_line' id='line_1_24' title="bbox 169 4137 1721 4232; baseline -0.002 -17"><span class='ocrx_word' id='word_1_214' title='bbox 169 4143 206 4215; x_wconf 91' lang='lat' dir='ltr'>et</span> <span class='ocrx_word' id='word_1_215' title='bbox 231 4161 307 4214; x_wconf 88' lang='lat' dir='ltr'>oum</span> <span class='ocrx_word' id='word_1_216' title='bbox 332 4138 538 4215; x_wconf 87' lang='lat' dir='ltr'>solennitate</span> <span class='ocrx_word' id='word_1_217' title='bbox 573 4139 850 4230; x_wconf 82' lang='lat' dir='ltr'>decantaverunt,</span> <span class='ocrx_word' id='word_1_218' title='bbox 888 4137 1074 4232; x_wconf 89' lang='lat' dir='ltr'>profitendo</span> <span class='ocrx_word' id='word_1_219' title='bbox 1110 4137 1275 4231; x_wconf 89' lang='lat' dir='ltr'>Spiritum</span> <span class='ocrx_word' id='word_1_220' title='bbox 1311 4137 1474 4212; x_wconf 87' lang='lat' dir='ltr'>Sanctum</span> <span class='ocrx_word' id='word_1_221' title='bbox 1510 4139 1659 4212; x_wconf 90' lang='lat' dir='ltr'>aPatre</span> <span class='ocrx_word' id='word_1_222' title='bbox 1686 4141 1721 4212; x_wconf 90' lang='lat' dir='ltr'>et</span> 
     </span>
     <span class='ocr_line' id='line_1_25' title="bbox 170 4257 1720 4354; baseline -0.001 -21"><span class='ocrx_word' id='word_1_223' title='bbox 170 4260 260 4335; x_wconf 74' lang='lat' dir='ltr'>Filio</span> <span class='ocrx_word' id='word_1_224' title='bbox 285 4259 474 4354; x_wconf 88' lang='lat' dir='ltr'>procedere.</span> <span class='ocrx_word' id='word_1_225' title='bbox 507 4259 629 4333; x_wconf 87' lang='lat' dir='ltr'>Nuntii</span> <span class='ocrx_word' id='word_1_226' title='bbox 655 4281 732 4334; x_wconf 83' lang='lat' dir='ltr'>vero</span> <span class='ocrx_word' id='word_1_227' title='bbox 759 4259 999 4332; x_wconf 75' lang='lat' dir='ltr'>Thartarorum</span> <span class='ocrx_word' id='word_1_228' title='bbox 1039 4258 1131 4332; x_wconf 89' lang='lat' dir='ltr'>intra</span> <span class='ocrx_word' id='word_1_229' title='bbox 1156 4257 1343 4333; x_wconf 79' lang='lat' dir='ltr'>tloneilium</span> <span class='ocrx_word' id='word_1_230' title='bbox 1368 4257 1545 4351; x_wconf 89' lang='lat' dir='ltr'>baptisati,</span> <span class='ocrx_word' id='word_1_231' title='bbox 1574 4257 1616 4332; x_wconf 93' lang='lat' dir='ltr'>ad</span> <span class='ocrx_word' id='word_1_232' title='bbox 1644 4280 1720 4352; x_wconf 93' lang='lat' dir='ltr'>pro·</span> 
     </span>
    </p>
   </div>
   <div class='ocr_carea' id='block_1_7' title="bbox 163 4378 1719 5080">
    <p class='ocr_par' dir='ltr' id='par_1_7' title="bbox 163 4378 1719 5080">
     <span class='ocr_line' id='line_1_26' title="bbox 169 4378 1719 4477; baseline -0.001 -23"><span class='ocrx_word' id='word_1_233' title='bbox 169 4381 245 4477; x_wconf 86' lang='lat' dir='ltr'>prio</span> <span class='ocrx_word' id='word_1_234' title='bbox 270 4381 453 4457; x_wconf 88' lang='lat' dir='ltr'>redierunt.</span> <span class='ocrx_word' id='word_1_235' title='bbox 481 4381 649 4456; x_wconf 88' lang='lat' dir='ltr'>Numerus</span> <span class='ocrx_word' id='word_1_236' title='bbox 676 4381 790 4456; x_wconf 87' lang='lat' dir='ltr'>autern</span> <span class='ocrx_word' id='word_1_237' title='bbox 818 4381 1057 4474; x_wconf 90' lang='lat' dir='ltr'>praelatorum,</span> <span class='ocrx_word' id='word_1_238' title='bbox 1087 4379 1146 4470; x_wconf 86' lang='lat' dir='ltr'>qui</span> <span class='ocrx_word' id='word_1_239' title='bbox 1164 4379 1394 4454; x_wconf 86' lang='lat' dir='ltr'>interfuerunt</span> <span class='ocrx_word' id='word_1_240' title='bbox 1416 4378 1607 4453; x_wconf 89' lang='lat' dir='ltr'>huiusmodi</span> <span class='ocrx_word' id='word_1_241' title='bbox 1634 4379 1719 4454; x_wconf 77' lang='lat' dir='ltr'>don·</span> 
     </span>
     <span class='ocr_line' id='line_1_27' title="bbox 169 4499 1718 4596; baseline -0.003 -17"><span class='ocrx_word' id='word_1_242' title='bbox 169 4503 259 4596; x_wconf 94' lang='lat' dir='ltr'>cilio,</span> <span class='ocrx_word' id='word_1_243' title='bbox 288 4502 355 4576; x_wconf 87' lang='lat' dir='ltr'>luit</span> <span class='ocrx_word' id='word_1_244' title='bbox 380 4502 641 4596; x_wconf 88' lang='lat' dir='ltr'>quingentorum</span> <span class='ocrx_word' id='word_1_245' title='bbox 668 4501 910 4595; x_wconf 89' lang='lat' dir='ltr'>episcoporum,</span> <span class='ocrx_word' id='word_1_246' title='bbox 948 4501 1168 4594; x_wconf 86' lang='lat' dir='ltr'>septuaginta</span> <span class='ocrx_word' id='word_1_247' title='bbox 1202 4502 1363 4574; x_wconf 91' lang='lat' dir='ltr'>abbatum</span> <span class='ocrx_word' id='word_1_248' title='bbox 1390 4502 1425 4574; x_wconf 94' lang='lat' dir='ltr'>et</span> <span class='ocrx_word' id='word_1_249' title='bbox 1451 4499 1595 4574; x_wconf 89' lang='lat' dir='ltr'>aliorum</span> <span class='ocrx_word' id='word_1_250' title='bbox 1622 4523 1718 4594; x_wconf 88' lang='lat' dir='ltr'>prae·</span> 
     </span>
     <span class='ocr_line' id='line_1_28' title="bbox 167 4619 1718 4714; baseline -0.003 -15"><span class='ocrx_word' id='word_1_251' title='bbox 167 4625 315 4699; x_wconf 88' lang='lat' dir='ltr'>latorum</span> <span class='ocrx_word' id='word_1_252' title='bbox 341 4623 449 4698; x_wconf 93' lang='lat' dir='ltr'>mille.</span> <span class='ocrx_word' id='word_1_253' title='bbox 494 4623 537 4695; x_wconf 93' lang='lat' dir='ltr'>In</span> <span class='ocrx_word' id='word_1_254' title='bbox 564 4631 629 4714; x_wconf 77' lang='lat' dir='ltr'>duo</span> <span class='ocrx_word' id='word_1_255' title='bbox 656 4621 805 4697; x_wconf 73' lang='lat' dir='ltr'>Concilio</span> <span class='ocrx_word' id='word_1_256' title='bbox 832 4623 941 4695; x_wconf 90' lang='lat' dir='ltr'>multa</span> <span class='ocrx_word' id='word_1_257' title='bbox 967 4620 1119 4695; x_wconf 85' lang='lat' dir='ltr'>salubria</span> <span class='ocrx_word' id='word_1_258' title='bbox 1145 4620 1181 4694; x_wconf 92' lang='lat' dir='ltr'>in</span> <span class='ocrx_word' id='word_1_259' title='bbox 1208 4619 1395 4695; x_wconf 91' lang='lat' dir='ltr'>subsidium</span> <span class='ocrx_word' id='word_1_260' title='bbox 1426 4621 1549 4694; x_wconf 81' lang='lat' dir='ltr'>Terrae</span> <span class='ocrx_word' id='word_1_261' title='bbox 1575 4621 1718 4696; x_wconf 84' lang='lat' dir='ltr'>Sanctae</span> 
     </span>
     <span class='ocr_line' id='line_1_29' title="bbox 166 4741 1716 4836; baseline -0.004 -16"><span class='ocrx_word' id='word_1_262' title='bbox 166 4745 299 4820; x_wconf 90' lang='lat' dir='ltr'>sancita</span> <span class='ocrx_word' id='word_1_263' title='bbox 324 4745 416 4835; x_wconf 91' lang='lat' dir='ltr'>sunt,</span> <span class='ocrx_word' id='word_1_264' title='bbox 453 4745 586 4818; x_wconf 88' lang='lat' dir='ltr'>ettam</span> <span class='ocrx_word' id='word_1_265' title='bbox 613 4743 914 4818; x_wconf 87' lang='lat' dir='ltr'>transfretantibus</span> <span class='ocrx_word' id='word_1_266' title='bbox 941 4741 976 4815; x_wconf 94' lang='lat' dir='ltr'>in</span> <span class='ocrx_word' id='word_1_267' title='bbox 1004 4742 1099 4815; x_wconf 92' lang='lat' dir='ltr'>illius</span> <span class='ocrx_word' id='word_1_268' title='bbox 1131 4741 1429 4836; x_wconf 80' lang='lat' dir='ltr'>recuperationem,</span> <span class='ocrx_word' id='word_1_269' title='bbox 1466 4763 1568 4832; x_wconf 89' lang='lat' dir='ltr'>quam</span> <span class='ocrx_word' id='word_1_270' title='bbox 1603 4743 1716 4818; x_wconf 90' lang='lat' dir='ltr'>confe-</span> 
     </span>
     <span class='ocr_line' id='line_1_30' title="bbox 164 4861 1716 4958; baseline -0.004 -18"><span class='ocrx_word' id='word_1_271' title='bbox 164 4865 320 4942; x_wconf 91' lang='lat' dir='ltr'>rentibus</span> <span class='ocrx_word' id='word_1_272' title='bbox 346 4885 425 4940; x_wconf 92' lang='lat' dir='ltr'>suas</span> <span class='ocrx_word' id='word_1_273' title='bbox 452 4863 674 4954; x_wconf 88' lang='lat' dir='ltr'>substantias,</span> <span class='ocrx_word' id='word_1_274' title='bbox 707 4863 822 4958; x_wconf 90' lang='lat' dir='ltr'>gratia</span> <span class='ocrx_word' id='word_1_275' title='bbox 848 4863 928 4938; x_wconf 91' lang='lat' dir='ltr'>anni</span> <span class='ocrx_word' id='word_1_276' title='bbox 956 4862 1101 4936; x_wconf 89' lang='lat' dir='ltr'>lubilaei</span> <span class='ocrx_word' id='word_1_277' title='bbox 1128 4883 1295 4954; x_wconf 88' lang='lat' dir='ltr'>concesse,</span> <span class='ocrx_word' id='word_1_278' title='bbox 1311 4866 1346 4936; x_wconf 92' lang='lat' dir='ltr'>et</span> <span class='ocrx_word' id='word_1_279' title='bbox 1364 4862 1476 4936; x_wconf 88' lang='lat' dir='ltr'>trunci</span> <span class='ocrx_word' id='word_1_280' title='bbox 1503 4862 1538 4934; x_wconf 93' lang='lat' dir='ltr'>in</span> <span class='ocrx_word' id='word_1_281' title='bbox 1566 4861 1716 4936; x_wconf 92' lang='lat' dir='ltr'>ecclesiis</span> 
     </span>
     <span class='ocr_line' id='line_1_31' title="bbox 163 4983 1351 5080; baseline -0.007 -16"><span class='ocrx_word' id='word_1_282' title='bbox 163 4985 416 5064; x_wconf 88' lang='lat' dir='ltr'>cathedralibus</span> <span class='ocrx_word' id='word_1_283' title='bbox 443 4985 603 5061; x_wconf 90' lang='lat' dir='ltr'>Poloniae</span> <span class='ocrx_word' id='word_1_284' title='bbox 629 4986 672 5059; x_wconf 95' lang='lat' dir='ltr'>ad</span> <span class='ocrx_word' id='word_1_285' title='bbox 698 4984 907 5079; x_wconf 88' lang='lat' dir='ltr'>colligendas</span> <span class='ocrx_word' id='word_1_286' title='bbox 934 4985 1162 5080; x_wconf 80' lang='lat' dir='ltr'>eleemosynas</span> <span class='ocrx_word' id='word_1_287' title='bbox 1189 4983 1351 5058; x_wconf 87' lang='lat' dir='ltr'>instituti.</span> 
     </span>
    </p>
   </div>
   <div class='ocr_carea' id='block_1_8' title="bbox 271 5239 1155 5324">
    <p class='ocr_par' dir='ltr' id='par_1_8' title="bbox 271 5239 1155 5324">
     <span class='ocr_line' id='line_1_32' title="bbox 271 5239 1155 5324; baseline -0.005 -17"><span class='ocrx_word' id='word_1_288' title='bbox 271 5245 295 5324; x_wconf 88' lang='lat'>¹)</span> <span class='ocrx_word' id='word_1_289' title='bbox 318 5247 494 5308; x_wconf 80' lang='lat' dir='ltr'>Tnnariensi</span> <span class='ocrx_word' id='word_1_290' title='bbox 520 5241 592 5306; x_wconf 80' lang='lat' dir='ltr'>eoa.</span> <span class='ocrx_word' id='word_1_291' title='bbox 616 5245 709 5306; x_wconf 77' lang='lat' dir='ltr'>Roar.</span> <span class='ocrx_word' id='word_1_292' title='bbox 749 5242 778 5322; x_wconf 66' lang='grc' dir='ltr'>Ω)</span> <span class='ocrx_word' id='word_1_293' title='bbox 801 5245 945 5319; x_wconf 86' lang='lat' dir='ltr'>Msczugii</span> <span class='ocrx_word' id='word_1_294' title='bbox 969 5239 1039 5306; x_wconf 83' lang='lat' dir='ltr'>Cod.</span> <span class='ocrx_word' id='word_1_295' title='bbox 1063 5245 1155 5304; x_wconf 72' lang='lat' dir='ltr'>Rozr.</span> 
     </span>
    </p>
   </div>
   <div class='ocr_carea' id='block_1_9' title="bbox 210 5466 618 5519">
    <p class='ocr_par' dir='ltr' id='par_1_9' title="bbox 210 5466 618 5519">
     <span class='ocr_line' id='line_1_33' title="bbox 210 5466 618 5519; baseline -0.005 -9"><span class='ocrx_word' id='word_1_296' title='bbox 210 5469 233 5511; x_wconf 71' lang='grc' dir='ltr'>δ.</span> <span class='ocrx_word' id='word_1_297' title='bbox 247 5466 339 5519; x_wconf 70' lang='lat' dir='ltr'>mtrem.</span> <span class='ocrx_word' id='word_1_298' title='bbox 353 5467 439 5509; x_wconf 70' lang='lat' dir='ltr'>nem.</span> <span class='ocrx_word' id='word_1_299' title='bbox 452 5467 531 5510; x_wconf 80' lang='lat' dir='ltr'>Pelen.</span> <span class='ocrx_word' id='word_1_300' title='bbox 546 5467 572 5509; x_wconf 81' lang='lat'>¹1¹.</span> <span class='ocrx_word' id='word_1_301' title='bbox 586 5466 618 5508; x_wconf 84' lang='lat'>11.</span> 
     </span>
    </p>
   </div>
   <div class='ocr_carea' id='block_1_10' title="bbox 0 0 2086 6288">
    <p class='ocr_par' dir='ltr' id='par_1_10' title="bbox 0 0 2086 6288">
     <span class='ocr_line' id='line_1_34' title="bbox 0 0 2086 6288; baseline 0 9"><span class='ocrx_word' id='word_1_302' title='bbox 0 0 2086 6288; x_wconf 95' lang='lat' dir='ltr'> </span> 
     </span>
    </p>
   </div>
  </div>
 </body>
</html>
