4172 6278
1 605 2 610 .
150 541 210 637 (Α.
230 541 281 620 Β.
309 542 430 642 1203.)
776 567 888 622 amna
914 567 1067 624 snxrus.
1626 555 1698 627 167

1 775 2 854 J
147 749 369 827 Gouorieium
395 751 586 848 palatinum
621 752 938 846 Sandomiriensem,
957 717 960 723 Ι
977 755 1120 832 militem
1148 759 1307 852 probatae
1333 781 1415 856 erga
1441 782 1495 836 me
1522 758 1611 851 fidei,
1640 782 1700 855 pro

1 867 2 880 '
148 873 222 948 sola
247 873 381 949 Nicolai
409 874 556 969 palatini
587 873 815 952 dracoviensis
850 877 1025 952 uoluntate
1052 880 1087 952 et
1114 879 1324 974 beneplacito
1350 903 1372 956 a
1398 903 1451 956 me
1478 883 1638 976 relegem,
1666 884 1702 957 et

149 993 258 1069 uirum
285 994 461 1071 innoxium
488 997 604 1071 contra
630 997 682 1070 fas
709 996 827 1089 iusque
855 999 995 1073 exulare
1021 1000 1231 1094 compellam,
1265 1003 1300 1077 et
1326 1002 1522 1078 carnificina
1548 1025 1631 1097 erga
1656 1002 1699 1076 il-

1 1135 2 1213 }
147 1117 219 1192 luna
248 1117 371 1212 potius,
400 1140 501 1212 quarn
528 1118 638 1194 ducali
667 1140 749 1194 usus
775 1117 978 1211 autoritate,
1007 1120 1157 1215 improbo
1185 1124 1381 1200 commercio
1407 1124 1588 1220 caliginem
1616 1124 1700 1198 mibi

1 1261 2 1346 l
145 1239 182 1314 ct
209 1238 339 1314 nomini
365 1263 438 1316 meo
467 1240 666 1316 obfundenti
687 1240 722 1335 ¹),
750 1240 999 1318 Graoovienscm
1027 1242 1203 1318 nanciscar
1229 1244 1474 1340 Principatum.
1515 1246 1605 1321 Aliis
1631 1246 1699 1322 ita-

1 1370 2 1436 l
147 1382 212 1452 que
239 1359 506 1438 Omuoricnsium
534 1382 686 1456 proceres
701 1361 740 1456 ²),
769 1384 843 1436 earn
870 1381 971 1456 qnam
989 1364 1169 1456 attulistis,
1198 1366 1308 1460 legem
1337 1365 1510 1462 dicant³);
1538 1390 1591 1443 me
1609 1367 1700 1442 enim

1 1501 2 1542 r
148 1481 198 1556 ita
224 1481 429 1557 instmctnm
455 1483 580 1574 norint,
609 1486 648 1558 ut
675 1483 791 1558 malim
818 1484 913 1578 prius
939 1486 1079 1560 honeste
1106 1487 1200 1577 mori,
1229 1509 1330 1580 quam
1357 1488 1513 1564 innoxios
1531 1489 1628 1564 iuxta
1646 1493 1700 1564 at·

1 1637 2 1716 p
148 1623 212 1694 que
238 1603 398 1678 scelestos
417 1604 495 1698 plus
514 1603 602 1678 iusto
621 1603 752 1698 punire.
780 1606 951 1680 Murmure
978 1603 1107 1697 deinde,
1136 1609 1315 1702 postquam
1343 1610 1422 1683 Dux
1447 1609 1572 1684 Iestlro
1599 1608 1701 1685 finem

147 1723 280 1798 diccnffi
306 1725 453 1816 iecisset,
481 1747 503 1798 a
529 1725 733 1800 consiliariis
759 1726 940 1802 Lestkonis
976 1729 1103 1817 exorto,
1143 1731 1331 1804 vexabatur
1357 1732 1596 1806 nonnullorum
1623 1753 1700 1826 pro·

1 1927 2 1946 i
146 1843 215 1918 bris
243 1845 417 1939 palatinus
443 1846 671 1922 cracoviensis
707 1847 877 1938 Nicotaus,
915 1849 1002 1941 quod
1029 1851 1064 1924 et
1090 1850 1266 1944 superbius
1293 1873 1340 1943 se,
1380 1873 1480 1945 quam
1517 1851 1700 1928 conditioni

1 1957 2 2048 l
145 1987 226 2041 suae
253 1967 457 2057 conueniret,
483 1969 626 2062 gereret,
655 1971 691 2042 et
717 1969 909 2063 splenderet
925 1970 953 2063 ⁴)
980 1969 1092 2044 aliena
1119 1969 1245 2046 inuidia
1272 1974 1306 2046 et
1333 1972 1540 2049 incommodo
1566 1975 1699 2048 labora·

146 2091 208 2178 ret,
238 2087 524 2180 immoderateque
550 2111 626 2164 enm
654 2089 798 2184 cupiisse
825 2113 864 2165 ec
891 2091 1027 2184 petiisse
1054 2113 1172 2186 pamm
1205 2093 1345 2168 honesta
1367 2096 1565 2171 astruebant
1579 2095 1617 2190 ⁵),
1646 2117 1700 2169 so·

1 2238 2 2310 r
146 2209 267 2302 lusque
295 2211 512 2286 contenderet
539 2210 753 2304 repudiatum
782 2211 835 2302 iri,
864 2235 949 2305 quae
976 2213 1098 2288 caeteri
1119 2215 1316 2309 probabant,
1345 2219 1381 2290 et
1405 2219 1523 2291 eontra
1550 2216 1699 2290 omniurn
1763 2197 1767 2204 ’

145 2330 290 2422 decreta
320 2353 417 2407 suan
443 2333 555 2407 ualere
582 2333 799 2408 sententiam.

146 2696 316 2770 delatrata
344 2697 462 2770 iterun
480 2697 520 2770 da
538 2698 698 2771 electione
717 2701 886 2790 conuentu,
913 2699 1112 2774 vladislaus
1138 2699 1225 2774 lllina
1252 2703 1428 2794 lpoaaalal
1457 2703 1549 2778 Senia
1568 2703 1608 2778 da
1626 2723 1698 2779 aaa·

1 2927 2 2931 ,
146 2835 245 2890 sanan
272 2819 449 2892 taurionis
475 2819 544 2892 tlti
572 2821 606 2892 ln
632 2823 836 2894 lanareban
862 2821 1015 2895 roloniae
1042 2823 1182 2914 cligitur,
1209 2842 1309 2917 rapae
1335 2826 1492 2916 apuni-
1516 2827 1548 2898 in
1566 2827 1698 2919 prinor-

1 2935 2 2964 ¹
639 2941 693 3014 dio
721 2943 860 3016 boninit
886 2945 993 3034 gessit
1019 2945 1205 3037 lriaalpcn.

248 3179 521 3256 Gracoriensium
556 3203 707 3276 proceres
742 3183 783 3259 de
818 3184 993 3259 uoluntate
1028 3185 1209 3262 Lestkonis
1243 3185 1323 3261 Albi
1360 3209 1420 3283 per
1454 3187 1587 3282 legatos
1618 3209 1696 3263 suos

1 3373 2 3398 ,
144 3300 335 3394 certificati,
363 3301 444 3393 quid
471 3302 561 3378 facto
588 3326 671 3398 opus
698 3303 755 3396 sit,
793 3305 900 3380 altero
926 3307 1015 3401 apud
1043 3307 1234 3382 dracouiam
1262 3309 1427 3384 conuentu
1454 3308 1591 3400 indicto,
1617 3331 1697 3386 con·

1 3419 2 3476 l
145 3424 291 3497 saltant.
337 3423 384 3497 Et
411 3423 564 3515 quamuis
599 3447 713 3500 omnes
749 3427 973 3502 conditionem
1010 3427 1195 3523 improbam
1227 3429 1268 3504 de
1305 3430 1477 3506 exiliando
1514 3430 1697 3506 flouorimo

1 3631 2 3645 ξ
145 3545 298 3639 palatino
326 3545 590 3620 Saudomirionsi
625 3547 702 3621 tolli
730 3550 765 3620 et
792 3549 996 3624 Lestkouem
1023 3549 1058 3624 in
1085 3550 1275 3645 Principem
1310 3551 1436 3627 assumi
1464 3553 1697 3646 frequentibus

1 3746 2 3749 Ν
144 3665 324 3742 sententiis
350 3667 583 3743 decernerent:
620 3669 760 3744 Nioolao
786 3673 898 3746 tamen
934 3671 1084 3765 palatino
1120 3672 1327 3748 cracoviensi
1356 3673 1392 3747 in
1418 3674 1594 3749 aduersum
1619 3696 1696 3748 cum

1 3829 2 3867 ,
144 3786 294 3862 Falcone
321 3787 476 3882 episcopa
512 3810 674 3883 gennano
701 3811 762 3864 suo
788 3791 823 3864 et
850 3791 992 3866 caeteris
1019 3813 1100 3868 suae
1127 3794 1337 3888 cognationis
1363 3794 1527 3869 fratribus
1553 3794 1695 3884 nitente,

1 4001 2 4016 ,
144 3908 322 3984 universus
348 3908 504 4000 Senatus
542 3909 601 4001 qui
628 3910 664 3983 in
691 3911 808 3985 bubali
845 3933 970 3986 morem
995 3914 1039 3986 ab
1067 3935 1104 3988 eo
1131 3935 1328 4006 quoeunque
1354 3915 1459 3990 uellet
1485 3915 1694 4006 trahebatur,

143 4029 334 4106 sententiae
360 4051 441 4106 snae
466 4051 635 4122 wreus,
664 4032 893 4108 Wladislaum
921 4033 1046 4109 Ducem
1073 4017 1344 4126 Posuaniensem,
1378 4035 1487 4111 filium
1514 4036 1695 4132 Mpecnslai

1 4197 2 4240 1
143 4151 241 4227 Senis
270 4173 377 4246 nuper
402 4152 564 4244 defuncti,
592 4152 692 4248 eligit
718 4155 754 4228 in
780 4155 919 4230 Ducem.
947 4155 1033 4230 Noui
1061 4178 1193 4248 quoque
1219 4158 1261 4231 ad
1288 4157 1387 4232 illum
1414 4157 1697 4233 transmittuntur

1 4257 2 4284 ¹
143 4273 268 4364 nuntii,
295 4273 510 4348 exhortaturi
537 4274 648 4366 illum,
683 4281 724 4348 nt
750 4275 941 4351 Graeculam
977 4297 1078 4370 quam
1114 4278 1285 4354 celerrime
1316 4279 1485 4372 adueniat,
1523 4279 1695 4375 geminato

1 4453 2 4492 ÷
142 4393 224 4485 iure,
251 4396 290 4469 ct
316 4395 535 4470 sumessionis
561 4395 718 4472 videlicet
749 4396 974 4472 haereditario
999 4399 1034 4474 et
1062 4401 1214 4492 paterno,
1253 4402 1288 4474 et
1313 4400 1489 4476 electionis
1515 4401 1695 4475 conformis

1 4501 2 4538 ³
143 4537 250 4610 nuper
267 4515 309 4590 de
327 4537 365 4588 eo
383 4538 404 4590 a
422 4515 627 4592 militaribus
654 4517 775 4609 factae,
804 4518 1055 4594 cracoviensem
1083 4519 1315 4615 Principatum
1343 4543 1567 4615 possessurus.
1596 4521 1694 4597 Wla·

1 4661 2 4706 l
143 4636 273 4711 dislaus
308 4640 422 4712 autem
457 4639 704 4734 Myecnslauicn
731 4640 970 4715 Posuaniensis
1003 4641 1094 4732 Dux,
1132 4641 1242 4717 scions
1277 4642 1510 4718 dmcorienses
1543 4664 1695 4738 proceres

142 4758 286 4854 priorem
313 4758 511 4834 electionem
546 4759 587 4835 de
622 4759 709 4836 Albo
736 4761 905 4838 Lestlone
942 4762 1208 4838 Sandomiriensi
1235 4764 1326 4838 Duce
1361 4763 1500 4856 fecisse,
1538 4763 1694 4858 petitioni

1 4871 2 4892 ¹
141 4878 410 4956 bracariensium
429 4880 619 4976 legatorum
637 4882 826 4959 consentire
852 4886 1084 4976 cunctabatur,
1113 4884 1278 4959 bellorum
1305 4885 1456 4978 dissidia,
1484 4906 1569 4978 quae
1586 4907 1693 4977 quon·

1 5077 2 5100 Ν
141 5001 217 5076 dam
235 5001 327 5078 inter
353 5005 485 5097 patrem
511 5024 609 5078 suurn
635 5004 862 5100 Myecaslaum
888 5005 1009 5080 &nem
1026 5006 1062 5081 et
1080 5007 1239 5100 patruum
1266 5006 1477 5081 Kaaimirurn
1502 5005 1693 5101 riguerant,

141 5124 331 5200 execratus.
376 5123 502 5198 Verum
528 5123 698 5220 legatur)
725 5125 759 5200 id
785 5125 1031 5218 refellentibus,
1068 5129 1104 5203 et
1130 5128 1295 5203 refutasse
1330 5127 1535 5204 Lestkouem
1565 5125 1691 5202 Album

249 5297 273 5376 ¹)
295 5297 460 5360 obfundens
491 5299 551 5360 Ed.
580 5300 675 5360 Βοῦν.
715 5295 1007 5376 ²)Gracouiensibus
1036 5303 1208 5376 proceribus
1239 5302 1299 5362 Ed.
1330 5299 1416 5377 Lips.
1455 5297 1483 5380 ³)
1514 5302 1691 5375 legationem

1 5405 2 5451 ἓ
140 5399 245 5463 ῦίοοῦο
267 5402 329 5462 Ed.
352 5403 448 5464 Βοῦν.
479 5399 506 5479 ⁴)
529 5403 686 5478 splendore
708 5402 768 5464 Ed.
791 5403 885 5463 Dobr.
918 5400 944 5482 ⁶)
967 5405 1138 5466 asscrebant
1153 5405 1231 5480 quod
1254 5405 1314 5464 Ed.
1336 5405 1432 5464 Dobr.
1464 5401 1493 5486 ⁸)
1516 5403 1691 5468 Gracovlen·

1 5516 2 5588 ξ
141 5508 219 5567 sibus
241 5508 350 5581 legatis
377 5507 438 5568 Ed.
460 5507 556 5570 noa.
