4172 6278
399 522 472 596 190
1024 541 1136 596 sunna
1163 544 1315 598 sexsus.
1685 523 1748 618 (Α.
1768 525 1815 601 D.
1835 523 1942 622 1210.)

396 751 488 822 num,
517 729 588 805 filio
613 729 776 826 ldscnugii
798 730 821 824 ¹)
848 729 951 805 Ducis
977 731 1207 823 Pomeraniae,
1238 731 1416 826 prudentia
1442 735 1477 807 et
1495 731 1630 828 ingenio
1658 735 1858 829 praestanti,
1879 737 1940 811 Po·

396 851 563 928 meraniae
590 851 841 946 capitaneatnm
860 851 1054 944 committit,
1083 855 1118 927 et
1135 852 1166 928 ei
1185 853 1221 926 in
1241 855 1349 929 totum
1377 853 1412 927 in
1440 853 1708 930 administranda
1735 855 1879 950 iustitia,
1907 857 1941 932 irr

395 974 539 1069 regendo
559 973 830 1066 defendendoque
857 975 1000 1064 Ducatu,
1030 973 1065 1047 in
1084 973 1340 1066 decidendisque
1367 975 1632 1066 quaestionibus,
1660 977 1749 1053 vices
1776 1001 1854 1054 suas
1871 980 1941 1074 ple·

397 1096 490 1170 narie
519 1094 711 1186 committit,
750 1095 868 1186 illique
895 1094 1128 1190 Principatum
1157 1095 1191 1169 in
1218 1097 1417 1171 Pomerania
1451 1097 1636 1190 confirmat,
1674 1100 1839 1196 neglectis
1866 1101 1942 1176 aliia

395 1215 620 1312 Principibus,
656 1215 841 1292 tlomitibus
877 1219 912 1292 et
947 1216 1139 1308 baronibus,
1178 1239 1283 1311 aeque
1318 1218 1431 1309 claris,
1469 1220 1649 1295 moderatis
1675 1223 1711 1295 et
1736 1221 1940 1317 insignibus,

394 1338 530 1412 credens
556 1337 654 1411 illurn
691 1337 829 1432 singula
866 1361 932 1412 non
970 1338 1164 1430 insolenter,
1204 1362 1264 1414 nec
1290 1339 1392 1418 infide
1408 1339 1447 1435 ⁹),
1484 1341 1542 1414 sed
1579 1343 1727 1418 modeste
1753 1346 1789 1418 et
1815 1343 1943 1420 sincere

394 1458 718 1534 administraturum.
765 1460 956 1553 Utrumque
984 1463 1097 1535 autem
1132 1460 1332 1555 palatinum,
1369 1463 1441 1536 tam
1468 1461 1689 1555 aronensem,
1726 1487 1827 1558 quam
1854 1466 1941 1540 Sue.-

394 1603 545 1656 onensem
572 1581 607 1654 et
634 1581 781 1655 caeteros
807 1580 1009 1674 dignitatios
1044 1585 1078 1655 et
1105 1581 1285 1671 officiales,
1324 1604 1439 1656 omnes
1474 1582 1668 1676 capitaneos
1695 1586 1729 1658 et
1756 1585 1943 1660 tenutarios

394 1701 490 1776 illius
517 1701 611 1776 iubet
638 1719 753 1796 parere
789 1701 920 1793 ditioni,
960 1705 1091 1796 recepto
1128 1705 1170 1777 ab
1206 1726 1244 1778 eo
1271 1703 1487 1776 iurisiurandi
1524 1705 1687 1798 corporali
1724 1709 1941 1797 sacramento,

393 1824 481 1918 quod
507 1825 632 1898 terram
658 1823 846 1918 praefatam
874 1823 1091 1899 Pomeraniae
1119 1847 1178 1918 pro
1192 1826 1283 1900 Ilucs
1310 1825 1489 1915 Lestkone,
1519 1823 1601 1899 liliis
1625 1825 1697 1900 suis
1722 1829 1758 1902 et
1775 1848 1942 1903 successo-

392 1945 497 2036 ribus,
525 1943 673 2020 Ducibus
701 1945 901 2019 Polonorum
934 1945 1080 2021 fideliter
1106 1946 1247 2036 tenebit,
1272 1947 1307 2020 et
1334 1945 1424 2040 ipsos
1451 1947 1538 2022 colet
1565 1948 1600 2022 et
1626 1948 1841 2023 venerabitur
1867 1948 1942 2040 tide,

394 2066 550 2157 obsequio
577 2069 612 2141 et
638 2065 826 2140 obedientia
855 2089 957 2160 pura,
996 2089 1168 2160 nunquam
1203 2069 1245 2140 ab
1274 2067 1408 2141 illorum
1444 2067 1648 2144 subiectione
1674 2071 1709 2143 et
1736 2069 1882 2144 dominio
1908 2091 1944 2144 se

393 2187 644 2280 sequestrando.
676 2187 870 2263 Praestabit
896 2188 1000 2263 etiam
1027 2189 1125 2262 annis
1152 2187 1299 2284 singulis
1326 2211 1455 2264 marcas
1481 2189 1576 2265 mille
1603 2190 1748 2284 argenti,
1777 2192 1813 2264 et
1831 2189 1868 2264 in
1886 2191 1942 2264 lis-

302 2369 304 2375 .
391 2331 466 2383 cum
493 2305 663 2402 Ducale³>
699 2307 932 2404 cracoviomp
960 2309 1095 2400 inferet,
1134 2312 1169 2385 et
1195 2333 1255 2404 pro
1283 2311 1419 2384 illorum
1446 2311 1671 2405 amplitudine
1697 2313 1733 2386 et
1760 2311 1941 2387 commodis

393 2429 549 2505 intendet
584 2431 656 2503 toto
696 2451 812 2524 posse,
861 2453 1034 2522 nunquam
1070 2431 1148 2506 illos
1193 2432 1371 2508 deserendo
1408 2433 1442 2505 in
1481 2433 1650 2528 prosperis
1684 2435 1745 2508 aut
1781 2433 1943 2508 adversis.

392 2552 516 2626 Verum
554 2551 811 2645 suantopelkus
848 2553 1039 2646 praelatus,
1078 2553 1170 2629 breui
1207 2556 1283 2648 post
1319 2553 1416 2628 iidem
1454 2577 1530 2628 cum
1564 2555 1714 2649 tempore
1749 2555 1884 2629 varians
1909 2559 1944 2629 et

393 2694 500 2748 mores
527 2671 797 2768 condignitate
825 2676 1030 2768 permutans,
1068 2675 1160 2750 duna
1186 2675 1346 2767 uariaque
1372 2675 1438 2751 fide
1464 2697 1538 2752 esse
1577 2675 1686 2771 coepit
1717 2679 1753 2751 et
1780 2675 1941 2773 maligni-

393 2794 477 2869 tatis
504 2796 659 2870 aculeum
686 2779 805 2870 contio
832 2795 1003 2891 proprium
1022 2798 1226 2873 calcitrando
1252 2796 1446 2892 Principem
1472 2797 1618 2888 exacuit,
1647 2798 1751 2872 sitnm
1778 2800 1892 2873 terrae
1909 2801 1945 2875 et

394 2917 517 2993 callida
543 2939 667 3009 eorum,
696 2917 818 3010 quibus
845 2918 1036 3012 praelectus
1062 2920 1185 3010 fuerat,
1213 2919 1368 2995 imitatus
1395 2919 1544 3015 ingenio,
1572 2919 1722 3014 Principi
1749 2922 1785 2995 et
1808 2920 1942 2995 domino

393 3062 452 3113 suo
478 3037 641 3113 Lestkoni
667 3037 755 3114 Albo
792 3037 863 3114 vico
899 3039 1051 3132 qualibet
1086 3042 1183 3115 tanto
1219 3040 1367 3115 illudens
1402 3039 1573 3132 acerbius,
1611 3043 1739 3132 quanto
1774 3041 1943 3136 operosius

394 3158 579 3267 uberiorem
606 3182 699 3254 spem
727 3159 904 3235 fidelitatis
931 3182 1011 3235 suae
1038 3163 1073 3236 et
1099 3161 1250 3253 obsequii
1277 3162 1547 3256 repromittebat.
1575 3161 1791 3238 Pomeraniae
1819 3162 1942 3238 etenim

394 3280 579 3374 satrapiam
594 3279 622 3374 6)
649 3280 801 3373 sortitus,
831 3281 1016 3356 insolenter
1043 3304 1078 3357 se
1105 3304 1204 3378 agere
1219 3281 1259 3377 ⁶),
1287 3283 1321 3357 et
1349 3283 1384 3356 in
1411 3305 1576 3356 summam
1602 3282 1709 3357 totius
1731 3281 1944 3378 Principatus

393 3401 612 3476 Pomeraniae
640 3404 798 3496 appetere
824 3403 945 3497 coepit.
973 3404 1127 3479 Metuens
1154 3406 1267 3478 autem
1295 3404 1513 3480 Pomeraniae
1537 3403 1763 3499 praesidatum
1776 3405 1816 3498 ⁷),
1845 3425 1943 3498 quern

394 3522 557 3598 avaritiae
584 3522 656 3597 uelo
683 3525 719 3597 et
746 3523 853 3598 multo
896 3523 1123 3620 malignitatis
1150 3525 1274 3620 spiritu
1301 3525 1528 3620 occupandum
1556 3527 1740 3616 censuerat,
1777 3523 1942 3612 amittere,

394 3644 513 3718 multis
540 3667 577 3719 se
604 3643 788 3719 teterrimis
815 3645 1014 3738 actionibus,
1052 3650 1091 3720 ut
1118 3647 1216 3720 illurn
1243 3669 1375 3740 quoquo
1402 3647 1497 3721 modo
1524 3645 1696 3736 retineret,
1733 3645 1942 3740 implicabat.

497 3765 625 3840 Filium
652 3788 750 3839 suurn
773 3766 988 3841 dolomanum
1007 3769 1042 3840 et
1060 3791 1198 3844 uxorem
1218 3768 1290 3842 eius
1308 3767 1541 3861 Salomeamlt
1568 3767 1721 3842 Andreas
1747 3767 1943 3862 Hungariae

394 3889 470 3964 Rex
496 3887 537 3962 de
563 3886 763 3982 captivitate
790 3890 979 3979 soluturus,
1008 3889 1125 3982 plures
1151 3911 1226 3964 cum
1253 3889 1430 3964 llscnislao
1456 3885 1692 3963 Mscnislauion
1719 3909 1779 3982 per
1807 3890 1944 3962 barones

394 4013 429 4086 ot
455 4009 665 4085 consiliarios
693 4031 770 4085 suos
798 4011 870 4105 egit
896 4011 1064 4085 tractatus
1091 4011 1126 4084 et
1152 4011 1348 4085 conuentus.
1376 4011 1419 4082 In
1437 4009 1558 4083 ultimo
1585 4009 1699 4083 autern
1726 4009 1892 4084 conuento
1910 4007 1945 4082 in

395 4131 521 4207 finibus
548 4131 749 4226 Hungariae
775 4131 903 4221 habito,
934 4153 1003 4224 pax
1030 4131 1195 4224 perpetua
1220 4129 1275 4205 his
1301 4129 1548 4205 conditionibus
1575 4129 1664 4205 inter
1690 4129 1894 4224 Hungarnm
1912 4131 1945 4204 st

393 4252 591 4328 Ruthenum
617 4251 792 4328 conuenit:
822 4254 860 4325 ut
888 4252 976 4325 alter
1002 4251 1149 4326 filiorum
1175 4251 1282 4346 Regis
1309 4251 1505 4345 Hungariae
1529 4252 1614 4326 Bela
1641 4249 1748 4324 dliam
1775 4248 1943 4324 blscnislai

394 4371 536 4448 ildariam
563 4371 599 4447 in
626 4375 812 4448 consortem
830 4373 973 4462 habeat,
1002 4372 1199 4448 blscnislous
1217 4373 1258 4448 de
1275 4371 1484 4446 Halicniousi
1511 4373 1643 4446 Ducatu
1670 4371 1849 4446 Golonrano
1869 4371 1943 4464 post

386 4493 579 4568 triennium
606 4493 713 4585 cedat,
742 4495 778 4568 et
795 4495 866 4568 tarn
886 4493 997 4588 ipsum
1025 4493 1242 4568 bolomanum
1260 4491 1337 4586 οῖ’)
1364 4513 1502 4567 uxorem
1529 4515 1634 4582 suam,
1663 4512 1844 4583 omnesque
1867 4513 1943 4565 suae

395 4615 575 4709 potestatis
602 4614 752 4709 captivos
778 4613 900 4689 liberet
920 4613 961 4708 ¹⁰)
973 4635 982 4702 ;
1011 4637 1096 4706 quaa
1123 4613 1236 4688 omnia
1262 4635 1299 4688 ao
1326 4635 1413 4688 anno
1440 4613 1535 4688 fuero
1561 4614 1803 4688 consummata.

504 4893 527 4973 ¹)
549 4895 688 4969 Msciogii
711 4895 771 4956 Ed.
794 4895 888 4955 Dobr.
928 4893 1135 4971 ¹¹)infidelicer
1166 4893 1225 4955 Ed.
1248 4893 1343 4954 Dobr.
1384 4890 1412 4972 ³)
1435 4894 1570 4954 ducalem
1595 4891 1668 4955 Ood.
1691 4893 1784 4955 Roer.
1824 4887 1852 4970 ⁴)
1875 4893 1942 4952 Gra·

397 5002 561 5062 coriensem
577 4989 687 5061 curiam
702 4999 763 5060 Ed.
778 4999 873 5060 Dobr.
905 4995 931 5076 ⁶)
954 4998 1194 5072 gubernationem
1213 4997 1285 5059 God.
1301 4999 1393 5058 Roer.
1426 4993 1453 5075 ⁶)
1476 5015 1579 5072 gerere
1599 4993 1671 5058 God.
1690 4997 1784 5058 Roer.
1819 4995 1941 5074 ⁷)Prin·

396 5104 523 5178 cipetum
550 5099 621 5164 Ooot.
643 5104 736 5163 Roaer.
768 5100 794 5178 ⁸)
818 5102 981 5163 Salomeam
996 5102 1070 5162 alias
1094 5101 1259 5164 Salonicam
1278 5102 1348 5164 God.
1365 5101 1457 5164 acer.
1490 5096 1517 5180 9)
1541 5118 1626 5180 qnam
1647 5101 1708 5162 Ed.
1733 5101 1828 5166 Dobr.
1855 5097 1894 5178 ¹³)
1909 5099 1942 5159 li·

395 5205 481 5272 beret
501 5207 579 5274 decet
600 5208 636 5266 ia
661 5204 732 5266 God.
754 5203 828 5267 Aer.
1409 5240 1413 5248 ,
