4246 6274
197 555 256 652 (Α.
274 553 322 633 ὓ.
342 559 454 654 1144.)
804 583 915 637 urens
941 585 1112 649 emmaus.
1680 573 1724 643 11

197 767 339 864 primurn
374 769 520 844 Gunradi
555 769 758 846 liarcbionis
793 770 969 862 Menariae,
1006 771 1122 847 deinde
1158 773 1290 849 Ottonis
1324 776 1510 870 provincias
1537 777 1727 853 crudelibus

195 890 348 982 dammis,
375 890 503 986 spoliis,
539 891 692 968 caedibus
728 891 894 984 vastent,
930 894 1118 986 ducensque
1143 895 1238 971 uaria
1272 897 1381 992 spolia
1409 901 1443 972 et
1470 899 1620 992 praedas,
1648 900 1727 974 dum

194 1012 594 1090 diarchiones'lloreviee
621 1035 768 1112 pugnarn
796 1015 1049 1109 recreassent,
1078 1015 1112 1092 in
1139 1017 1335 1093 Bohemiam
1362 1020 1550 1112 reuertitur,
1578 1043 1652 1097 eum
1676 1023 1725 1096 l-

194 1155 230 1210 re
255 1133 446 1211 unirorsam
466 1135 488 1232 ¹)
514 1135 695 1216 Moreuiarn
713 1135 909 1213 exussisset.

401 1415 407 1426 ’
537 1419 544 1433 ’
643 1497 848 1614 nunus
882 1497 1104 1615 nouom
1140 1499 1271 1613 arco.
1356 1451 1358 1463 ‘

192 1747 304 1821 torm
330 1748 436 1822 ltaom
462 1749 575 1822 bonor
602 1749 642 1822 do
668 1749 797 1840 strata,
832 1750 887 1843 qai
922 1751 1053 1845 pupillis
1089 1751 1221 1826 artabat
1247 1755 1282 1825 at
1307 1752 1379 1824 ioco
1406 1751 1594 1826 detraxerat
1619 1754 1725 1826 tanao

192 1870 346 1944 baotrmo
372 1870 539 1960 enarrare,
566 1869 607 1944 ad
625 1871 715 1944 illita
742 1872 1018 1964 importumtatem
1044 1873 1154 1965 lingna
1180 1877 1215 1948 ot
1240 1875 1351 1946 coatia·
1370 1874 1523 1966 privatur,
1551 1875 1725 1966 multisque

192 1991 338 2068 balatis
373 1993 578 2068 monasteriis
605 1997 639 2068 ot
665 1995 813 2068 oooloaita
841 1995 874 2068 ia
899 1995 1006 2088 tagra
1040 1995 1204 2088 telonias,
1238 1995 1369 2070 aaron
1405 1996 1490 2069 diona
1521 1997 1641 2070 elausit
1667 2015 1724 2070 ox-

302 2135 306 2144 *
882 2119 1029 2191 tronum.
1562 2140 1566 2146 ·

296 2357 484 2454 Repudium
513 2380 645 2454 precum
673 2382 805 2435 suarum
827 2360 1012 2452 Bolcslaus,
1041 2359 1246 2455 Myccaslaus
1264 2361 1299 2435 ot
1317 2359 1484 2434 chricus
1510 2361 1617 2435 Duces
1634 2354 1723 2456 iapud

190 2481 364 2556 Ducissam
391 2479 570 2556 dristinam
596 2481 774 2556 Wledislai
802 2483 1000 2557 Polonorum
1026 2481 1128 2557 Ducis
1152 2484 1187 2557 et
1212 2481 1419 2574 lionerchce,
1457 2482 1559 2577 glotis
1585 2505 1664 2557 suae
1678 2482 1717 2576 ²),

192 2603 294 2699 passi,
324 2604 366 2678 ab
392 2602 481 2680 omni
508 2625 566 2698 spe
593 2603 756 2679 retinendi
784 2607 889 2680 sortes
916 2626 994 2678 snas
1020 2603 1226 2679 dilabuntur.
1258 2604 1332 2678 Iam
1359 2603 1448 2679 enim
1475 2603 1721 2678 Saudomirien·

194 2749 259 2818 scs,
287 2725 424 2801 Maioris
443 2725 610 2818 Poloniuo,
638 2726 805 2802 deserite
820 2723 858 2822 ³),
887 2726 1172 2820 Lublinensesqnc
1188 2728 1216 2822 ⁴)
1235 2727 1385 2818 barones,
1413 2729 1580 2803 crescente
1599 2725 1634 2800 in
1653 2727 1724 2801 dies

190 2847 372 2924 Wladislei
399 2847 472 2923 odio
499 2847 534 2922 in
561 2847 719 2944 pupillos,
748 2869 840 2944 spem
867 2847 1064 2944 potentioris
1091 2847 1312 2923 adiuuandum
1339 2847 1458 2942 rati⁶),
1486 2847 1641 2923 nonnulli
1668 2871 1722 2924 us·

163 2985 228 3045 ‘ro
254 2969 494 3067 largitionibus
520 2973 555 3046 et
581 2969 753 3066 promissis
788 2970 946 3067 corrupti,
982 2970 1141 3068 orphanis
1176 2969 1316 3046 desertis
1342 2970 1385 3046 ad
1411 2970 1637 3047 Wladisleum
1664 2971 1722 3044 de-

189 3092 359 3169 ficiebant.
386 3093 459 3168 Duc
486 3093 713 3168 tantummodo
740 3093 874 3188 roperti,
903 3095 1023 3169 Petrus
1050 3093 1090 3169 de
1116 3089 1218 3168 Dacia
1249 3091 1321 3187 (qui
1347 3094 1382 3168 et
1408 3093 1553 3188 Pyotrko
1580 3095 1731 3188 Magnus

189 3217 225 3290 et
251 3215 367 3290 Gonnos
402 3214 442 3289 de
477 3213 598 3289 Skrain
634 3215 883 3311 appellabatur)
920 3217 954 3290 et
980 3213 1193 3292 Wsaeborius
1227 3214 1502 3290 Sandomiriensis
1536 3214 1721 3308 Palatinus,

187 3337 247 3432 qui
275 3336 381 3412 libera
407 3337 516 3412 fronte
542 3359 601 3432 pro
629 3337 770 3432 pupillis
796 3339 935 3428 sterent,
963 3359 1161 3431 causamque
1188 3359 1311 3429 eorum,
1340 3337 1447 3431 quoad
1474 3339 1639 3432 poterant,
1667 3340 1722 3410 tu·

187 3461 353 3534 mentor.
397 3459 444 3532 m
469 3456 682 3534 Wszeborius
716 3459 848 3553 quidem
884 3459 987 3534 armis
1013 3462 1047 3535 et
1074 3460 1161 3534 ferro
1188 3481 1257 3536 rcmr
1288 3481 1418 3555 gerens,
1455 3457 1557 3534 etiarn
1584 3457 1619 3532 in
1645 3457 1720 3552 qui·

187 3581 329 3656 busdam
355 3579 614 3675 particularibus
640 3580 878 3656 certaminibus
905 3581 1053 3676 superior
1079 3581 1250 3672 evadebat,
1278 3603 1436 3676 spemque
1458 3579 1638 3655 Wladislai
1657 3579 1718 3653 im-

186 3705 325 3798 probam
352 3702 554 3779 retardabat.
583 3702 697 3778 donnes
723 3725 799 3778 sero
830 3701 1041 3778 Skrninensis
1061 3705 1178 3778 Petrus
1204 3703 1427 3779 Suenthoslei
1454 3701 1556 3793 filius,
1591 3700 1719 3777 diuitiis

188 3825 224 3898 et
250 3823 412 3920 potentia,
440 3823 646 3917 caeterisque
663 3823 734 3900 eius
752 3824 885 3921 generis
912 3825 1115 3901 ornamentis
1142 3825 1262 3916 clarus,
1290 3824 1456 3920 probitate
1482 3845 1559 3898 uero
1577 3825 1611 3899 et
1629 3823 1719 3898 exis·

185 3945 373 4036 tinctione,
411 3945 564 4038 queraris
594 3949 753 4022 externus
787 3949 822 4023 et
858 3935 996 4037 advena,
1034 3947 1134 4024 facile
1161 3947 1196 4022 in
1222 3947 1339 4042 Regno
1366 3945 1521 4022 Polonico
1548 3944 1717 4040 Princeps,

187 4092 229 4144 nc
255 4071 298 4143 ab
326 4067 452 4144 invidia
478 4067 699 4160 invaderetur,
738 4069 824 4162 quod
853 4069 984 4164 magnis
1005 4069 1091 4144 uiris
1117 4072 1238 4144 natura
1269 4068 1506 4162 quodammodo
1533 4067 1606 4163 ipsa
1632 4089 1720 4141 com-

187 4192 344 4286 paratum
371 4193 433 4281 est,
461 4189 587 4266 euitare
614 4214 680 4265 non
707 4191 831 4285 potuit.
858 4192 968 4286 Gaput
995 4195 1106 4267 autem
1133 4193 1168 4266 et
1195 4190 1287 4287 origo
1314 4213 1393 4266 sares
1420 4188 1563 4264 inuidiae
1580 4211 1622 4264 cx
1641 4188 1721 4262 hinc

186 4311 327 4420 coepit..
351 4313 439 4387 Dum
465 4311 631 4408 etenim⁶)
658 4313 897 4407 frequentibus,
934 4313 1222 4406 familiaribusque
1256 4313 1461 4389 sermonibus
1495 4311 1721 4388 Wladislaum

186 4435 313 4510 Ducem
353 4434 531 4526 accedens,
573 4434 784 4530 tyrannidem
820 4438 970 4531 coeptam
1010 4438 1045 4510 et
1084 4437 1244 4512 hactenus
1283 4434 1510 4510 continuatam
1550 4434 1719 4527 carpebat,

186 4557 446 4649 damnabatqua
474 4556 650 4632 ostendens
677 4581 742 4632 non
769 4557 878 4633 verbis
904 4558 1010 4632 solum
1037 4558 1094 4633 sed
1121 4556 1295 4653 exemplis
1327 4580 1401 4632 oum
1428 4556 1463 4630 in
1491 4554 1624 4651 propria
1650 4553 1718 4628 ris·

185 4701 261 4754 cera
287 4682 323 4754 et
350 4677 516 4774 propriam
543 4678 723 4773 perniciem
750 4679 907 4775 grassari,
946 4702 1005 4754 nec
1031 4702 1071 4754 et
1096 4679 1272 4775 tyrannide
1303 4678 1490 4753 universale
1516 4675 1627 4771 Regni
1654 4678 1718 4750 Po·

185 4800 295 4876 leniae
322 4799 504 4874 dominium
531 4801 660 4895 assequi
687 4801 796 4893 illum,
824 4801 881 4876 sod
907 4802 942 4876 ct
968 4801 1137 4897 proprium
1160 4805 1195 4876 et
1212 4799 1400 4897 legitimum
1430 4798 1513 4874 verti
1540 4798 1574 4872 in
1602 4797 1718 4872 discri-

185 4945 274 5012 men,
302 4922 461 5016 nullaque
486 4943 522 4998 re
549 4923 669 5018 magis,
706 4945 806 5014 quarn
833 4924 984 4998 balerna
1017 4923 1240 4998 unanimitate
1267 4923 1301 4998 ct
1327 4920 1475 4996 sociabili
1490 4919 1521 5014 ἲ)
1547 4919 1721 4994 concordia
1882 4909 1888 4929 ‘

183 5044 221 5119 in
247 5044 355 5118 altum
382 5047 521 5137 statum,
548 5067 647 5139 quem
673 5046 847 5141 tantopere
874 5047 1019 5140 cuperet,
1047 5067 1239 5120 euasurum:
1279 5067 1345 5119 non
1371 5042 1480 5118 surdis
1506 5043 1618 5116 autem
1642 5042 1717 5114 tun-

292 5340 317 5422 ¹)
339 5360 451 5405 omnem
473 5341 533 5405 Ed.
556 5343 649 5405 Dobr.
688 5340 716 5422 α)
740 5346 903 5403 consortem
923 5337 993 5403 (iod.
1016 5343 1107 5403 Roar.
1146 5339 1172 5418 8)
1194 5341 1342 5402 Moraviae
1365 5339 1425 5402 Ed.
1446 5340 1533 5416 Lips.
1574 5333 1600 5415 ⁴)
1622 5337 1719 5398 Lnbu·

184 5465 345 5524 censesque
374 5447 435 5512 Ed.
457 5447 550 5533 Dotr.
590 5444 616 5526 ὖ)
638 5449 801 5514 iudicantes
835 5445 905 5514 coo.
940 5448 1031 5512 moer.
1070 5443 1097 5524 ⁶)
1120 5447 1203 5546 and
1233 5440 1302 5512 Coo.
1332 5447 1423 5512 itaer.
1463 5443 1490 5524 7)
1515 5443 1616 5507 sociali
1647 5437 1728 5507 tae

188 5553 279 5616 mear.
