4140 6298
392 548 465 620 346
995 567 1107 620 arnna
1135 567 1328 621 snrrrnus.
1430 553 1436 566 '
1666 548 1727 643 (Α.
1749 546 1795 623 Ι).
1817 545 1941 646 raso.)
2041 518 2044 527 ¹

389 755 485 849 plebs
512 754 641 829 obviam
673 755 778 828 effusa
813 755 885 828 est:
923 755 1117 830 Prandotha
1152 779 1284 849 quoque
1320 755 1551 830 Oraeoviensis
1586 757 1761 852 episeopus
1796 761 1832 832 et
1867 759 1940 832 uni-

389 898 505 950 versus
544 877 653 950 clerus
691 874 911 970 processionis
931 875 955 970 ¹)
990 867 1138 952 omnium
1175 877 1268 950 urhis
1302 877 1531 952 draeeviensis
1566 879 1781 954 eeclesiarum
1820 880 1941 954 honore

388 995 467 1070 illos
493 996 640 1090 excepit.
685 995 789 1091 Digni
826 1018 983 1091 prorsus,
1017 997 1139 1090 qrribus
1176 999 1283 1072 honor
1310 999 1389 1091 ille,
1427 1001 1521 1074 volnt
1558 1001 1724 1075 atlrlcthie
1758 1003 1794 1074 et
1820 1001 1939 1074 trium-

388 1117 588 1213 phatoribus
615 1120 649 1192 et
675 1119 779 1213 longa
815 1119 1086 1214 peregrinatione
1123 1120 1239 1212 fessis,
1278 1121 1517 1216 publicumque
1549 1125 1755 1197 cornmodum
1792 1123 1940 1198 releren-

387 1240 499 1330 tibus,
541 1240 811 1334 impenderetur:
854 1241 1044 1316 felicissimi
1086 1245 1195 1333 certe,
1238 1243 1362 1334 quihus
1402 1244 1497 1317 labor
1541 1244 1600 1318 ille
1641 1247 1676 1318 ct
1717 1244 1940 1338 praemiorum

387 1362 540 1452 fruetus,
579 1361 614 1435 in
642 1384 755 1436 eorum
784 1361 855 1436 dies
882 1365 917 1437 et
944 1365 1096 1458 tempora
1131 1367 1305 1455 servatus,
1343 1365 1480 1459 obtigit.
1526 1365 1579 1440 Ad
1610 1367 1790 1441 levandum
1827 1367 1940 1440 autem

338 1545 340 1552 s
386 1505 462 1557 ossa
489 1483 605 1558 Suueti
641 1483 807 1558 Stanislai
844 1484 883 1559 de
919 1486 1070 1576 tremulo,
1108 1487 1258 1562 octavam
1296 1487 1384 1562 diurn
1411 1487 1511 1578 llaii,
1546 1511 1611 1578 quo
1638 1489 1763 1563 festum
1791 1488 1939 1563 eiusdem

363 1621 407 1680 'a
434 1605 597 1679 Pontifiee
632 1606 782 1680 Romano
818 1607 977 1680 celebrari
1013 1607 1180 1682 sancitum
1208 1612 1279 1700 est,
1318 1609 1514 1684 Prandetha
1549 1609 1775 1684 Oracovieusis
1811 1608 1939 1704 episco-

386 1748 450 1820 pus
477 1727 603 1801 indixit
638 1729 673 1801 et
709 1749 768 1820 per
804 1728 995 1802 universam
1033 1729 1225 1804 Polonicam
1262 1731 1439 1805 eeclesiam
1476 1731 1661 1824 praedicari
1698 1733 1732 1805 et
1769 1731 1938 1826 divulgari

386 1847 566 1922 ordinavit.
612 1847 682 1942 Quo
709 1848 843 1940 quidem
880 1850 932 1924 die
968 1850 1187 1942 adveniente,
1224 1875 1267 1925 ex
1303 1851 1457 1925 orrvnibus
1492 1853 1692 1927 Polonorum
1729 1853 1936 1948 regionibus,

385 1969 443 2042 sed
470 1973 505 2042 et
532 1992 575 2042 ex
601 1969 800 2064 Hungariae
827 1971 946 2065 Regno
973 1973 1072 2046 turrta
1099 1973 1283 2048 multitudo
1310 1974 1420 2068 plebis
1453 1974 1629 2066 utriusque
1666 1997 1767 2049 sexus
1795 1975 1830 2048 in
1859 1975 1937 2048 dra-

383 2089 570 2165 eoviensom
606 2091 762 2166 convenit
803 2095 938 2184 urbem,
980 2096 1020 2168 ut
1055 2094 1207 2169 homines
1243 2096 1387 2171 advenas
1429 2098 1507 2170 urbs
1547 2099 1645 2170 tauta
1684 2120 1749 2170 non
1790 2101 1935 2190 caperet,

384 2212 504 2287 sedet
540 2211 574 2286 in
602 2212 748 2307 campis,
788 2213 884 2306 quasi
920 2214 1057 2307 quidam
1093 2239 1233 2311 greges,
1272 2219 1391 2292 turbae
1423 2217 1656 2293 consisterent.
1705 2211 1936 2292 conveneram

383 2333 521 2428 insuper
548 2335 590 2408 ad
617 2333 807 2409 huiusmodi
845 2336 1084 2412 solennitatem
1119 2339 1318 2414 elevationis
1353 2340 1478 2414 ossium
1515 2343 1707 2414 sauctorum
1733 2341 1935 2434 explendam

383 2457 498 2550 plures
534 2456 710 2532 Polonicae
748 2457 907 2533 ecelesiae
943 2459 1072 2534 sediurrr
1109 2461 1293 2552 antistites,
1331 2460 1489 2536 videlieet
1515 2461 1620 2536 erlco
1647 2461 1856 2536 Gnesuensis
1882 2483 1934 2535 ar-

383 2558 629 2674 chiepiscopus,
660 2578 764 2674 Opino
792 2581 894 2655 abbas
922 2582 962 2656 do
989 2583 1127 2658 Menona
1142 2582 1169 2676 ²)
1197 2583 1401 2677 apostoliens
1427 2583 1597 2675 Nuntius,
1636 2584 1830 2658 Prandotha
1857 2583 1934 2658 Gra-

382 2699 558 2792 eoviensis,
596 2701 741 2776 Thomas
776 2702 1080 2794 wratislaviensis,
1119 2701 1305 2780 Wolmirus
1332 2704 1640 2796 Wladislaviensis,
1676 2704 1830 2781 Andreas
1857 2707 1933 2778 Plo-

382 2820 523 2912 cnensis,
561 2821 731 2896 Gerendus
757 2823 1004 2916 Ruthenorum,
1042 2826 1143 2900 Vitus
1170 2825 1428 2917 Lithuanorum,
1467 2826 1634 2921 episcopi,
1673 2826 1754 2901 item
1781 2827 1931 2917 abbates,

381 2942 577 3038 praepositi,
606 2943 769 3036 canonici,
808 2947 998 3038 caeterique
1025 2949 1170 3042 praelati
1198 2951 1232 3024 et
1260 2948 1476 3024 ecclesiarum
1508 2947 1750 3043 parochialium
1777 2951 1932 3038 rectores

354 3068 416 3140 et
442 3065 590 3140 universi
625 3066 778 3161 religiosi
806 3089 849 3142 en
876 3069 1085 3145 Oracoviensi
1123 3070 1262 3146 civitate
1289 3073 1324 3145 et
1350 3069 1483 3162 diocesi,
1520 3074 1555 3146 et
1583 3071 1726 3145 aliarum
1754 3071 1951 3146 Poloniene'

379 3187 540 3262 ecclesiae
578 3187 759 3264 diocesem.
805 3191 944 3265 Petrum
972 3191 1232 3267 Posnaniensem
1260 3193 1400 3268 advorsa
1426 3193 1589 3284 valitudo,
1618 3193 1850 3268 Ghelmensem
1879 3212 1932 3268 ve·

379 3331 427 3402 ro,
456 3311 706 3387 Imbucnensom
733 3313 769 3386 et
786 3312 1103 3409 Kampenensemb
1131 3314 1303 3410 episcopos
1330 3315 1504 3410 occupatio
1531 3318 1733 3390 retraxerat.
1762 3315 1931 3390 Convene-

379 3434 457 3507 runt
485 3435 520 3507 et
546 3431 720 3530 Principes
747 3435 960 3529 Polonorum,
992 3436 1146 3513 videlicet
1173 3438 1349 3513 Boleslaus
1377 3438 1521 3512 Pudieus
1548 3437 1775 3514 Oracoviensis
1793 3438 1931 3513 etSen-

379 3554 591 3631 domiriensis
618 3557 707 3650 Dux,
736 3557 794 3652 qui
821 3559 904 3634 tunc
930 3560 1025 3635 velut
1051 3560 1231 3634 Monareha
1258 3562 1459 3636 Polonorum
1478 3561 1676 3652 hebebatur,
1705 3561 1932 3636 Praemislans

376 3677 514 3754 Maioris
542 3678 701 3756 Poloniae
728 3682 763 3756 et
789 3681 1040 3772 Posnaniensis,
1068 3681 1263 3756 Kanirnirus
1294 3683 1460 3778 cuyaviee
1486 3686 1522 3758 et
1548 3683 1787 3778 lanciciensis,
1817 3683 1930 3757 Semo·

377 3799 469 3876 ritus
506 3801 673 3878 Masoviae
709 3804 744 3878 et
779 3803 988 3879 Wladislaus
1020 3805 1218 3899 Opoliensis,
1256 3805 1383 3881 Duces:
1420 3807 1483 3879 sub
1510 3828 1650 3899 quorum
1679 3803 1871 3900 praesentia
1897 3807 1933 3878 et

377 3921 534 4019 populi⁴)
562 3923 783 4000 multitudine
810 3924 955 4018 infinita,
984 3949 1060 4001 ossa
1086 3927 1149 4002 viri
1178 3927 1388 4002 sanctissimi
1417 3927 1579 4002 Stenislai
1608 3951 1651 4002 ex
1669 3927 1801 4000 tumulo
1828 3949 1932 4021 prope

376 4045 508 4140 portam
545 4045 797 4121 meridionalem
825 4046 860 4120 in
888 4047 1029 4122 eeclesia
1063 4048 1272 4124 Gracoviensi
1310 4047 1534 4140 consistente,
1572 4071 1593 4122 a
1621 4047 1837 4142 pontificibus
1872 4047 1931 4140 qui

376 4169 610 4259 convenerant,
639 4167 717 4243 vino
744 4168 825 4261 lota,
863 4169 977 4244 lerata
1008 4171 1088 4245 sunt
1116 4172 1151 4245 et
1177 4171 1302 4266 populo
1330 4169 1512 4266 plaudente
1539 4173 1641 4260 atque
1668 4169 1873 4244 vociferante
1889 4168 1929 4262 ⁵),

375 4288 668 4386 patrociniumque
695 4290 812 4366 Sancti
842 4290 1007 4366 Stanislai
1035 4292 1238 4387 implorante
1253 4291 1292 4387 ⁶),
1321 4295 1465 4384 ostensa,
1504 4295 1538 4366 et
1566 4292 1600 4365 in
1628 4291 1787 4367 ecelesias
1814 4291 1929 4366 cathe-

376 4411 497 4485 drales.
513 4413 549 4486 et
576 4412 663 4485 alias
689 4411 945 4508 principaliores
971 4414 1128 4490 ecelesias
1155 4414 1364 4508 collegiatus,
1393 4414 1630 4490 conventuales
1652 4417 1687 4488 et
1705 4413 1926 4508 parochiales,

375 4531 485 4626 portio
512 4532 660 4626 illorum,
689 4533 812 4629 eapite,
850 4535 998 4610 brachiis
1026 4537 1060 4610 et
1088 4537 1166 4611 aliis
1194 4535 1435 4630 insignioribus
1470 4537 1559 4630 apud
1595 4535 1847 4612 Oracoviensom
1873 4555 1927 4609 ee·

374 4652 512 4729 elosiam
540 4676 615 4730 eum
642 4653 809 4730 cineribus
836 4657 923 4732 sacri
950 4657 1096 4753 eorporis
1129 4657 1390 4750 remanentibus,
1420 4656 1613 4731 distributa.

482 4950 506 5032 ¹)
528 4956 746 5028 processionem
769 4954 829 5016 Ec.
853 4953 939 5032 Lips.
972 4953 998 5032 Ω)
1022 4949 1241 5030 Ορίεκοαὶὼαε
1258 4953 1450 5016 dehlesaano
1478 4953 1548 5017 Coei.
1572 4951 1646 5016 Aul.
1679 4947 1705 5031 3)
1729 4939 1925 5014 Cameneeeu'·

372 5071 434 5117 sem
458 5051 528 5119 Cori.
551 5057 644 5119 Roar.
683 5055 710 5137 ⁴)
733 5061 907 5134 populorum
929 5061 987 5121 Ed.
1010 5059 1096 5136 Lips.
1136 5057 1161 5138 ⁶)
1184 5062 1334 5136 plaudenti
1365 5067 1453 5135 atque
1484 5060 1655 5121 vociferanti
1680 5067 1711 5120 ot
1737 5057 1808 5120 Cod.
1833 5060 1924 5120 soar.

374 5157 401 5238 ⁶)
423 5162 591 5236 imploranti
615 5157 686 5224 Coei.
710 5163 801 5226 Roar.
