4172 6278
386 523 460 596 236
1015 538 1128 592 urana
1154 537 1305 592 snxous.
1673 512 1743 610 (Α.
1763 511 1810 590 D.
1830 511 1935 610 1231.)

384 729 504 808 extitit
524 731 559 826 ¹).
605 727 765 804 Fabrioat
790 729 827 803 et
852 727 989 804 tertiam
1025 725 1246 804 munitionem
1273 726 1310 802 in
1337 723 1413 803 loen
1447 724 1590 822 Pipinue
1616 726 1813 802 Pruthenue
1839 725 1933 803 ohn-

384 853 507 929 stianis
534 850 785 942 infestissimus,
814 872 901 944 quae
916 850 944 944 ²)
971 850 1075 926 etiam
1094 849 1238 926 indiam
1260 850 1348 925 hane
1374 849 1484 924 Luem
1510 847 1625 944 Pipini
1651 847 1787 925 dieitur.
1815 849 1935 926 Omnia

384 979 501 1051 tannen
527 975 640 1050 eastra
667 971 841 1069 praedicta
867 972 959 1049 infra
985 994 1109 1067 pausos
1135 971 1207 1048 dies
1225 993 1284 1067 per
1302 970 1491 1048 Grooiieros
1517 971 1655 1046 Fratres
1680 972 1717 1047 et
1734 969 1934 1046 Polonorun

385 1095 513 1172 militer
541 1096 680 1172 fuerunt
716 1096 925 1190 expugnata,
963 1096 998 1168 et
1024 1093 1167 1189 Pipinus
1202 1094 1342 1188 eaptus:
1361 1093 1439 1185 ,qui
1474 1093 1592 1169 uentre
1628 1094 1744 1188 aperto
1770 1094 1814 1168 ad
1839 1095 1934 1169 arbo·

385 1239 455 1293 rem
471 1215 500 1311 3)
532 1239 591 1313 per
617 1211 797 1294 eirouitom
833 1237 1006 1310 usquequo
1042 1214 1295 1308 evisceraretur,
1333 1215 1497 1311 agitatus,
1534 1213 1705 1292 vecordiae
1740 1235 1821 1291 suae
1857 1233 1933 1310 poe·

386 1359 448 1416 nas
475 1338 581 1415 dedit.

574 1721 583 1736 ¹
697 1699 849 1776 trideriet
875 1700 1025 1774 insamae
1051 1698 1150 1774 droit
1177 1698 1343 1793 expeditio
1371 1699 1405 1774 in
1430 1699 1626 1774 munden.

490 1942 683 2020 Fridorious
708 1941 868 2019 Austriae
894 1943 974 2017 Dux
1000 1942 1114 2017 altum
1140 1941 1184 2016 iri
1210 1941 1371 2039 satagens
1398 1939 1551 2035 iniurias,
1588 1963 1675 2036 quus
1700 1941 1792 2038 patri
1818 1963 1880 2018 suo
1904 1944 1940 2018 et

386 2066 533 2144 Dooatui
559 2066 721 2142 Aueuiae
747 2065 968 2142 Weneeslaus
994 2063 1177 2141 Bohemiae
1203 2066 1281 2142 Rex
1306 2065 1484 2156 intulerat,
1521 2085 1597 2141 eum
1631 2065 1785 2162 potentia
1810 2064 1938 2142 exorei-

386 2194 484 2266 tuum
511 2211 646 2266 suorum
673 2187 871 2264 Bohemiam
908 2187 1059 2263 invadit:
1093 2209 1193 2281 quem
1220 2187 1256 2261 in
1283 2186 1319 2262 id
1344 2188 1474 2264 bellurn
1500 2186 1768 2282 profieiseentom
1783 2185 1812 2282 ¹)
1838 2185 1938 2262 Prae·

386 2311 527 2390 mislaus
553 2310 703 2386 Marehio
729 2309 909 2403 Menariae,
939 2331 1121 2406 germanus
1147 2308 1340 2386 Wenoaolai
1365 2309 1548 2387 Boheniao
1574 2309 1691 2406 Regis,
1725 2329 1801 2386 oum
1826 2310 1941 2386 eudem

387 2433 559 2510 Friderioo
585 2431 745 2509 Austriae
771 2434 864 2510 Duoe
890 2433 1155 2523 eonfoederatus,
1184 2431 1266 2507 item
1293 2432 1373 2508 Otto
1391 2432 1561 2509 Meuaniae
1573 2431 1602 2527 ⁵)
1627 2431 1718 2523 Dux,
1746 2432 1830 2509 item
1847 2429 1940 2509 Hen-

387 2557 479 2632 rious
506 2576 687 2652 germanus
714 2554 817 2630 Duois
844 2554 1015 2630 Meuaniae
1030 2553 1058 2650 6)
1085 2552 1235 2631 Marohio
1261 2553 1302 2630 de
1329 2553 1444 2646 Werd,
1473 2554 1556 2631 itern
1583 2553 1842 2650 Ebrudunum
1868 2555 1938 2650 opi·

387 2700 508 2774 seopus
534 2675 808 2772 Bambergensis,
847 2675 930 2752 item
964 2675 1172 2751 Bartholdus
1207 2671 1401 2770 patriarcha
1427 2673 1692 2772 Aquilegiensis,
1731 2675 1837 2752 etium
1863 2697 1938 2773 ger-

388 2799 480 2876 mani
506 2798 611 2874 Doeis
637 2797 807 2876 Meuaniae
821 2797 860 2893 ⁸),
889 2797 954 2872 dlii
980 2797 1158 2874 Bartholdi
1183 2797 1288 2874 Duris
1314 2796 1485 2875 Menariae
1498 2797 1539 2893 9),
1576 2801 1613 2874 et
1638 2797 1756 2873 fratris
1787 2799 1940 2894 germani

386 2923 506 3000 beatae
533 2919 709 3016 Hadrigis,
740 2919 905 2998 oonsortis
931 2919 1071 2997 Heariei
1098 2919 1392 2998 wratislaviensis
1418 2922 1454 2997 et
1480 2919 1609 2996 Sleaiae
1636 2919 1750 3012 Duris,
1778 2942 1856 2996 eoru
1873 2920 1941 2996 suis

388 3045 549 3143 gentibus
576 3043 837 3120 comitabantur.
884 3043 1014 3122 Tantus
1041 3043 1155 3119 autem
1181 3045 1217 3120 et
1243 3044 1315 3119 tem
1341 3041 1440 3120 fortis
1466 3042 1648 3138 exereitus,
1679 3042 1734 3118 eoi
1760 3042 1941 3121 Bohenuiae

387 3170 465 3246 Rex
491 3167 715 3245 Wenoeslaus
741 3167 906 3262 imparem
934 3187 969 3242 eo
996 3165 1124 3258 uidene,
1153 3164 1311 3242 resistam
1337 3166 1373 3241 et
1399 3187 1475 3242 oum
1502 3164 1564 3242 illo
1581 3167 1759 3243 deeernere
1785 3185 1854 3242 non
1880 3187 1940 3242 au·

376 3292 501 3382 debat,
527 3311 604 3366 eom
630 3291 666 3366 et
691 3312 735 3365 ex
762 3287 920 3365 Bohemis
948 3289 1063 3384 plures
1089 3287 1155 3364 sibi
1182 3287 1284 3366 eoiret
1310 3311 1430 3383 parum
1457 3286 1551 3381 fidos,
1579 3289 1615 3364 at
1642 3287 1882 3365 Praemislonis
1900 3289 1941 3384 ¹⁰)

388 3412 593 3489 Mamhionis
619 3411 788 3487 Moraniae
814 3410 969 3506 partibus
996 3411 1161 3504 faventes,
1189 3433 1256 3486 uno
1283 3410 1452 3486 duntaxat
1478 3411 1588 3486 oestro
1614 3411 1745 3487 Wetan
1764 3411 1808 3505 ¹¹)
1834 3433 1941 3506 expo·

388 3536 494 3629 gnato
521 3537 555 3611 et
582 3533 757 3608 nonnullis
798 3532 931 3608 damnis
958 3531 1129 3628 irrogatis,
1167 3533 1305 3629 propter
1331 3531 1566 3607 infirmitatem
1593 3529 1757 3607 Fridoriui
1783 3530 1942 3609 Austriae

389 3657 504 3750 Dneie,
532 3655 601 3751 qua
627 3655 740 3732 subito
766 3656 941 3752 eorreptos
967 3657 1030 3749 est,
1060 3654 1095 3730 in
1123 3653 1259 3751 propria
1286 3675 1405 3751 parum
1432 3655 1602 3751 operatus,
1628 3653 1742 3731 rediit

387 4015 530 4099 dantem
558 4021 713 4117 episeopo
741 4023 909 4098 l’looneml
935 4023 1050 4096 Petrus
1077 4019 1235 4095 rueoodit.
1265 4021 1396 4097 dirim
1422 4019 1456 4095 in
1483 4021 1671 4116 eotrooonn
1698 4021 1941 4098 draoootemen

1059 4147 1280 4219 oenoeomtoa

492 4386 665 4463 Gunterus
691 4385 866 4481 episeopus
902 4385 1106 4477 Ploeaensis,
1145 4407 1221 4461 eom
1256 4384 1399 4461 sedisset
1433 4385 1533 4460 annis
1559 4383 1720 4479 quinque,
1748 4383 1786 4460 in
1812 4385 1942 4462 Vienna

389 4509 559 4600 nustriae,
588 4509 730 4583 Romam
758 4529 913 4604 pergens,
947 4506 1089 4584 moritur
1116 4509 1152 4582 et
1179 4507 1252 4584 illio
1278 4506 1453 4602 sepelitur.
1499 4506 1559 4584 Oui
1587 4507 1710 4582 Petrus
1736 4507 1848 4583 dietus
1875 4509 1941 4584 uo-

390 4651 511 4708 manus
537 4630 697 4708 suooessit
724 4629 903 4708 eunonious
922 4629 1115 4707 Ploenensis
1145 4651 1206 4725 per
1231 4628 1425 4706 eanonioam
1451 4627 1660 4722 emotionem,
1689 4630 1731 4704 de
1756 4630 1853 4706 domo
1880 4631 1940 4706 Po-

390 4755 451 4829 lulo
473 4777 525 4828 a.

453 4775 630 4951 oi‘dislaus
657 4876 786 4952 eleetos
812 4873 1041 4952 Oraeooiensis
1078 4875 1290 4950 eonoeoratur
1317 4872 1352 4949 in
1379 4873 1573 4969 episeopum
1604 4872 1860 4952 Graoooiensem
1886 4899 1943 4971 per

389 4997 608 5076 Vinoentium
628 4997 672 5093 η)
707 4997 936 5074 Gnesnensem
972 4995 1262 5093 arehiepiseopum
1296 4995 1334 5072 in
1369 4995 1511 5073 eoeleoia
1545 4994 1771 5090 dinanensi,
1809 4998 1943 5074 sublato

497 5191 521 5270 1)
544 5197 633 5253 extat.
657 5191 717 5252 Ed.
732 5191 826 5251 Βοῦν.
865 5187 892 5267 2)
915 5190 965 5265 qui
987 5190 1048 5250 Ed.
1071 5189 1165 5251 Dour.
1204 5185 1231 5266 8)
1253 5189 1389 5250 roborem
1414 5187 1486 5250 (iod.
1502 5189 1594 5250 Roar.
1617 5205 1756 5263 quereum
1771 5189 1832 5250 Ed.
1848 5189 1941 5251 Deir.

394 5294 423 5377 ⁴)
445 5297 679 5372 proficiscentem
710 5300 828 5355 secutus
857 5290 916 5355 Ed.
939 5295 1035 5356 Doto.
1075 5290 1101 5371 ὖ)
1123 5293 1274 5356 Menariae
1299 5293 1371 5356 eoo.
1394 5291 1488 5355 Beer.
1526 5290 1553 5371 θ)
1577 5295 1729 5356 Moreviae
1755 5293 1827 5356 coe.
1850 5297 1941 5357 Rosr.

393 5398 421 5480 ⁷)
443 5401 687 5464 Herebrehardus
713 5397 785 5462 (iod.
807 5401 901 5461 Reae.
942 5396 1143 5477 ⁸)Moraviae
1169 5397 1240 5461 σοι).
1263 5400 1357 5460 Rorr.
1396 5395 1424 5475 9)
1445 5399 1580 5460 Barteldi
1595 5397 1687 5460 Duoie
1702 5397 1854 5460 Moraoiae
1872 5399 1941 5461 Uod.

390 5507 483 5568 Reor.
527 5503 569 5584 ¹⁰)
592 5505 762 5566 Praemislai
785 5504 845 5566 Ed.
868 5504 963 5565 Dobr.
1007 5501 1047 5582 ιι)
1070 5509 1168 5565 eastre
1190 5508 1291 5566 vetere
1314 5497 1491 5566 EduDobr.
1525 5499 1566 5580 ¹⁹)
1587 5501 1748 5566 Foloenem
1775 5502 1847 5566 God.
1870 5502 1941 5566 Aut.
