4140 6298
167 565 232 664 (Α.
251 563 300 643 ὓ.
318 565 442 662 lm.)
781 589 897 643 urens
922 589 1116 646 susumus.
1647 577 1721 650 291

164 774 242 852 suis
269 775 307 852 in
332 775 549 874 Tragurium.
577 779 765 876 Ksydsnue
791 779 906 855 eutem
931 780 1132 876 Hungerieo
1157 781 1288 878 Regem
1313 781 1435 860 Belem
1453 779 1490 858 iu
1508 782 1621 860 omnio
1638 785 1724 876 loos,

164 921 380 994 quorumque
407 899 599 993 diverteret,
629 901 860 994 inseouturus,
884 902 1078 979 Sleroniom
1099 905 1123 1000 ¹)
1149 902 1296 1000 primum
1323 905 1497 1001 (magnum
1515 905 1724 1002 oeptirorum

163 1043 212 1100 ex
238 1022 418 1118 Hungeris
445 1021 712 1116 multitudinem,
750 1046 852 1116 quem
879 1023 1051 1101 ineundo
1088 1027 1234 1122 reperet,
1271 1026 1502 1104 erudelissime
1528 1051 1564 1104 se
1593 1027 1723 1124 inspee-

163 1145 277 1237 tente,
306 1143 343 1218 in
370 1145 475 1239 plone
501 1144 691 1237 doduotsm,
720 1145 834 1220 nooeri
852 1145 949 1241 feeit)
968 1149 1004 1223 et
1020 1147 1142 1224 exinde
1169 1146 1338 1224 Groutiem
1364 1147 1548 1244 ingressus,
1577 1151 1619 1226 ed
1637 1151 1723 1244 Spe·

162 1265 276 1342 letum
304 1266 483 1362 pervenit,
500 1268 780 1360 etquoseunque
805 1269 907 1344 extre
932 1267 1066 1344 moenie
1090 1268 1185 1344 urbis
1210 1268 1348 1364 reperit,
1384 1269 1578 1346 muravit.
1623 1271 1722 1346 Hun-

162 1387 243 1484 geri
270 1389 397 1480 sutem,
426 1387 549 1481 quiin
577 1387 749 1464 eivitetem
777 1390 1012 1486 oonfugoreut,
1040 1396 1077 1466 et
1102 1413 1245 1484 quorum
1272 1390 1528 1467 multitudinem
1556 1391 1614 1468 rix
1639 1393 1721 1470 oiri·

162 1510 222 1584 tes
250 1509 417 1606 uepiebot,
445 1511 560 1586 uotum
587 1511 628 1585 de
656 1532 692 1587 se
719 1512 892 1606 putantes,
931 1511 1079 1588 maximo
1107 1513 1200 1588 metu
1226 1512 1386 1608 persulsi,
1423 1534 1519 1588 suom
1546 1517 1582 1590 et
1607 1513 1722 1590 eoniu-

161 1653 250 1726 gum
278 1633 314 1707 et
341 1631 522 1727 pignorum
548 1633 703 1725 mortem,
740 1632 838 1727 qussi
865 1633 1037 1728 extemplo
1064 1633 1228 1728 ospiends
1255 1634 1342 1710 foret
1369 1635 1461 1727 urbs,
1489 1635 1722 1730 deplorabunt.

161 1753 234 1828 Sed
261 1753 451 1828 'l'hurturus
478 1775 599 1850 perum
626 1753 700 1831 illio
726 1755 887 1846 moratus,
916 1754 1117 1851 intelligens
1144 1757 1274 1851 Regem
1300 1755 1431 1848 Belem,
1460 1779 1560 1849 quem
1583 1779 1722 1851 quaere·

160 1876 237 1968 bet,
267 1873 304 1950 in
331 1873 495 1951 ulteriore
521 1875 724 1968 disoeeeisee,
762 1875 799 1950 in
834 1876 1037 1972 Tragurium
1075 1877 1250 1972 prooessit.
1295 1877 1362 1952 Sed
1389 1899 1464 1952 oum
1492 1877 1565 1954 illie
1591 1902 1723 1974 quoque

161 1997 326 2092 repulsus
354 1997 450 2089 iuret,
478 1997 570 2093 epod
596 1997 766 2074 Oroutiom
792 2001 828 2074 et
853 1998 1060 2074 Dolmotiem
1088 1999 1221 2093 aliquot
1247 1998 1419 2075 mensibus
1446 1999 1656 2093 immoratus,
1686 2002 1722 2076 in

161 2120 339 2200 Bosnenm
365 2119 534 2216 Regnum,
572 2119 709 2196 innotus
744 2119 846 2194 simul
874 2141 951 2196 eum
976 2122 1089 2216 Bothy
1116 2124 1152 2196 et
1178 2119 1233 2194 his
1260 2121 1448 2214 Therteris,
1486 2121 1545 2214 qui
1580 2145 1657 2198 eum
1683 2147 1722 2200 eo
1855 2225 1859 2231 Ι

160 2242 412 2333 romanserunt,
440 2241 589 2318 odreuit.
615 2243 748 2337 Expost
774 2240 925 2318 Serrium
952 2243 988 2318 et
1014 2241 1215 2338 Bulgsriem
1241 2241 1386 2334 intrent,
1414 2245 1450 2320 et
1476 2243 1557 2320 dete
1582 2243 1723 2320 lieentie

162 2362 259 2438 omni
287 2363 498 2459 oeptirorum
536 2362 762 2456 multitudini,
801 2365 841 2438 ut
865 2363 1016 2440 redirent
1042 2363 1078 2438 in
1106 2386 1178 2456 sue,
1215 2365 1422 2460 glomeratos
1449 2387 1564 2442 omnes
1591 2367 1627 2441 et
1654 2365 1721 2440 iern

163 2487 284 2561 oestro
310 2484 510 2562 'lherturioe
535 2485 710 2578 exeuntes,
747 2484 979 2562 erudelissime
1010 2486 1105 2562 uelut
1131 2507 1208 2562 ores
1235 2485 1419 2581 perimunt.
1463 2488 1550 2563 Belo
1575 2488 1651 2564 Rex
1678 2489 1721 2563 ab

160 2607 441 2705 exploratoribus
467 2606 591 2686 eertior
617 2608 739 2700 foetis,
768 2607 952 2684 Thertoros
970 2630 1015 2684 ex
1032 2607 1214 2705 Huugerie
1239 2607 1443 2701 dieoeesisso,
1472 2609 1722 2705 Hungeriom²)

160 2753 242 2806 eum
269 2729 341 2805 suis
367 2751 520 2807 reuersus
546 2731 611 2808 est.
640 2729 706 2806 Sed
732 2727 906 2824 oledem³t
933 2728 1168 2806 'l'hertmioem
1194 2729 1385 2807 biennulem
1412 2753 1491 2806 mox
1517 2731 1625 2806 ferires
1642 2732 1720 2806 hor-

161 2851 243 2928 ridu
267 2850 305 2928 in
331 2873 458 2928 ennum
485 2850 637 2944 tertium,
666 2852 792 2928 fumem
817 2873 896 2927 roro
922 2851 1080 2948 luporum
1106 2850 1217 2929 relies
1244 2851 1443 2938 retornetim
1460 2851 1721 2930 discurrentium

162 2977 199 3050 et
228 2973 344 3051 obuios
370 2995 522 3067 quosque
547 2973 653 3050 etiem
679 2975 828 3050 ormotos
855 2973 890 3051 et
916 2974 1147 3070 repugnantes
1169 2973 1401 3052 invadentium
1427 2976 1463 3051 et
1489 2974 1721 3052 deroruutium

160 3098 304 3175 sooutm
332 3095 391 3190 qui
417 3096 637 3188 oedererum,
666 3118 753 3191 queo
780 3094 980 3172 'lherterioo
1008 3094 1204 3173 immunitus
1231 3095 1410 3189 oooiderot,
1438 3095 1617 3174 sollicitati
1644 3096 1721 3174 ille·

160 3221 276 3312 oebre,
304 3202 450 3295 osmiem
477 3241 585 3312 susm,
614 3217 831 3295 oedereribus
866 3240 933 3294 nou
968 3217 1179 3310 extantibus,
1217 3241 1278 3315 per
1303 3218 1398 3296 rivos
1423 3219 1577 3296 hominos
1603 3219 1720 3314 exple·
1795 3295 1799 3308 ,

160 3343 261 3420 bunt.
308 3341 430 3436 Sisque
456 3341 590 3438 integro
626 3339 774 3418 triennio
800 3341 1044 3438 Hungerorum
1070 3340 1163 3442 regio
1178 3340 1207 3437 ⁴)
1233 3342 1334 3434 ferro,
1376 3342 1466 3420 ferne
1501 3343 1537 3420 ot
1563 3342 1720 3438 luporum

160 3465 254 3542 riotu
281 3462 576 3541 uehementissime
602 3462 725 3540 ettrito
751 3463 849 3558 est⁶)
875 3465 911 3540 et
937 3461 974 3538 in
1001 3485 1076 3558 eom
1103 3463 1339 3541 neeessitetenr
1366 3463 1512 3540 udduoto
1523 3463 1564 3558 ⁶),
1591 3464 1632 3538 ut
1662 3465 1720 3540 bo·

160 3589 239 3680 bus,
267 3585 377 3679 equis,
406 3584 614 3680 motorieque
640 3584 816 3682 psooribno
843 3582 1089 3678 delinientibus,
1118 3585 1225 3666 oretri
1252 3584 1333 3683 iugo
1350 3607 1388 3662 ee
1405 3584 1558 3662 homiues
1576 3583 1719 3662 eubiioe-

161 3708 305 3786 reniet
331 3707 381 3786 eie
408 3706 654 3807 ogrioulturom
681 3709 889 3786 exeruerunt.

321 4077 441 4152 luetur
466 4067 699 4153 lorrmiomir
726 4077 901 4172 episeopus
927 4076 1074 4168 norltrr,
1101 4076 1155 4152 ori
1180 4075 1387 4170 dogrpdelnr
1404 4074 1562 4152 eremit

269 4317 384 4396 Pridie
410 4318 576 4396 delendas
601 4317 733 4415 Aprilis
759 4321 889 4398 Ponlue
925 4317 1075 4416 primus,
1112 4317 1290 4415 episeopus
1325 4315 1585 4409 Poeneniensis,
1622 4315 1723 4392 enuis

162 4441 278 4519 tribum
306 4442 342 4519 et
367 4439 515 4538 triginte
540 4442 619 4518 sede
645 4441 867 4519 Posnenienoi
902 4439 1153 4533 administrato,
1190 4439 1333 4518 moritur
1373 4440 1409 4516 et
1435 4437 1471 4514 iu
1498 4437 1721 4515 Poemeniensi

162 4563 310 4642 ecelesia
335 4563 513 4660 sepelitur.
553 4564 636 4640 Post
661 4562 758 4640 ouius
784 4563 913 4640 obitum
939 4563 1163 4660 Boguplnulus
1190 4559 1574 4640 uentor''Poenenionsis
1602 4563 1638 4638 et
1664 4583 1719 4637 oe·

163 4685 306 4764 nonious
332 4683 574 4780 (trudoniensis,
602 4683 728 4761 nobilis
754 4685 901 4762 Polonus
927 4687 968 4762 de
994 4686 1091 4762 domo
1117 4686 1226 4762 Rosos
1236 4684 1277 4780 ⁷),
1305 4706 1366 4780 per
1391 4682 1590 4760 eleetionem
1621 4703 1720 4760 esno-

163 4809 279 4886 niesm
313 4807 536 4884 substituitm
571 4807 731 4885 dolendis
761 4793 857 4884 lluii.
901 4807 1005 4884 (iuius
1040 4807 1160 4885 eleotio
1195 4807 1279 4882 Idus
1314 4805 1408 4888 Iunii
1443 4827 1503 4902 per
1537 4805 1721 4883 Fuloonem

164 4927 457 5026 erohiepisoopum
492 4929 722 5008 Gnesneneem
756 4929 825 5006 fuit
861 4929 1071 5023 oonfirmote,
1105 4929 1240 5026 etipse
1270 4927 1496 5027 Boguplrolus
1530 4927 1659 5004 elnotus
1685 4928 1721 5003 et

162 5051 384 5129 confirmetur
410 5051 447 5126 in
474 5049 623 5129 erastino
658 5051 695 5129 in
721 5053 955 5150 presbyterum
991 5053 1185 5148 promotus,
1223 5050 1259 5128 in
1295 5049 1349 5128 dio
1381 5071 1460 5132 roro
1485 5047 1603 5126 &noti
1629 5049 1720 5126 Lou-

274 5341 299 5429 ¹)
323 5349 512 5412 Soluronium'
529 5351 589 5414 Ed.
611 5347 698 5430 Lipe.
733 5348 759 5430 9)
781 5353 813 5413 in
827 5351 1007 5428 Hungen'em
1025 5349 1097 5416 Ood.
1112 5349 1205 5414 Rorr.
1236 5345 1264 5428 θ)
1287 5347 1407 5410 Oledem
1423 5351 1521 5410 entem
1539 5341 1610 5412 eoo.
1621 5345 1721 5407 mour.

167 5451 195 5533 ⁴)
216 5455 354 5530 regiones
380 5453 453 5517 God.
475 5457 569 5518 Reor.
608 5452 635 5533 ι)
657 5457 779 5520 attritae
801 5463 870 5520 sunt
895 5453 967 5520 (iod.
990 5457 1083 5520 Rorr.
1120 5451 1317 5535 ⁶)odduotue
1346 5451 1418 5518 God.
1441 5451 1534 5516 Rorr.
1573 5447 1721 5532 &Rosos

124 5628 127 5632 ,
171 5557 243 5624 (lod.
266 5560 361 5634 Rogr,
383 5559 531 5636 Rostrum
552 5559 611 5636 Ed.
633 5555 720 5648 Ltus.
