4246 6274
416 577 467 651 34
1031 595 1143 648 ursan
1170 595 1340 659 cernuus.
1697 570 1758 668 (Α.
1778 569 1824 650 D.
1843 570 1951 666 true.)

417 787 487 877 bat,
515 807 556 860 ne
584 785 662 859 dum
689 805 768 859 suae
795 782 979 859 instantiae
1005 785 1040 858 et
1065 784 1195 858 decreto
1222 783 1369 879 paritum
1397 783 1452 870 sit,
1484 782 1624 858 bellicus
1651 783 1742 857 furor
1769 781 1858 857 inter
1882 783 1951 857 fra-

331 943 334 950 ·
419 908 489 982 tres
520 906 624 981 altius
660 929 794 1000 serpens
829 907 946 980 mutue
990 905 1160 981 collisione
1204 905 1359 1002 Regnum
1395 905 1552 982 Poloniue
1596 905 1758 1022 horrenda
1793 903 1950 1000 pernicie,

420 1028 485 1124 ipsi
512 1029 614 1105 etiam
641 1027 775 1104 (laesuri
803 1027 985 1103 miserabili
1005 1027 1028 1124 ¹)
1055 1027 1215 1104 inuoluat.

468 1399 583 1474 laccho
604 1398 841 1491 archispiscopo
869 1396 1045 1473 duasusnsi
1072 1395 1218 1470 succedit
1245 1397 1400 1471 lohannes
1428 1395 1597 1489 episcopm
1615 1395 1898 1485 wratislaviensis,

922 1567 926 1580 .
1021 1522 1055 1592 et
1081 1519 1154 1592 huic
1182 1518 1349 1592 walterus.

430 1857 433 1862 Ι
519 1761 727 1858 Absumptae
753 1765 806 1837 est
832 1783 870 1837 eo
897 1785 983 1837 anno
1010 1761 1150 1867 Iacobus
1177 1761 1378 1838 Gruesnensis
1411 1759 1689 1856 archiepiscopus
1726 1759 1776 1836 uir
1803 1749 1950 1855 optimus

416 1887 452 1962 ot
477 1885 697 1981 grandaevae,
725 1884 783 1978 qui
809 1884 845 1990 in
871 1883 1028 1961 ecelesiae
1055 1883 1258 1960 Gnesnensis
1292 1883 1453 1979 regimine
1485 1883 1610 1957 multas
1636 1883 1676 1958 de
1702 1903 1738 1956 se
1765 1881 1949 1977 probitates

416 2010 451 2084 et
477 2007 619 2082 uirtutes
646 2005 743 2081 annis
779 2009 851 2080 octo
877 2009 912 2081 et
937 2005 1060 2102 uiginti
1095 2005 1210 2082 uirens
1245 2007 1498 2096 monstrarerat,
1535 2005 1570 2078 in
1596 2004 1735 2079 ecclesia
1761 2002 1949 2080 Gnesuensi

416 2127 601 2225 pontificali
629 2129 751 2218 honore
777 2129 976 2203 tumulatus,
1022 2128 1189 2204 Successit
1223 2130 1335 2203 autem
1362 2128 1393 2202 ei
1424 2128 1591 2203 lohannes
1625 2126 1711 2202 elias
1746 2125 1845 2201 Ianilr
1879 2125 1949 2200 siue

416 2251 586 2329 ladislaus
612 2250 901 2326 Wrutisleriensis
927 2251 1111 2346 episeopus,
1140 2251 1179 2326 de
1206 2249 1345 2327 ecclesia
1371 2249 1653 2340 Wrutislauiensi,
1682 2249 1855 2324 ordinante
1881 2249 1948 2322 Bo·

415 2374 520 2449 lesluo
546 2373 661 2469 crispo
687 2373 885 2448 Polonorum
912 2373 1012 2463 Duce,
1045 2375 1183 2468 uPape
1210 2372 1359 2468 Eugenio
1394 2371 1495 2447 tertio
1521 2371 1728 2460 translatus;
1765 2369 1946 2449 Wratisla-

414 2494 521 2570 riensi
550 2517 623 2570 uero
650 2494 808 2570 ecclesiae
834 2517 877 2570 ex
903 2495 1122 2569 translatione
1148 2495 1336 2570 huiusmodi
1362 2494 1506 2586 vacanti,
1534 2494 1707 2571 Walterus
1725 2493 1870 2568 Polonus
1888 2503 1947 2587 ge·'

415 2641 504 2710 nere,
532 2617 721 2713 praefectus
748 2619 811 2708 est,
839 2616 1057 2692 scholasticus
1083 2617 1308 2692 Gracouiensis
1334 2621 1369 2692 et
1396 2617 1572 2692 eanonicus
1597 2614 1898 2706 Wratislauiensis,
1927 2637 1948 2689 a

415 2739 602 2815 Gnesnensi
627 2739 875 2834 archiepiscopo
901 2739 1049 2814 Iohanne
1085 2739 1181 2814 iuxta
1217 2739 1409 2815 electionem
1443 2739 1635 2814 canonicum
1654 2736 1885 2836 ¹confirmatus
1911 2739 1947 2811 et

415 2865 636 2952 consecratus,
674 2861 796 2936 nobilis
832 2862 871 2936 de
907 2861 1001 2936 domo
1036 2861 1173 2952 Zadora,
1211 2862 1269 2953 qui
1305 2861 1477 2936 eeclesiam
1504 2861 1816 2938 Wretislauiensem
1844 2859 1885 2934 ad
1913 2858 1949 2932 id

415 2984 548 3079 tempus
575 2983 722 3078 ligneam
749 3005 842 3058 muro
869 2983 1045 3060 fabricauit
1071 2986 1105 3058 et
1131 2983 1288 3060 ecclesiae
1316 2983 1549 3078 Lugdunensis
1572 3007 1614 3057 ex
1646 2982 1768 3059 Galliis
1794 2979 1948 3056 habitum

416 3107 452 3184 et
478 3107 605 3181 cultum
636 3105 767 3181 ineam
796 3099 994 3181 introduxit.

835 3466 1074 3582 nunus
1109 3467 1332 3582 nonina
1366 3467 1498 3582 rrae.
1595 3393 1599 3404 ’

415 3717 579 3792 bunradus
604 3717 673 3790 llex
697 3717 912 3833 homanorum
939 3737 1010 3790 curu
1037 3719 1121 3790 buce
1148 3718 1326 3807 bohemiae,
1354 3719 1500 3791 exercitu
1527 3735 1643 3809 magno
1665 3719 1869 3809 eunpegaso,
1894 3734 1947 3790 ua·

415 3837 494 3914 dunt
512 3839 544 3913 lu
561 3839 734 3930 rosunum,
761 3839 970 3914 wladislaum
991 3842 1117 3913 exulem
1137 3859 1245 3913 secum
1267 3839 1437 3934 ducentes;
1465 3841 1581 3932 quihus
1607 3841 1667 3912 sub
1694 3839 1755 3912 udo
1777 3839 1945 3912 boleslaus

582 3951 739 4036 'obuium
765 3963 882 4052 laetus,
910 3965 986 4035 astu
1014 3965 1047 4036 et
1073 3963 1200 4054 iugenio
1228 3964 1391 4055 persuasit
1417 3963 1458 4036 ad
1484 3963 1611 4056 propria
1637 3961 1748 4035 redire.

515 4201 720 4298 Ambiguum
754 4201 903 4278 Boleslai
939 4203 1136 4278 Polonorum
1164 4203 1267 4278 Ducis
1300 4207 1334 4278 et
1360 4205 1502 4278 fratrum
1538 4225 1672 4278 suorum
1707 4201 1882 4297 Myeezslai
1909 4203 1943 4276 et

413 4323 550 4400 Haurici
586 4346 780 4420 responsum
815 4325 986 4400 Gunredus
1018 4323 1241 4400 Romanorum
1274 4327 1349 4405 Rex
1375 4327 1418 4400 ed
1444 4349 1601 4400 nauseam
1628 4327 1666 4398 et
1689 4323 1862 4398 fastidium
1888 4345 1942 4398 ec-

413 4445 513 4541 cepit,
542 4447 577 4520 et
602 4445 738 4542 ignibus
773 4445 962 4521 iracundiae
997 4449 1112 4522 contra
1146 4448 1338 4522 Boleslaum
1373 4448 1570 4522 Polonorum
1606 4447 1730 4521 Ducem
1762 4447 1796 4518 et
1823 4445 1944 4550 fratres

415 4567 498 4660 eius,
525 4567 658 4642 haustis
683 4567 786 4644 etiam
814 4591 874 4663 per
901 4567 1124 4645 Wladislaum
1150 4569 1329 4644 Bohemiae
1355 4571 1499 4660 Ducem,
1535 4568 1592 4662 quui
1624 4570 1737 4663 partes
1764 4565 1943 4642 Wladislai

412 4689 612 4764 Polonorum
638 4689 740 4766 Ducis
766 4689 801 4764 in
828 4691 974 4765 Boleslai
1001 4691 1103 4766 Ducis
1129 4693 1164 4765 et
1190 4691 1388 4766 Polonorum
1407 4689 1517 4765 odium
1540 4691 1762 4785 promovebat,
1791 4687 1944 4784 pluribus

413 4811 456 4886 ad
482 4811 516 4886 id
542 4813 782 4888 accendebatur
807 4811 1039 4889 irritamentis.
1075 4814 1153 4909 Ipse
1180 4813 1317 4909 insuper
1343 4813 1551 4889 Wladislaus
1578 4813 1776 4888 Polonorum
1801 4811 1880 4886 Dux
1907 4811 1943 4884 in

412 4937 589 5030 conspectu
624 4935 770 5010 Ounradi
804 4935 908 5030 Regis
943 4935 1075 5011 assidue
1101 4939 1262 5028 uersatus
1295 4939 1334 5010 ut
1360 4937 1396 5011 in
1422 4936 1566 5032 patriam
1602 4935 1847 5027 restitueretur,
1877 4957 1943 5008 non

311 5149 313 5158 Ι
412 5055 546 5132 tantmn
572 5055 776 5150 quotidianis
802 5057 954 5154 precibus
980 5060 1015 5134 et
1042 5058 1197 5152 querelis,
1225 5059 1283 5134 sed
1310 5059 1380 5154 ipso
1411 5059 1481 5135 solo
1515 5059 1651 5156 aspectu
1685 5057 1944 5132 commiseratio·

412 5201 487 5253 nem
514 5180 549 5254 et
576 5178 764 5273 pollicitum
791 5179 989 5275 suffragium
1020 5180 1179 5276 exigebat
1194 5181 1233 5276 Ἰ).
1268 5181 1451 5256 ›Ounradus
1478 5181 1592 5272 itaque
1617 5180 1842 5260 Romanorum
1868 5179 1945 5253 Rex

412 5323 479 5376 non
505 5300 651 5396 amplius
678 5301 894 5378 differendum
921 5304 1025 5396 natue,
1055 5303 1301 5398 expeditionem
1327 5305 1442 5380 contra
1468 5303 1639 5378 Polonium
1665 5301 1794 5392 indicit,
1822 5323 1865 5376 ex
1891 5321 1944 5376 re-

520 5561 544 5648 1)
568 5570 597 5625 et
619 5566 713 5642 ipsum
734 5565 889 5626 Caesarem
910 5565 1115 5626 miserabiliter
1137 5565 1196 5624 Ed.
1219 5565 1312 5626 Dobr.
1350 5563 1376 5646 Ω)
1399 5565 1576 5640 exigebatur.
1598 5565 1661 5624 Ed:
1680 5565 1773 5630 Dobr.
