4246 6274
385 527 443 602 ·18
1016 544 1128 604 nuans
1154 545 1327 612 omarus.
1675 527 1743 640 (Α.
1765 525 1811 602 D.
1832 527 1945 625 1145.)

394 757 470 810 cum
497 733 660 810 fratribus
687 755 864 825 exaequo
891 733 1013 825 uiuere,
1041 737 1077 810 et
1104 737 1180 830 post
1206 737 1297 810 bella
1323 734 1520 825 execranda,
1549 735 1627 829 post
1654 735 1769 810 uultus
1796 737 1832 812 et
1849 738 1945 812 actus

390 856 528 930 minime
554 857 733 947 fraternos,
761 855 949 929 subituram
976 855 1111 952 tandem
1139 856 1322 947 aliquando
1349 855 1412 928 tibi
1432 854 1668 950 germanitatis
1685 858 1720 930 et
1738 857 1901 932 curatoris
1921 857 1943 946 1)

391 971 597 1051 memoriam.
626 977 835 1051 Horrendam
864 977 950 1051 hanc
977 975 1147 1067 existima,
1176 999 1278 1068 quarn
1306 977 1526 1072 prosequeris,
1550 978 1585 1052 et
1604 978 1783 1072 plusquam
1812 977 1944 1053 ciuilem

392 1097 609 1187 discordiam,
649 1097 790 1192 stirpem
826 1099 993 1188 uestram,
1031 1098 1166 1173 illustre
1200 1097 1384 1172 dominium
1420 1101 1455 1172 et
1481 1097 1638 1192 Regnum
1674 1099 1849 1190 funditus,
1878 1099 1944 1172 nisi

389 1218 531 1292 celerius
560 1215 749 1313 resipueris,
778 1240 990 1294 euersuram:
1024 1220 1184 1293 honorem
1210 1221 1362 1314 amplum
1388 1220 1423 1294 et
1450 1219 1597 1293 fructum
1625 1219 1943 1309 cumulatissimum,
2075 1235 2081 1242 '

382 1340 584 1414 simonidis
612 1340 696 1414 meis
723 1340 894 1434 parueris,
922 1341 974 1414 sin
1003 1341 1136 1430 minus,
1169 1340 1318 1415 diuinam
1345 1341 1378 1416 et
1406 1341 1588 1416 humanam
1616 1341 1779 1424 ultionem
1806 1364 1943 1436 percep·

390 1463 502 1536 turua'
528 1461 675 1536 Reuclre
701 1461 825 1552 animo,
855 1483 955 1552 quam
985 1463 1129 1554 foedum,
1159 1485 1328 1552 quamque
1356 1463 1493 1556 plenum
1512 1461 1680 1537 dedecoris
1698 1464 1732 1537 et
1750 1462 1944 1555 iniquitatis

390 1585 462 1674 est,
491 1584 526 1658 te
552 1582 721 1657 hominem
749 1582 971 1657 christianum
1007 1585 1043 1658 at
1074 1583 1265 1678 Principem
1292 1584 1332 1658 de
1358 1584 1427 1657 Deo
1453 1606 1513 1658 suo
1539 1586 1575 1659 et
1600 1583 1673 1658 eius
1700 1584 1835 1659 assidue
1861 1607 1943 1678 pen·

391 1705 525 1780 dentem
562 1702 684 1790 iudicio
720 1703 754 1777 id
782 1725 900 1797 agera,
938 1705 1025 1798 quod
1061 1704 1211 1798 gentilos
1246 1703 1377 1778 occulta
1396 1703 1425 1796 ²)
1460 1703 1529 1778 veri
1564 1703 1625 1778 Dei
1661 1705 1697 1778 et
1732 1704 1899 1779 catholica
1914 1701 1943 1798 ³)

390 1823 554 1918 religione
581 1825 709 1899 alienos
736 1826 869 1899 constat
895 1824 1056 1914 execrari,
1085 1825 1220 1920 utplus
1246 1825 1282 1898 in
1309 1827 1443 1919 pectore
1469 1827 1528 1898 tuo
1555 1825 1662 1919 possit
1688 1825 1856 1920 cupiditas
1874 1825 1942 1900 Ita-

390 1945 449 2039 gni
479 1945 601 2034 inanis,
630 1967 732 2037 quam
759 1946 929 2020 fraternae
956 1945 1095 2039 pietatis
1122 1947 1273 2021 affectus.
1328 1945 1538 2021 Wladislaus
1570 1947 1683 2020 autem
1699 1942 1728 2040 4)
1754 1947 1833 2020 Dux
1860 1946 1944 2040 fuga

389 2067 425 2139 et
451 2065 652 2139 discessione
686 2066 830 2140 fratrum
866 2065 902 2139 in
940 2089 1042 2140 unam
1077 2088 1186 2142 arcem
1222 2067 1352 2158 elatus,
1389 2067 1541 2142 salubres
1576 2066 1748 2160 pontilicis
1784 2067 1942 2156 monitus,

389 2187 482 2262 clara
508 2210 585 2262 voce
619 2186 684 2261 sibi
711 2208 923 2262 successuum
961 2187 1162 2262 uarietatem
1194 2187 1461 2282 praedicantem,
1501 2187 1674 2282 aspernari
1709 2188 1874 2262 sustinuit
1909 2191 1945 2262 et

385 2307 626 2402 prosperitatis
659 2329 741 2390 auae
767 2309 913 2383 velocem
941 2329 1086 2399 cursum,
1116 2331 1204 2383 vana
1231 2307 1295 2382 sibi
1322 2309 1484 2402 quaedam
1513 2308 1667 2382 ominans
1689 2311 1725 2382 et
1743 2309 1843 2403 pleno
1869 2309 1944 2383 relo

389 2449 522 2522 semper
548 2451 583 2503 se
610 2428 848 2523 nauigaturum
877 2428 1067 2518 confidens,
1100 2453 1120 2504 a
1148 2429 1384 2505 moderationis
1419 2429 1637 2504 contubernio
1673 2429 1838 2516 exclusit3
1884 2430 1943 2504 sod

389 2549 563 2624 renitendo
591 2551 661 2624 tam
689 2549 835 2643 optimae
862 2550 1105 2625 consolationis
1132 2553 1167 2626 ot
1193 2550 1475 2645 prudentissimae
1511 2550 1738 2644 persuasionis
1773 2552 1858 2625 bono
1885 2551 1943 2624 do-

390 2669 544 2762 claravit,
573 2671 661 2762 quod
687 2693 754 2744 non
780 2670 817 2744 in
844 2657 958 2746 ouranos
985 2671 1075 2746 cadit
1103 2672 1225 2746 donum
1253 2671 1451 2766 prudentiae
1477 2671 1650 2761 salutaris,
1679 2693 1739 2747 nec
1757 2671 1942 2762 quemlibet

391 2791 521 2887 patitur
552 2813 796 2886 possessorem,
833 2794 868 2866 et
904 2793 1122 2886 superborum
1159 2796 1261 2884 atquo
1296 2793 1543 2868 insensatorum
1569 2791 1763 2888 Principum
1799 2792 1944 2867 auaritia

391 2915 644 2988 obcaecatorum
679 2936 770 2989 moro
806 2912 840 2988 in
875 2936 937 2989 sua
964 2914 1212 3008 persistendum
1248 2915 1349 2988 duxit
1382 2913 1562 2990 sententia.
1616 2913 1795 2989 Obstinato
1821 2915 1864 2989 ad
1891 2936 1941 3004 aa,

380 3057 477 3125 puae
511 3035 714 3130 apraesule
749 3035 875 3129 optimo
912 3035 1128 3126 dicebantur,
1164 3035 1255 3110 edito
1286 3058 1306 3110 a
1334 3035 1523 3112 Wladislao
1549 3035 1640 3110 Duce
1667 3057 1834 3130 responso,
1862 3035 1942 3109 dum

390 3158 569 3250 appareret
596 3156 695 3230 illum
721 3179 741 3230 a
768 3155 860 3232 rabie
887 3159 1048 3252 concepta
1074 3157 1169 3230 nullo
1197 3158 1294 3253 pacto
1322 3155 1526 3248 quieturum,
1555 3156 1694 3230 Iacobus
1720 3155 1942 3251 archiopisco-

390 3298 455 3370 pus
483 3275 674 3371 praedictus
701 3301 722 3352 a
748 3277 872 3372 spiritu
900 3277 1013 3354 diuino
1040 3277 1213 3372 impletus,
1242 3281 1373 3352 scutum
1401 3276 1479 3352 fidoi
1506 3279 1542 3351 et
1567 3277 1706 3352 loricam
1737 3277 1810 3372 spei
1845 3278 1941 3352 uelut

390 3398 652 3494 praeliabundus
678 3420 863 3490 assumens,
887 3399 1009 3474 asella
1023 3399 1062 3494 ⁵),
1091 3399 1145 3474 cui
1172 3399 1353 3490 insederat,
1382 3398 1487 3474 altius
1505 3419 1730 3493 consurgens:
1759 3398 1942 3491 Postquam

391 3520 514 3613 inquit,
544 3521 621 3616 lege
647 3519 763 3596 divina
789 3522 823 3595 ot
850 3520 999 3596 humana
1035 3521 1266 3616 prophanata,
1303 3519 1375 3595 iure
1409 3518 1513 3595 etiam
1549 3517 1702 3615 gentium
1729 3521 1764 3593 ct
1791 3519 1941 3594 naturali

391 3641 638 3737 praevaricato,
675 3643 790 3716 tantos
824 3663 926 3716 ausus
961 3641 1197 3736 assumpsisti,
1234 3645 1273 3716 ut
1309 3663 1416 3732 neque
1443 3640 1505 3716 Dei
1541 3642 1652 3715 metus
1679 3642 1714 3714 et
1740 3639 1940 3730 reuerentia,

391 3787 499 3856 neque
527 3765 693 3838 humanae
720 3761 953 3858 persuasiones
980 3765 1015 3838 et
1043 3763 1181 3854 aaronita,
1211 3785 1319 3854 noque
1346 3783 1438 3837 meae
1465 3761 1717 3837 exhortationes
1735 3764 1771 3837 ot
1788 3761 1939 3850 consilia,

390 3888 426 3960 te
453 3887 630 3977 queunte
657 3883 769 3980 pravis
795 3886 831 3958 et
857 3884 1053 3959 execrandis
1080 3883 1283 3959 facinoribus
1318 3883 1514 3958 abstrahere
1549 3885 1585 3958 et
1616 3883 1659 3958 ad
1685 3884 1814 3960 rectum
1841 3882 1940 3958 incli-

391 4028 493 4097 nare,
530 4005 732 4081 auctoritate
758 4003 821 4079 Dei
857 4005 1118 4100 orrrnipotentis,
1156 4004 1250 4080 ouius
1285 4004 1375 4080 uices
1410 4003 1447 4077 in
1473 4003 1537 4078 hac
1564 4006 1661 4098 parto
1688 4025 1879 4098 prosequor,
1906 4006 1943 4078 ta

330 4147 335 4154 ¹
390 4126 486 4202 velut
514 4126 769 4222 Principatuum
797 4125 1021 4200 fraternorum
1057 4125 1240 4217 iniustum,
1278 4125 1529 4216 uiolentumque
1566 4124 1772 4214 invasorem,
1801 4113 1880 4199 fidei
1906 4126 1942 4199 at

391 4247 521 4343 patriae
552 4249 703 4340 hostem,
741 4248 855 4341 logum
892 4247 1082 4320 diuinarum
1108 4249 1144 4322 et
1170 4248 1394 4321 humanarum
1421 4249 1703 4341 transgressorem
1730 4247 1766 4321 et
1792 4267 1941 4320 meorum

391 4372 607 4464 paternorum
633 4369 835 4444 monitorum
862 4367 1021 4442 rebellem
1049 4369 1320 4462 contemptorem,
1340 4368 1383 4441 ad
1401 4366 1512 4442 omnia
1530 4367 1695 4442 salutaria
1720 4365 1941 4457 obstinatum,

391 4490 633 4566 Pharaonicam
660 4489 767 4566 cordis
794 4487 953 4562 duritiem
981 4490 1273 4583 praeseferantem,
1303 4488 1449 4583 primum
1476 4486 1610 4580 quidam
1629 4507 1739 4563 coram
1757 4488 1941 4582 praesenti,

391 4634 477 4702 quae
503 4613 604 4702 astat,
634 4609 865 4700 multitudine,
893 4609 1154 4698 excommunico,
1183 4609 1301 4684 deinde
1328 4609 1423 4683 uolut
1449 4607 1654 4703 pertinacem
1681 4607 1940 4698 anathematiso,

391 4735 425 4806 ot
452 4731 572 4806 ultimo
599 4732 694 4807 uolut
720 4729 983 4824 incorrigibilem
1011 4729 1133 4804 ultioni
1161 4730 1294 4806 diuinae
1321 4729 1527 4824 puniendum
1554 4728 1720 4820 relinquo.
1752 4730 1942 4804 Execratus

391 4852 510 4928 deinde
537 4852 573 4927 in
599 4855 702 4947 caput
728 4854 762 4927 et
790 4850 975 4925 exercitum
1003 4850 1187 4926 Wledislei
1214 4851 1316 4924 Ducis
1343 4851 1377 4925 ot
1404 4849 1589 4944 hospitales
1604 4849 1643 4945 6),
1685 4850 1841 4944 Superos,
1870 4849 1941 4925 uio-

390 4954 481 5051 latae
507 4977 550 5050 ab
577 4997 614 5050 eo
641 4973 816 5070 religionis
842 4973 877 5048 et
905 4970 997 5063 fidei,
1026 4970 1079 5045 sui
1107 4991 1238 5064 quoque
1275 4970 1488 5048 saluberrimi
1525 4970 1632 5066 spreti
1667 4969 1799 5046 consilii
1834 4972 1943 5047 testas

420 5300 422 5304 .
500 5269 526 5348 ¹)
557 5272 715 5333 curationis
748 5268 820 5330 coc.
849 5265 942 5329 Roar.
989 5265 1017 5348 Ω)
1040 5269 1165 5342 gentiles
1188 5279 1209 5328 a¹
1238 5267 1309 5329 eoa.
1339 5265 1431 5328 Roar.
1480 5263 1508 5340 8)
1541 5267 1708 5327 Christiana
1742 5264 1814 5326 coa.
1845 5267 1940 5328 Rosr.

301 5431 307 5440 .
393 5373 420 5455 ⁴)
447 5377 488 5437 At
509 5373 686 5440 Wladislaas
710 5374 768 5436 nd.
796 5375 890 5435 Dobr.
937 5369 963 5452 ⁶)
986 5389 1149 5448 moanee
1177 5373 1251 5434 sella
1281 5371 1340 5433 Ed.
1363 5373 1456 5432 Dobr.
1504 5367 1699 5452 “pacatiana
1725 5372 1756 5430 in
1782 5372 1943 5434 auiliares

394 5483 495 5562 copias
509 5479 592 5542 'soc
618 5478 711 5542 Roas.
