4192 6272
16 571 21 578 -
161 520 229 624 (Α.
251 519 300 601 D.
320 523 444 620 1290.)
772 549 883 600 ursan
910 549 1104 603 suasimus.
1226 495 1231 504 ⁸

613 957 822 1068 ANNUS
856 957 1079 1070 DOMINI
1116 958 1256 1072 1290.

186 1203 386 1276 illatirlnur
422 1206 547 1278 uereor
576 1207 735 1296 buxeriae
762 1207 850 1294 llur,
877 1224 972 1297 reme
1000 1209 1106 1280 leram
1133 1208 1373 1281 repressionem
1400 1208 1464 1280 rili
1491 1208 1531 1281 al
1558 1209 1690 1282 flenriao

187 1325 450 1399 wratislaviensi
476 1328 561 1400 llum
588 1326 621 1399 lr
639 1328 842 1419 l'rlnoipelrr
869 1329 1030 1402 batrruos
1048 1333 1260 1420 praeripiam,
1280 1331 1426 1402 exereitus
1444 1331 1594 1419 oolleolo,
1613 1330 1690 1403 lum

185 1447 309 1520 millies
336 1448 461 1520 fleurlei
488 1448 640 1537 iniisset,
666 1449 771 1523 uiator
796 1467 853 1541 pro
881 1450 1025 1542 lrireipe
1053 1451 1359 1524 abraoorleurilur
1378 1452 1571 1544 suseipiiur;
1598 1452 1687 1524 lteri

185 1587 261 1642 rere
289 1587 310 1640 a
336 1569 441 1660 oopiir
467 1570 592 1642 flenrioi
620 1572 761 1644 latenter
788 1571 974 1644 treoorlrm
1001 1591 1056 1662 per
1084 1571 1244 1664 proriam
1272 1572 1359 1645 eires
1377 1572 1587 1660 iulrouirsir,
1607 1572 1688 1644 l’rin·

186 1691 316 1782 oiprlur
354 1710 411 1784 pro
447 1691 579 1764 flammeo
615 1697 839 1784 temperatur,
866 1692 1046 1766 illeilrlro
1082 1693 1257 1768 inlabitur
1291 1693 1476 1767 moreolrli
1503 1695 1596 1766 rulro
1632 1693 1689 1766 rir

846 1814 1042 1906 aufugiente.

278 2054 484 2148 Oppressum
512 2077 570 2149 pler
597 2054 875 2130 substitutionem
901 2054 1039 2130 Henrioi
1068 2056 1181 2148 quarti
1208 2054 1502 2131 wratislaviensis
1540 2056 1643 2130 Duois
1679 2057 1716 2131 in

162 2174 416 2250 Graoouiensem
442 2177 477 2252 et
503 2176 808 2252 Sandornirlensem
835 2178 997 2266 Donatus,
1025 2178 1060 2252 et
1087 2177 1237 2252 Boleslai
1264 2177 1434 2252 illusoriae
1461 2177 1563 2252 Duois
1590 2178 1712 2254 nessio-

161 2319 251 2388 nem,
281 2296 380 2372 oiuile
407 2297 533 2372 bollum
562 2321 694 2372 rursum
721 2298 844 2392 erupit,
875 2321 933 2392 per
959 2298 1186 2374 Wledislaum
1213 2300 1346 2374 Loktek
1372 2298 1614 2394 Guyariensom
1640 2301 1711 2374 Du·

159 2438 245 2508 aem,
273 2421 309 2494 et
335 2417 393 2510 qui
421 2417 487 2492 iem
516 2417 741 2494 Sirndiensem
767 2420 935 2494 Donatum
963 2419 1147 2511 obtinebat,
1176 2419 1432 2516 reintegratum.
1472 2419 1536 2515 Qui
1563 2419 1715 2514 grauiter

158 2541 196 2616 et
223 2537 308 2614 irato
335 2539 446 2614 animo
473 2541 595 2632 ferens,
625 2541 805 2616 Lestkonis
832 2540 985 2635 germani
1012 2541 1065 2615 sui
1092 2543 1261 2633 DueatuS,
1291 2563 1348 2632 se,
1375 2541 1435 2633 qui
1471 2543 1507 2616 ot
1532 2563 1715 2636 germanus

159 2663 197 2738 ot
224 2659 442 2758 propinquior
469 2662 596 2738 oenseri
625 2663 786 2754 debebat,
816 2662 1019 2757 praeterito,
1048 2685 1106 2757 per
1133 2662 1317 2739 Henrioum
1345 2665 1505 2754 quartum
1532 2662 1715 2738 Wratisla-

157 2783 309 2860 viansem
335 2784 461 2860 Ducem
488 2786 678 2879 oooupatos,
710 2784 864 2860 omnibus
891 2783 1039 2876 uiribus,
1068 2785 1289 2876 omnibusque
1325 2784 1501 2860 oonutibus
1527 2785 1570 2860 ad
1596 2806 1712 2860 mnsa-

158 2904 330 2995 quendurn
358 2905 446 2996 illos,
475 2907 510 2980 et
536 2906 577 2980 ad
604 2905 848 2981 exoludendum
889 2905 1073 2981 Henrioum
1114 2907 1274 2998 quartum
1313 2906 1354 2981 de
1389 2905 1601 2981 craeoviensi
1638 2907 1715 2980 sede

91 3037 97 3052 ·
159 3047 297 3120 operam
323 3025 490 3102 intendit:
519 3027 562 3102 ad
589 3027 677 3119 quod
703 3051 771 3102 non
798 3028 907 3103 solum
934 3031 1065 3124 suapte,
1087 3027 1245 3120 quoniam
1265 3028 1289 3121 ¹)
1316 3028 1439 3102 natura
1465 3029 1580 3120 ferox,
1610 3050 1713 3103 manu

160 3147 331 3244 etliugua
345 3151 520 3243 promptus
549 3151 633 3241 arat,
662 3150 720 3225 sed
747 3149 896 3224 omnium
923 3149 1103 3241 illusoriae,
1132 3149 1309 3226 Laneioiae
1335 3151 1370 3225 et
1392 3149 1528 3224 Maioris
1547 3149 1715 3240 Poloniae,

159 3269 242 3346 item
269 3270 487 3346 Pomeruniae
513 3273 645 3346 Donum
671 3270 795 3348 solatia
821 3293 884 3348 suu
910 3271 964 3345 illi
991 3272 1034 3347 ad
1061 3295 1130 3348 rom
1158 3271 1394 3367 pollinentium
1412 3273 1618 3348 mouebatur.
1638 3271 1715 3345 Pri-

161 3415 215 3466 mo
242 3391 358 3486 itaque
385 3415 472 3484 uere,
500 3415 544 3468 ex
571 3393 716 3488 propriis
743 3395 778 3469 et
803 3393 982 3486 acquisitis
1009 3393 1111 3469 terris
1148 3395 1306 3488 oongesto
1342 3393 1514 3484 exercitu,
1543 3392 1716 3468 Karimiro

161 3511 349 3603 Laneioiae,
377 3493 533 3590 Boleslao
570 3517 606 3590 et
632 3513 785 3589 Ounrado
825 3513 1015 3604 illusoriae,
1058 3514 1207 3588 Duoibus
1224 3513 1252 3608 2)
1297 3513 1332 3586 in
1369 3513 1520 3608 personis
1557 3514 1715 3608 propriis,

162 3633 369 3710 Praemislao
396 3657 473 3709 vero
499 3635 635 3720 Maioris
662 3634 821 3710 Polonine
847 3637 883 3710 at
910 3634 1081 3730 Msoaugio
1109 3633 1337 3724 Porneranine,
1367 3633 1581 3729 Principibus
1596 3633 1624 3728 3)
1656 3657 1716 3729 per

162 3755 291 3832 militas
318 3754 371 3828 illi
398 3756 562 3850 solatia⁴l
588 3757 784 3848 ferentibus,
816 3778 930 3832 uersus
957 3756 1170 3846 Ornooviam,
1200 3754 1405 3850 praesidium
1433 3755 1573 3831 Henrial
1602 3755 1715 3852 quarti

163 3877 364 3967 deiecturus,
393 3877 577 3952 contendit.
624 3879 672 3953 lle
708 3878 772 3952 hae
806 3877 997 3956 hostilitate
1038 3877 1206 3952 Haurious
1246 3879 1387 3968 quartus
1422 3875 1716 3952 Wratislarienais

163 4000 242 4072 Dux
257 3997 286 4092 ⁶)
326 4000 361 4074 et
388 3999 519 4074 nuntiis
546 3999 824 4090 Greoouiensium,
853 4001 889 4074 et
914 4021 1046 4074 rumore
1074 3997 1194 4074 sortior
1234 3998 1356 4089 faetus,
1387 3998 1548 4091 nequiens
1576 3998 1712 4092 propter

163 4119 404 4212 ualetudinem,
433 4143 501 4212 qna
528 4121 594 4194 iam
609 4121 862 4215 oorripiebalur,
890 4120 971 4196 belli
999 4119 1226 4214 impendentis
1254 4141 1375 4192 munus
1402 4119 1504 4210 obire,
1533 4117 1717 4194 Henriourn

162 4240 436 4336 leguiouensem,
465 4242 732 4336 Premislaum⁶)
759 4242 1040 4337 Sprotariensem,
1070 4243 1178 4316 Duoes
1218 4263 1293 4314 oum
1320 4261 1457 4314 suarum
1484 4240 1637 4335 gentium
1662 4262 1715 4314 oo-

165 4361 289 4456 piisad
315 4361 506 4438 Graooviam
533 4363 694 4438 tuendam
721 4362 939 4438 transmittit.
968 4363 1068 4457 Quos,
1097 4364 1196 4437 rebus
1223 4361 1312 4454 apud
1339 4361 1530 4436 Granouiam
1558 4363 1641 4436 bene
1659 4382 1712 4435 or·

162 4481 300 4574 dinatis,
329 4481 523 4576 relictisque
550 4483 724 4558 nonnullis
752 4483 930 4575 militibus,
960 4484 1018 4576 qui
1046 4483 1134 4558 niues
1161 4485 1196 4557 et
1224 4481 1402 4576 populares
1438 4481 1474 4556 in
1510 4481 1576 4557 lide
1602 4481 1709 4556 oonti-

163 4605 293 4695 nerent,
322 4603 358 4677 in
386 4603 529 4678 Slesiam
556 4606 761 4680 revertentes
787 4605 998 4682 Wladislaus
1025 4605 1156 4679 Loktek
1184 4602 1403 4698 Ouyaviensis
1421 4603 1511 4694 Dux,
1539 4624 1615 4677 oum
1643 4625 1717 4678 eae·

162 4723 246 4800 teris
272 4725 432 4816 Dueibus,
461 4725 550 4802 eirea
576 4726 737 4820 oppidum
764 4727 962 4822 Sohyeuyor
977 4727 1006 4820 ⁷)
1032 4726 1159 4800 statiua
1186 4725 1327 4818 argentm
1354 4724 1505 4815 invadit,
1534 4723 1606 4798 illie
1633 4747 1716 4815 quo·
1797 4711 1801 4719 ’

163 4868 229 4939 que
257 4845 293 4920 in
319 4867 414 4920 arma
440 4846 628 4938 ruentibus,
656 4849 756 4923 atrox
792 4847 958 4941 praelium
993 4847 1083 4922 inter
1111 4847 1235 4920 fratres
1262 4847 1298 4919 et
1324 4844 1471 4936 milites,
1500 4845 1628 4936 Quarto
1654 4845 1717 4920 Oa-

163 4967 339 5043 lendarum
366 4967 494 5059 Martii,
522 4967 754 5044 committitur.
782 4971 827 5044 Et
853 4972 930 5065 post
957 4971 1099 5044 multam
1139 4971 1288 5064 stragem
1327 4967 1487 5060 utrinque
1515 4965 1713 5062 provenien·

273 5279 297 5359 ι)
319 5283 370 5357 qu
403 5279 474 5344 ooo.
498 5283 591 5344 sorr.
631 5279 810 5359 obuersus
840 5283 919 5345 aaa
940 5284 976 5344 a
1009 5279 1080 5344 ooo.
1097 5265 1177 5343 'noa
1218 5278 1247 5360 ³)
1269 5281 1455 5357 Principibus
1485 5282 1563 5343 eoae
1584 5282 1620 5340 se
1646 5275 1717 5341 ooo.

162 5383 237 5446 Aul.
263 5379 290 5464 4)
312 5387 422 5448 auxilia
448 5385 519 5448 Coei.
543 5387 634 5448 Roer.
660 5383 686 5464 ὗ)
709 5387 777 5446 Dux
798 5387 876 5450 emat
899 5381 1113 5448 inovanti.
1138 5382 1165 5464 θ)
1181 5385 1390 5448 Praemlslaum
1405 5385 1464 5448 Ed.
1481 5385 1568 5466 rope.
1595 5381 1718 5464 ⁷)Szie·

162 5491 236 5550 nior
261 5487 333 5556 Ood.
356 5491 450 5552 Roar.
