4162 6288
151 544 420 640 (Α.0.1273.)
761 571 873 623 arnna
900 571 1093 625 eunomius.
1136 624 1145 640 ,
1622 557 1697 628 427

148 775 245 827 suam
272 755 446 829 eoelesiam
482 756 816 850 Magdeburgensem,
855 759 1081 850 praelatorum
1118 761 1290 849 bonorum,
1329 783 1366 832 eo
1402 761 1474 834 iure
1510 763 1597 853 quod
1634 763 1699 834 sibi

148 877 363 969 competebat
389 877 424 948 in
451 878 534 966 illis,
564 877 715 950 instituit
741 879 923 968 dominum,
953 880 1128 953 haeredem
1156 884 1190 952 et
1218 903 1451 955 suooessorem.

601 1234 810 1346 nouus
845 1235 1071 1347 oourm
1109 1235 1247 1348 rara.

147 1479 346 1552 Prenielere
372 1480 440 1551 Rex
466 1481 637 1552 boloniae
665 1500 737 1550 eum
764 1483 915 1553 llolerleo
943 1483 1060 1555 Polieo
1081 1485 1120 1555 le
1139 1486 1263 1556 boeatu
1292 1487 1451 1574 oppertae
1475 1486 1698 1558 eonoerrlaturi

424 1603 634 1674 eonveniout:
662 1621 758 1693 quam
786 1605 990 1676 eonoorliam
1017 1605 1202 1696 relinquunt
1229 1625 1431 1696 ruspensem.

253 1840 393 1915 Veteres
419 1841 621 1929 simultates,
650 1841 857 1915 differentias
884 1845 919 1915 et
946 1843 1022 1916 odia
1040 1845 1246 1917 Premislaus
1265 1846 1444 1919 Bohemiae
1463 1847 1538 1919 Rex
1557 1849 1598 1919 ab
1617 1869 1696 1936 una,

148 1964 184 2035 et
211 1961 387 2035 Boleslaus
423 1962 569 2035 Pudious
604 1963 831 2037 cracoviensis
867 1965 945 2036 Dux
981 1965 1135 2057 partibus
1171 1968 1212 2038 ab
1247 1967 1365 2054 altera,
1407 1989 1491 2058 quae
1527 1968 1698 2041 oeoasiouo

148 2082 301 2155 Duratus
328 2082 559 2176 Opperiensis,
589 2107 609 2156 a
637 2084 821 2157 Premislao
848 2085 1029 2158 Bohemiao
1065 2087 1159 2179 Rege
1195 2109 1369 2178 perperam
1406 2088 1572 2179 oeoupati,
1610 2088 1699 2161 inter

148 2203 228 2277 illos
256 2203 356 2276 annis
381 2203 607 2296 superioribus
635 2208 752 2298 gestae
780 2209 871 2295 sunt,
909 2205 1090 2296 aequitatis
1117 2206 1173 2279 via
1199 2208 1456 2300 complanaturi,
1486 2209 1520 2280 in
1548 2209 1699 2301 Opperia

148 2322 364 2398 eonveniunt.
392 2325 438 2397 Rt
465 2326 644 2399 baronibus
671 2326 902 2398 eorrimunibue
929 2327 1120 2419 agentibus,
1151 2327 1266 2420 plures
1293 2327 1367 2400 uiae
1395 2351 1454 2421 pro
1481 2329 1697 2420 paoilioondis

148 2443 363 2537 Principibus
390 2445 600 2519 attollendo
627 2446 765 2518 dissidio
793 2447 945 2519 tentatae
972 2449 1064 2518 sunt.
1092 2447 1216 2519 Verum
1244 2469 1319 2520 auin
1347 2449 1443 2519 nulla
1483 2471 1596 2522 aarum
1621 2472 1696 2542 pro-

147 2565 291 2655 oederet,
320 2565 478 2656 quoniam
505 2589 613 2658 neque
639 2567 819 2641 Bolnemiae
846 2567 921 2641 Rex
949 2567 1154 2640 Premislaus
1180 2568 1221 2642 do
1238 2570 1398 2661 oooupato
1424 2570 1558 2643 lluoalu
1585 2570 1697 2663 Oppe-

146 2685 233 2777 riae,
262 2707 415 2760 asserens
441 2686 540 2760 illum
578 2689 653 2780 post
680 2686 858 2782 Myeozslai
879 2687 902 2779 ¹)
938 2687 1128 2780 Opoliensis
1164 2687 1267 2761 Duris
1303 2690 1455 2779 mortem,
1495 2690 1698 2764 testamento

147 2806 213 2880 sibi
241 2807 393 2902 legatum
421 2809 457 2880 et
483 2807 650 2899 relietum,
679 2810 722 2882 orl
749 2829 785 2882 se
812 2807 1006 2882 devolutum
1033 2808 1186 2903 legitime
1212 2831 1296 2900 esso,
1334 2810 1458 2900 redere,
1497 2833 1605 2902 neque
1631 2813 1696 2885 Bo-

148 2929 277 3002 leslaus
303 2928 449 3004 Pudioue
476 2929 704 3004 cracoviensis
732 2931 767 3002 et
794 2928 1076 3004 Sandomiriensis
1102 2931 1181 3003 Dux
1208 2932 1278 3004 tam
1306 2931 1490 3006 notabilem
1513 2933 1698 3026 portionem

147 3053 316 3123 terrarum
342 3051 454 3145 Regni
482 3050 641 3126 Poloniae
668 3050 823 3144 abrumpi
849 3053 885 3124 et
911 3051 1018 3125 altero
1045 3051 1165 3146 Regno
1192 3051 1412 3145 appropriari,
1441 3052 1605 3128 assentire
1627 3055 1697 3128 vel-

148 3171 210 3260 let,
239 3171 378 3246 barones
406 3195 597 3246 eommunes
625 3174 660 3246 et
687 3170 869 3248 oonsiliarii
896 3171 1102 3266 Regnorum,
1132 3173 1223 3246 bella
1245 3173 1281 3246 in
1298 3195 1412 3247 eorum
1440 3173 1552 3267 eapite
1578 3175 1613 3248 ot
1640 3197 1697 3268 po-

148 3290 258 3366 rioula
284 3293 431 3367 reoisuro
458 3315 518 3386 pro
545 3313 643 3387 posse
670 3292 842 3383 euitaturi,
879 3291 1055 3386 Prinoipes
1086 3292 1221 3383 quidem
1248 3293 1392 3368 inrioem
1418 3293 1637 3389 reoonoiliant
1663 3295 1698 3368 ot

147 3411 320 3488 amioitise
347 3413 520 3489 rinoulum
548 3413 637 3488 inter
664 3413 742 3488 illos
758 3413 785 3507 2)
812 3413 962 3486 firmant.
999 3412 1235 3507 Quaestionem
1262 3416 1375 3488 summ
1402 3414 1443 3488 do
1471 3415 1601 3488 Durata
1628 3415 1696 3508 Op-

148 3533 268 3628 periae
302 3533 338 3607 in
374 3557 477 3609 annos
513 3535 637 3629 uiginti
675 3556 734 3628 per
762 3533 976 3609 sufferentias
1013 3535 1117 3628 paris,
1155 3534 1191 3607 in
1227 3534 1314 3608 illud
1349 3535 1483 3628 tempus
1519 3535 1697 3608 duraturas

148 3655 371 3749 suspendunt.

148 4021 285 4093 laetere
311 4020 409 4094 lauto
438 4022 591 4112 episeopo
618 4021 822 4094 vintoniensi
850 4021 944 4092 nolti
972 4019 1131 4092 rebellant
1157 4018 1289 4105 milites,
1316 4019 1528 4092 wladislaum
1557 4021 1698 4111 (lpollen-

149 4160 220 4214 sem
245 4141 363 4214 liutem
389 4146 545 4217 rooauter
573 4142 614 4212 al
641 4143 806 4213 Ruentem.
833 4142 900 4220 buo
918 4160 952 4212 re
971 4141 1141 4212 llolerlaer
1164 4139 1300 4211 lulium
1319 4141 1460 4229 eognita,
1488 4141 1591 4212 mireo
1611 4158 1698 4213 exer·

496 4262 563 4334 eitu
590 4279 701 4333 omnes
728 4261 889 4352 profliget,
917 4260 1149 4351 superstitibus
1177 4259 1362 4360 eastigatir.

114 4487 122 4500 ⁸
254 4501 463 4576 Redeuntem
499 4523 542 4574 err
577 4499 781 4593 Opperiensi
816 4499 909 4573 dieta
948 4499 1141 4572 Boleslaum
1178 4496 1339 4570 Pudioum
1375 4497 1627 4571 Oratoriensem
1664 4500 1699 4569 et

150 4621 456 4697 Saudomirieneom
483 4622 610 4696 Dueem
646 4620 745 4695 oivile
782 4620 907 4694 bellum
934 4623 968 4694 et
996 4619 1144 4692 militum
1172 4619 1412 4692 nonnullorum
1446 4639 1581 4720 suorum
1608 4617 1698 4690 sedi-

148 4744 210 4832 tio,
239 4743 364 4818 dudum
400 4742 535 4834 quidem
570 4742 728 4836 glieoenS,
768 4743 825 4817 sed
862 4743 935 4814 tum
967 4741 1112 4834 primum
1148 4761 1338 4834 erumpens,
1376 4738 1520 4831 eroepit.
1566 4737 1699 4812 Author

150 4865 233 4938 illus
258 4862 458 4958 principalis
494 4863 620 4937 Paulus
656 4861 883 4936 Graooviensis
919 4861 1095 4955 episeopus
1132 4859 1403 4948 insimulabatur,
1442 4879 1539 4950 quem
1568 4881 1629 4951 per
1655 4858 1698 4930 li-

149 4975 282 5061 eentiae
309 5005 444 5078 campos
479 4983 546 5058 iam
582 4985 665 5058 tuno
691 4982 912 5078 gradientem,
942 4985 977 5057 et
1004 4981 1173 5077 grauitate
1209 4979 1398 5074 pontifioali
1425 4979 1560 5067 omissa,
1597 4999 1699 5052 rena·

149 5105 260 5181 tiones
287 5125 346 5200 per
373 5125 411 5179 se
435 5106 650 5195 trmtantem,
679 5126 754 5179 oum
781 5104 963 5178 lithuanis
990 5125 1121 5195 quoque
1147 5104 1182 5176 et
1208 5101 1288 5176 fidei
1311 5105 1347 5176 et
1364 5101 1566 5174 Polonorum
1592 5097 1699 5172 hosti-

148 5229 213 5302 bus
230 5225 429 5322 iungentsm
455 5225 599 5320 publiea,
628 5245 692 5319 quo
715 5225 872 5300 aduersus
899 5225 1070 5319 proprium
1098 5225 1223 5298 Duoem
1253 5221 1479 5298 abdominum
1506 5219 1699 5294 Boleslaum

266 5487 292 5570 ¹)
314 5489 510 5567 Myeeaulevr
536 5485 608 5551 (lod.
631 5483 704 5551 atat
744 5482 770 5564 α)
793 5502 843 5548 eos
865 5485 927 5548 Ed.
950 5484 1037 5565 Ltpe.
