4246 6274
392 537 438 610 12
1001 553 1112 604 ursus
1139 550 1310 616 eururus.
1662 528 1728 629 (A.v
1742 527 1918 626 0.,1144.)

388 749 460 818 tum
488 742 633 832 auribus,
661 741 718 816 sed
745 741 779 814 et
806 739 943 831 iniquis,
972 763 1056 834 quoe
1083 740 1224 814 aPetro
1251 739 1377 815 Gemite
1404 737 1598 816 Strainensi
1624 738 1830 829 dicebantur,
1859 762 1918 814 au·

389 865 462 940 dita
487 866 576 951 sunt;
604 865 735 938 tantam
762 863 899 956 insuper
926 863 960 936 et
987 863 1057 935 tam
1083 860 1256 952 fervidam,
1286 859 1430 956 primurn
1457 859 1687 956 suspitionem,
1722 859 1839 936 deinde
1865 861 1917 936 in·

388 985 592 1082 dignationis
618 985 786 1060 flammam
811 982 1019 1060 Wladislaus
1045 984 1123 1056 Ilurr
1149 983 1347 1058 Polonorum
1374 1005 1396 1058 a
1420 982 1672 1058 Porrooomao
1698 983 1918 1078 reprehensus

390 1109 515 1201 housit,
543 1108 582 1181 ut
609 1107 643 1180 in
669 1106 768 1180 illum
794 1105 891 1181 iuxta
924 1128 962 1181 ac
988 1104 1023 1178 in
1049 1107 1172 1180 fratres
1208 1104 1417 1200 tyrannidem
1443 1105 1635 1180 vertendam
1661 1104 1833 1201 cogitaret,
1862 1128 1917 1189 uo·
1965 1104 1970 1114 ’

391 1231 477 1305 ritus
504 1252 603 1323 quam
630 1227 786 1320 manime,
824 1251 865 1303 ne
891 1228 1011 1304 Petrus
1047 1226 1163 1302 domes
1199 1226 1409 1303 Slrzinensis
1443 1225 1517 1320 (qui
1558 1249 1598 1302 ea
1624 1229 1822 1321 tempestate
1849 1229 1918 1302 tam

392 1374 523 1448 genere,
552 1374 651 1446 quam
677 1349 895 1425 facultatibus
922 1350 1031 1424 clarus
1057 1351 1092 1424 et
1119 1351 1236 1444 potens
1262 1349 1461 1444 habebatur)
1487 1348 1646 1444 orphanis
1672 1348 1858 1440 adiunctus,
1886 1351 1921 1425 et

392 1473 596 1570 propositum
622 1496 719 1547 suum
746 1471 947 1546 adinulfum
974 1471 1161 1563 deduceret,
1196 1473 1232 1546 et
1259 1469 1444 1566 potentiam
1484 1493 1578 1546 suam
1614 1471 1667 1546 rol
1693 1471 1919 1561 confunderet,

392 1598 445 1671 uel
472 1595 695 1690 languidarot.
732 1595 906 1668 Infausurn
933 1583 1257 1688 suapte'Wladislai
1283 1593 1386 1668 Ducis
1412 1592 1609 1668 Polonorum
1638 1593 1671 1667 in
1699 1594 1835 1669 Petrum
1861 1593 1920 1666 (lo-

393 1718 508 1792 mitem
535 1716 769 1791 Skrninensem
796 1714 944 1790 animum
971 1714 1116 1790 coniunx
1142 1714 1450 1792 Wladislai-Ilucis
1477 1713 1632 1806 Oristiua,
1660 1737 1742 1798 cum·
1761 1737 1828 1808 quc
1844 1712 1923 1798 Dux

393 1839 601 1914 Wlodislaus
627 1839 791 1914 derebus
817 1836 1004 1930 quibusque
1039 1837 1228 1912 consultare
1263 1836 1383 1920 solitus
1415 1840 1497 1928 erat,
1534 1859 1608 1912 cum
1639 1838 1673 1912 et
1699 1835 1773 1931 ipsa
1797 1836 1922 1910 dudum

391 1962 531 2056 grauida
551 1961 574 2054 ¹)
601 1959 651 2034 ira
677 1961 775 2034 Petro
800 1958 921 2034 domiti
949 1957 1141 2034 Skrziuensi
1169 1958 1293 2034 infesta
1318 1961 1416 2051 esset,
1454 1958 1489 2032 in
1515 1957 1711 2054 ampliorem
1741 1958 1842 2036 bilem
1867 1979 1922 2034 ao·

394 2083 516 2158 cendit.
561 2083 722 2156 Ferarum
749 2079 912 2172 siquidem
940 2080 1299 2174 uenationesquodam
1327 2083 1572 2175 temporetam
1607 2082 1696 2156 Duce
1722 2078 1921 2170 Wladislao,

394 2228 493 2299 quam
521 2205 619 2279 Petro
645 2202 772 2277 sonito
811 2225 879 2276 una
905 2201 1006 2276 simul
1033 2201 1194 2278 tractanti
1206 2202 1245 2298 ²),
1273 2225 1348 2277 eum
1375 2204 1573 2283 foracursu
1598 2226 1657 2277 suo
1684 2205 1861 2296 utrumque
1887 2201 1923 2274 in

394 2328 562 2402 desertrun
588 2327 624 2400 et
649 2325 750 2420 louge
776 2347 796 2398 a
822 2323 957 2400 statiuis
983 2323 1115 2400 distans
1132 2346 1257 2423 ¹nemus
1283 2324 1487 2416 abduxisset,
1515 2325 1717 2420 rugiensque
1748 2325 1835 2400 fame
1854 2325 1922 2397 sto·

395 2448 542 2538 maohus,
570 2469 667 2522 carne
693 2446 946 2541 comprehensae
973 2445 1097 2522 bestias
1127 2468 1237 2541 aegre,
1266 2445 1505 2541 fastidioseque
1532 2446 1702 2542 impletus,
1730 2445 1822 2520 sitien
1848 2445 1922 2540 gla-

395 2571 444 2646 eie
470 2572 505 2644 et
530 2569 606 2644 niue
632 2567 843 2659 exclusisset,
871 2570 966 2644 ambo
993 2568 1129 2664 insuper
1155 2567 1245 2644 nuda
1270 2569 1370 2644 humo
1398 2571 1433 2644 et
1459 2591 1610 2646 somnum
1637 2573 1673 2644 et
1697 2567 1843 2662 quietem
1869 2588 1923 2642 co·

395 2692 497 2787 ptari,
525 2689 663 2766 delicias
689 2712 766 2765 suas
792 2712 876 2784 quae
902 2689 974 2764 illis
1000 2693 1034 2764 et
1059 2713 1102 2764 eu
1128 2689 1272 2781 cibariis,
1289 2689 1487 2785 potibusque
1502 2688 1530 2786 ³)
1556 2693 1590 2766 ot
1616 2713 1659 2766 ex
1686 2713 1803 2788 parum
1830 2687 1924 2764 rnolli

395 2816 502 2888 strato
528 2811 750 2907 contigerant,
778 2811 937 2886 familiari
964 2811 1232 2888 confabulatione
1255 2815 1482 2888 recenserent:
1510 2812 1657 2906 Mollius,
1686 2811 1798 2908 inquit
1822 2811 1923 2890 'lilla-

396 2935 523 3008 dislaus
549 2935 637 3026 Dux,
665 2933 839 3029 coniugem
874 2936 979 3024 tuam,
1016 2936 1134 3026 Petro,
1171 2956 1246 3010 cum
1277 2936 1397 3010 coneto
1432 2935 1637 3012 Strnelnensi
1652 2934 1680 3030 ⁴)
1706 2957 1789 3028 reor,
1826 2955 1925 3029 quam

397 3079 457 3131 nos
483 3055 671 3148 quieturam
687 3055 725 3151 ⁶).
766 3055 854 3131 Huic
880 3057 986 3132 facete
1013 3055 1101 3132 dicto
1128 3058 1162 3132 et
1187 3055 1229 3131 ad
1256 3055 1428 3132 leuandam
1455 3059 1665 3153 praesentem
1691 3057 1926 3150 difficultatem

398 3178 525 3254 aDuee
551 3177 738 3254 Wladislao
764 3178 905 3272 prolato,
933 3179 1052 3254 Petrus
1078 3177 1192 3254 (lomes
1219 3177 1378 3252 sororium
1393 3177 1421 3274 6)
1447 3201 1640 3274 responsum
1667 3178 1857 3254 redditurus
1883 3177 1925 3252 li-

397 3301 509 3376 berius
535 3299 717 3394 respondit.
762 3297 846 3396 Quid
874 3283 992 3394 susi),
1028 3299 1149 3394 inquit,
1187 3323 1253 3376 uon
1288 3323 1395 3376 meam
1428 3301 1657 3378 tantummodo
1694 3323 1769 3377 cum
1795 3301 1925 3392 abbate,

398 3423 456 3498 sed
482 3424 517 3496 et
543 3424 636 3496 tuom
663 3443 738 3496 eum
764 3421 912 3516 Dobyesz
940 3421 1057 3498 molles
1084 3444 1173 3497 nunc
1198 3420 1324 3517 cepisse
1350 3444 1493 3498 somnos.
1530 3424 1615 3498 Erat
1641 3425 1763 3516 aufem,
1778 3423 1927 3518 Dobpesa
2055 3497 2059 3502 .

400 3543 495 3617 rniles
521 3567 542 3617 a
567 3542 708 3618 Dueissa
742 3542 889 3618 Gristina
922 3545 1066 3634 amatus,
1104 3543 1198 3618 ouius
1232 3543 1483 3620 contubernium
1495 3545 1523 3640 1’)
1550 3545 1745 3640 pudicitiam
1772 3543 1929 3620 Dueissae

399 3665 564 3740 cristinae
599 3665 633 3738 in
669 3664 919 3760 sugillationem
956 3666 1043 3760 apud
1079 3667 1253 3760 plerosque
1288 3666 1501 3760 peruenerat.
1546 3667 1703 3763 Concepit
1733 3666 1824 3742 illico
1850 3667 1927 3740 Dux

399 3787 608 3862 Wladislaos
634 3809 677 3862 err
703 3809 743 3862 ea
769 3787 980 3882 responsione
1008 3787 1094 3880 iras,
1131 3787 1262 3862 cautius
1289 3789 1401 3864 tamen
1437 3811 1493 3864 eas
1526 3789 1756 3885 supprimens,
1793 3811 1868 3864 eum
1893 3789 1929 3863 et

399 3909 566 3985 saeuiendi
592 3908 825 4004 opportunitas
852 3933 969 4004 parum
997 3913 1077 3985 tune
1103 3913 1189 3986 tuta*
1204 3911 1303 4003 esset,
1332 3913 1367 3986 et
1383 3913 1520 3986 Petrum
1538 3912 1699 3989 (tomitem
1734 3912 1827 3988 uelut
1852 3911 1927 3986 affi-

399 4055 474 4106 nem
502 4053 610 4123 suum‚
647 4031 704 4125 qui
732 4031 849 4106 matris
876 4054 954 4107 suae
980 4031 1201 4127 propinquam
1236 4055 1378 4108 sororem
1405 4057 1463 4134 ppo
1491 4036 1640 4110 conserto
1674 4034 1830 4124 habebat,
1858 4055 1928 4108 ma-

399 4154 462 4230 iori
489 4155 581 4228 ultre
605 4177 718 4228 onmes
745 4157 883 4230 barones
910 4153 1144 4230 aestimatione
1171 4155 1293 4248 colens,
1328 4156 1436 4231 nollet
1461 4157 1582 4234 habere
1608 4157 1791 4232 alienatum
1816 4158 1851 4232 et
1877 4155 1928 4230 in-

400 4279 541 4364 fensum,
569 4277 631 4350 sub
657 4275 791 4351 silentio
819 4278 853 4350 et
881 4275 1043 4371 patientia
1077 4297 1147 4351 rem
1174 4276 1209 4350 in
1236 4299 1391 4373 praeseus
1426 4277 1581 4355 absolvit.
1626 4279 1668 4352 In
1692 4279 1826 4354 domum
1852 4300 1929 4353 vero

400 4419 551 4472 reuersus
577 4396 751 4472 tristitiam
778 4397 881 4472 animi
908 4399 943 4472 in
970 4399 1067 4472 uultu
1090 4397 1191 4473 etiam
1210 4400 1401 4491 praeferens
1416 4399 1455 4494 ⁹),
1485 4399 1668 4476 sciscitanti
1697 4397 1792 4475 uxori
1818 4401 1929 4474 muta-

401 4518 502 4594 tionis
520 4541 662 4610 causam,
683 4542 758 4592 oum
776 4519 832 4594 diu
844 4519 886 4614 10)
904 4519 1124 4613 nequicquam
1141 4520 1333 4614 restitisset,
1353 4525 1567 4617 expugnatus
1584 4522 1720 4598 tandem
1738 4521 1853 4598 sedula
1867 4520 1929 4594 im·

403 4639 620 4735 portouifate,
660 4643 822 4718 secretum
849 4642 946 4717 auida
972 4641 1231 4737 investigatione
1253 4641 1294 4738 ¹¹)
1320 4643 1490 4740 exigentis
1517 4644 1666 4722 mulieris
1692 4645 1746 4722 uel
1774 4643 1929 4739 indigna·

401 4763 542 4854 bandus,
570 4763 623 4838 vel
650 4765 688 4837 ut
715 4763 880 4858 plerisque
905 4765 1026 4858 placet,
1055 4763 1265 4854 iocabundus,
1295 4787 1470 4858 sermones,
1499 4789 1581 4860 quos
1607 4766 1817 4862 praecedenti
1834 4767 1930 4842 nocte

351 4904 355 4910 ·
401 4907 476 4958 cum
503 4886 600 4960 Petro
628 4884 753 4960 Oomite
779 4885 819 4961 de
845 4885 1004 4961 uxoribus
1030 4885 1171 4962 inuicem
1197 4885 1397 4964 cecinissent
1417 4887 1469 4984 ¹²),
1498 4912 1542 4965 ex
1567 4889 1681 4984 ordine
1706 4888 1827 4984 aperit.
1859 4887 1931 4983 Qua

400 5005 562 5082 relations
587 5007 728 5083 Dueissa
754 5006 908 5100 cristina,
945 5008 1023 5082 dum
1058 5007 1254 5103 pudicitiam
1288 5032 1382 5085 suam
1416 5031 1476 5105 per
1506 5009 1584 5087 illos
1611 5011 1646 5085 in
1674 5010 1810 5086 dubium
1837 5032 1930 5086 reuo-

446 5179 449 5186 ’
508 5195 532 5270 1)
554 5199 634 5272 graui
660 5199 730 5260 Ood.
753 5201 844 5260 Reor.
875 5196 901 5276 Ω)
925 5200 1117 5260 tractantibus
1143 5195 1213 5262 eoa.
1237 5201 1328 5262 Roer.
1360 5198 1389 5278 ³)
1412 5207 1540 5277 potuque
1567 5199 1636 5264 θοι).
1661 5203 1750 5264 Roer.
1782 5198 1808 5280 ⁴)
1825 5201 1930 5278 Slrrzy·

401 5303 484 5361 nensi
511 5302 573 5362 Cod
595 5304 686 5362 Rorr.
725 5301 751 5381 ο)
773 5305 931 5378 quiescere.
953 5301 1023 5365 (lod.
1046 5307 1137 5366 Beer.
1176 5302 1202 5384 θ)
1225 5306 1318 5366 simile
1337 5302 1406 5368 eos.
1423 5307 1514 5386 Roer.
1555 5304 1678 5384 7>Quid
1693 5311 1749 5368 scit
1765 5307 1823 5368 Ed.
1838 5307 1930 5367 Dobr.

403 5401 429 5482 8)
451 5405 632 5468 familiaritas
659 5404 727 5468 (lod.
751 5409 841 5470 Rozr.
880 5405 907 5487 9)
929 5409 1129 5484 praeseferens
1156 5405 1225 5472 Occi.
1249 5412 1339 5474 Roas.
1378 5407 1418 5488 ¹⁰)
1441 5411 1499 5472 diei
1522 5409 1581 5476 Ed.
1603 5413 1697 5476 Dolor.
1720 5409 1769 5478 oio
1790 5427 1847 5478 uuo
1871 5411 1930 5476 Ed.

402 5511 488 5588 Lips.
529 5509 568 5592 ¹¹)
591 5513 776 5591 instigatione
802 5513 871 5579 Ood.
895 5515 985 5577 Beer.
1028 5512 1068 5593 ¹2)
1091 5515 1325 5578 confabulassent
1347 5516 1406 5578 Ed.
1430 5517 1522 5578 Dobr.
