4172 6278
368 559 444 635 234
1002 581 1114 632 smne
1140 578 1293 634 snxnns.
1662 555 1725 652 (Α.
1746 555 1792 633 Ι).
1812 558 1918 654 mal.)

366 770 452 861 tum,
481 768 516 843 et
542 764 645 843 adid
671 787 708 842 se
734 768 806 840 tem
832 764 996 862 Magister
1021 766 1248 860 Hermannus,
1286 787 1388 858 quom
1415 765 1553 841 Fratres
1579 764 1741 842 cruciferi
1767 766 1915 862 potenti-

366 893 430 965 bus
456 889 566 966 literis
592 887 836 982 astrinxerant,
873 890 961 983 quod
996 888 1220 964 Prothenicae
1254 889 1365 964 torrae
1400 889 1436 964 et
1470 886 1653 963 cuiuslibet
1687 888 1830 964 alterins
1856 889 1917 964 sub

367 1011 518 1087 barbaris
545 1009 789 1105 conquirendae
816 1011 982 1106 possessio
1009 1011 1152 1086 debebat
1179 1010 1269 1088 inter
1295 1011 1487 1086 cunradum
1514 1010 1682 1087 Maeoniae
1700 1012 1736 1086 et
1752 1011 1917 1106 (lupariae

235 1193 242 1202 ,
367 1134 505 1226 Ducem,
533 1155 678 1226 suosque
704 1131 793 1208 filios
819 1135 855 1208 et
881 1154 1087 1210 successores
1122 1133 1282 1210 Poloniae
1313 1131 1498 1228 Prinpres,
1527 1134 1563 1208 et
1588 1133 1790 1229 Magistrum
1818 1135 1918 1224 utque

368 1255 517 1332 ordinem
544 1255 790 1332 Grnciiemrom
817 1278 860 1330 ex
887 1277 993 1348 aequo
1020 1255 1154 1350 partiri,
1191 1259 1227 1331 et
1262 1256 1428 1331 terrarum
1464 1255 1652 1330 dulmensis
1680 1257 1715 1328 et
1740 1254 1918 1330 Lubswieo

368 1377 515 1470 donatio,
543 1380 644 1452 terra.
663 1376 870 1453 Prothonice
896 1376 1099 1469 conquisita,
1128 1376 1256 1452 Irritari
1284 1379 1319 1450 et
1345 1377 1388 1451 ad
1415 1376 1606 1451 Conradum
1632 1377 1758 1452 Ducem
1776 1397 1918 1470 suosque

368 1521 574 1576 successores
601 1499 702 1594 pleno
728 1498 802 1575 iure
829 1498 971 1575 devolvi.
1000 1498 1175 1574 Ordinatio
1202 1519 1334 1592 quoquo
1361 1497 1436 1593 ipsu
1462 1501 1497 1573 et
1523 1498 1729 1576 oondItionos
1756 1499 1787 1572 ei
1814 1519 1917 1593 eppo

369 1621 466 1714 sites,
495 1621 672 1696 literarum
699 1620 851 1715 apicibus
878 1621 1016 1697 fuorunt
1044 1621 1208 1714 firmatae,
1237 1624 1272 1695 et
1298 1643 1358 1714 per
1384 1620 1565 1695 nonnullos
1592 1619 1658 1696 fide
1684 1620 1805 1717 dignos
1831 1619 1918 1695 utros

368 1743 460 1839 apud
486 1744 683 1818 Plocnensos
710 1743 819 1820 Duces
846 1743 881 1817 et
907 1765 1022 1818 eorum
1048 1763 1199 1818 cameras
1225 1741 1318 1818 uisae
1346 1741 1481 1837 saepius
1507 1745 1543 1819 et
1559 1744 1737 1817 tractatae.
1765 1741 1919 1832 Reliquit

369 1867 483 1941 autom
510 1865 727 1941 Hermannus
754 1865 795 1940 de
822 1865 940 1939 Salona
966 1865 1132 1960 Magister
1158 1863 1285 1939 ordinis
1304 1863 1339 1939 in
1358 1865 1467 1939 locum
1487 1887 1586 1939 suum
1606 1865 1761 1940 Msatrom
1782 1864 1806 1958 ¹)
1832 1864 1919 1937 Ouu-

370 1987 489 2062 radum
516 1987 556 2062 de
583 1985 805 2079 Landisberg,
835 1985 894 2078 qui
921 2007 996 2062 cum
1032 1986 1162 2061 auxillo
1197 1986 1300 2061 Ducis
1335 1985 1483 2060 Ounradi
1509 1985 1679 2061 Maeoniae
1705 1989 1741 2061 et
1767 1985 1920 2081 gentium

370 2131 507 2184 suarum
543 2107 579 2184 in
606 2107 706 2183 litore
741 2106 874 2185 Wislae
901 2107 937 2181 in
965 2109 1036 2183 loco
1053 2108 1197 2186 'odilloni
1224 2107 1416 2184 aedificarit
1452 2109 1641 2200 castellum,
1677 2109 1765 2202 quod
1792 2105 1922 2183 vocarit

370 2231 559 2326 Mogilsang
574 2229 613 2324 ἢ,
642 2252 686 2304 ex
712 2251 777 2323 quo
805 2228 915 2324 coepit
941 2230 1132 2306 Pruthenos
1167 2229 1329 2325 impetere
1355 2233 1390 2304 et
1416 2252 1529 2305 eorum
1557 2230 1687 2305 subitas
1714 2229 1922 2305 incursiones

270 2341 275 2348 ’
370 2353 558 2448 probibere.
600 2351 815 2428 Consultanti
843 2353 957 2426 autom
984 2373 1084 2447 super
1111 2351 1290 2428 donatione
1316 2356 1425 2427 terrae
1451 2351 1639 2428 dulmensis
1665 2351 1844 2426 Orneiforis
1870 2353 1921 2425 is·

371 2474 499 2567 ciendo,
528 2474 680 2549 Conrado
707 2472 875 2548 Masculae
914 2473 999 2547 Iluoi
1036 2474 1153 2547 tabula
1180 2495 1200 2548 a
1227 2475 1336 2569 Trogo
1364 2473 1543 2568 descripta,
1580 2477 1616 2547 et
1642 2496 1726 2568 pene
1753 2473 1789 2546 in
1816 2471 1922 2546 simili

372 2599 506 2688 eventu,
535 2596 615 2670 dum
641 2595 906 2673 Massiliensium
942 2596 1140 2671 fundaretur
1175 2595 1306 2688 civitas,
1345 2597 1388 2671 ab
1419 2618 1485 2670 uno
1512 2596 1719 2692 Regulorum
1748 2595 1784 2669 in
1810 2594 1947 2678 ooniez

371 2720 469 2793 cturo
495 2717 794 2813 perspicacissimo,
833 2716 1083 2792 sconsIIIariis
1118 2717 1287 2792 PolonioIs
1315 2719 1350 2792 in
1377 2717 1656 2794 detractationem
1682 2739 1808 2808 eorum,
1837 2727 1923 2809 quae

298 2841 301 2846 '
372 2842 571 2935 conceperat
584 2836 623 2934 ³),
652 2839 838 2916 obiicienda
865 2841 949 2916 erat.
980 2839 1102 2914 danem
1130 2839 1313 2932 aliquando
1340 2843 1441 2934 partu
1468 2840 1653 2935 gravidam,
1682 2841 1791 2914 locum
1818 2861 1840 2913 a
1863 2861 1921 2934 ps·-

372 2965 462 3038 store
488 2961 638 3058 precario
665 2961 802 3057 petisse,
839 2960 875 3036 in
903 2983 968 3056 quo
995 2965 1132 3056 partum
1158 2961 1356 3038 offunderet.
1403 2961 1474 3056 Quo
1501 2965 1648 3052 obtento,
1677 2961 1800 3039 iterum
1828 2961 1921 3036 solli·-

373 3083 506 3178 citasse,
534 3083 574 3158 ut
601 3082 666 3159 sibi
692 3084 833 3160 educare
862 3083 898 3158 in
924 3084 1039 3160 eodem
1054 3083 1081 3178 ι)
1107 3084 1179 3159 loco
1205 3087 1337 3160 teneros
1359 3087 1477 3179 portus
1495 3083 1622 3159 liceret.
1650 3081 1699 3158 At
1716 3086 1922 3180 postremum

373 3207 501 3282 adultis
527 3206 661 3298 catulis,
699 3206 824 3281 tultam
859 3205 1040 3281 domestico
1075 3205 1253 3301 praesidio,
1292 3205 1531 3301 proprietatem
1560 3206 1637 3298 loci,
1665 3207 1746 3281 hero
1773 3211 1833 3280 suo
1860 3227 1920 3280 ex·

373 3331 477 3421 cluso,
506 3328 699 3405 vendicasse
714 3327 754 3423 ὅ).
795 3328 866 3402 Nec
892 3349 987 3404 secus
1013 3327 1202 3404 Orociferos
1228 3328 1348 3422 egisse,
1377 3327 1435 3422 qui
1463 3351 1541 3403 suos
1568 3329 1762 3404 fundatores
1789 3327 1922 3402 sedibus

372 3473 487 3528 eorum
513 3451 681 3544 exclusos,
717 3449 871 3547 regiones
885 3449 915 3545 6)
941 3473 1056 3527 eorum
1083 3472 1142 3544 per
1169 3451 1221 3524 las
1249 3453 1283 3523 et
1311 3451 1406 3528 nefas
1442 3473 1602 3546 occupare
1637 3474 1704 3526 non
1741 3449 1920 3545 pudebaut.

832 3812 1041 3926 ANNUS
1077 3811 1302 3926 DOMINI
1336 3810 1470 3928 1231.

374 4061 572 4136 Illsdlslsns
607 4062 815 4154 lpsskonogi
851 4061 927 4135 dum
955 4062 1011 4134 diu
1038 4067 1183 4138 csstmsn
1219 4063 1403 4136 dnssnanss
1436 4063 1583 4153 obsidet,
1610 4064 1643 4137 is
1670 4062 1808 4154 Snods,
1835 4063 1923 4136 nulls

427 4183 541 4256 scllcto
568 4182 715 4273 haerede,
742 4183 893 4276 monton
920 4184 972 4257 cui
999 4185 1032 4256 in
1060 4185 1210 4258 osoribus
1236 4183 1436 4258 bllsdislsus
1463 4183 1592 4259 bttssis
1618 4185 1689 4257 llus
1715 4183 1872 4259 succedit.

478 4425 606 4500 Moram
633 4447 714 4501 suae
741 4424 952 4521 expulsionis
979 4427 1013 4500 et
1039 4425 1148 4517 exilii,
1186 4449 1273 4517 quae
1299 4425 1334 4500 iu
1362 4427 1522 4518 quartum
1548 4425 1614 4501 iam
1643 4447 1770 4502 annum
1807 4428 1923 4502 tende-

374 4547 486 4639 batur,
514 4569 535 4621 a
560 4547 751 4624 Wlodislao
786 4547 921 4624 Otlonis
958 4547 1153 4623 Galissiensi
1180 4549 1272 4622 Duce
1298 4570 1459 4642 germano
1496 4551 1616 4643 nepote
1651 4551 1833 4644 patratam,
1868 4570 1926 4644 pen

376 4690 477 4758 quam
504 4669 539 4742 et
564 4669 699 4743 Ducatu
725 4691 785 4745 suo
812 4671 848 4743 et
874 4671 973 4744 robus
999 4669 1208 4761 quibuslibet
1235 4672 1359 4744 exutus
1386 4657 1470 4764 enit,
1499 4670 1710 4747 Wladislaus
1731 4671 1925 4767 Lyaslrono·

375 4789 412 4884 gi
439 4789 677 4864 Posnanisnsis
703 4794 739 4865 et
765 4790 902 4865 Maioris
930 4790 1087 4867 Polonise
1114 4791 1192 4865 Dux
1221 4793 1361 4868 moleste
1388 4793 1512 4885 ferens,
1540 4795 1576 4868 et
1602 4792 1812 4889 propriorum
1837 4792 1924 4866 mili·

375 4914 460 5004 tum,
489 4911 548 5005 qui
574 4911 618 4986 ad
644 4934 719 4987 oum
747 4914 810 4986 sub
836 4911 934 4986 exilii
960 4913 1112 5006 tempore
1140 4912 1344 5006 deiecerant,
1372 4915 1408 4988 et
1434 4913 1626 5006 aliquorum
1647 4914 1924 5006 voluntariorum,

1526 5035 1539 5078 7

375 5035 435 5109 out
461 5055 538 5110 aere
565 5032 688 5126 alieno,
725 5035 787 5109 aut
813 5032 946 5109 iudiciis
981 5035 1227 5110 damnatorum·
1243 5039 1361 5110 nactus
1388 5035 1511 5111 solatio
1539 5041 1565 5130 ),
1602 5059 1646 5111 ex
1674 5034 1927 5112 Ratbiboriensi

484 5327 508 5408 ¹)
531 5329 652 5392 fratrem
682 5349 765 5391 sunm
797 5331 857 5392 Ed.
880 5331 973 5394 chr.
1012 5328 1223 5409 ²)Nogilsang
1255 5331 1326 5392 θοι).
1353 5332 1435 5392 Colo.
1474 5329 1501 5410 ³)
1525 5339 1722 5408 conceperant
1751 5335 1811 5394 Ed.
1835 5333 1926 5395 Dobr.

378 5428 407 5513 4)
431 5435 533 5495 eodem
559 5436 637 5497 deest
659 5438 694 5496 s'ss
719 5436 790 5497 Ood.
814 5435 888 5496 Aut.
929 5431 955 5513 β)
979 5437 1096 5496 Iustisss'
1117 5437 1329 5497 Historiarum
1351 5453 1388 5496 ex
1413 5437 1510 5511 Trogo
1531 5439 1673 5514 Pompeio
1698 5439 1769 5500 Ls'b.
1795 5437 1925 5500 XLIII.
2080 5479 2081 5498 r

375 5556 441 5615 cup.
465 5545 495 5599 4.
533 5536 560 5616 ⁶)
583 5547 679 5602 terras
702 5539 762 5602 Ed.
784 5540 879 5601 Dobr.
919 5537 947 5620 7)
970 5542 1080 5620 currilia
1102 5541 1161 5602 Ed.
1183 5540 1278 5602 Dolor.
