<?xml version="1.0" encoding="UTF-8"?>
<!DOCTYPE html PUBLIC "-//W3C//DTD XHTML 1.0 Transitional//EN"
    "http://www.w3.org/TR/xhtml1/DTD/xhtml1-transitional.dtd">
<html xmlns="http://www.w3.org/1999/xhtml" xml:lang="en" lang="en">
 <head>
  <title>
</title>
<meta http-equiv="Content-Type" content="text/html;charset=utf-8" />
  <meta name='ocr-system' content='tesseract 3.04.00' />
  <meta name='ocr-capabilities' content='ocr_page ocr_carea ocr_par ocr_line ocrx_word'/>
</head>
<body>
  <div class='ocr_page' id='page_1' title='image "./operaomnia02paulgoog_0301.png"; bbox 0 0 4140 6298; ppageno 0'>
   <div class='ocr_carea' id='block_1_1' title="bbox 153 553 1710 652">
    <p class='ocr_par' dir='ltr' id='par_1_1' title="bbox 153 553 1710 652">
     <span class='ocr_line' id='line_1_1' title="bbox 153 553 1710 652; baseline 0.004 -22"><span class='ocrx_word' id='word_1_1' title='bbox 153 553 216 648; x_wconf 83' lang='grc' dir='ltr'>(Α.</span> <span class='ocrx_word' id='word_1_2' title='bbox 237 553 289 633; x_wconf 86' lang='lat' dir='ltr'>D.</span> <span class='ocrx_word' id='word_1_3' title='bbox 311 555 435 652; x_wconf 85' lang='grc'><strong>1242.)</strong></span> <span class='ocrx_word' id='word_1_4' title='bbox 773 579 885 633; x_wconf 81' lang='lat' dir='ltr'>umen</span> <span class='ocrx_word' id='word_1_5' title='bbox 912 579 1104 634; x_wconf 82' lang='lat' dir='ltr'>surrrmus.</span> <span class='ocrx_word' id='word_1_6' title='bbox 1634 563 1710 636; x_wconf 82' lang='lat'>285</span> 
     </span>
    </p>
   </div>
   <div class='ocr_carea' id='block_1_2' title="bbox 150 759 1713 2326">
    <p class='ocr_par' dir='ltr' id='par_1_2' title="bbox 150 759 1713 2326">
     <span class='ocr_line' id='line_1_2' title="bbox 151 759 1711 866; baseline 0.005 -28"><span class='ocrx_word' id='word_1_7' title='bbox 151 764 320 860; x_wconf 90' lang='lat' dir='ltr'>regimini</span> <span class='ocrx_word' id='word_1_8' title='bbox 347 769 437 862; x_wconf 88' lang='lat' dir='ltr'>(curn</span> <span class='ocrx_word' id='word_1_9' title='bbox 463 759 592 843; x_wconf 89' lang='lat' dir='ltr'>Ducem</span> <span class='ocrx_word' id='word_1_10' title='bbox 618 787 717 843; x_wconf 90' lang='lat' dir='ltr'>suum</span> <span class='ocrx_word' id='word_1_11' title='bbox 744 769 939 845; x_wconf 88' lang='lat' dir='ltr'>Boleslaum</span> <span class='ocrx_word' id='word_1_12' title='bbox 967 768 1130 846; x_wconf 90' lang='lat' dir='ltr'>Pudicum</span> <span class='ocrx_word' id='word_1_13' title='bbox 1167 767 1317 866; x_wconf 89' lang='lat' dir='ltr'>amplius</span> <span class='ocrx_word' id='word_1_14' title='bbox 1353 769 1528 847; x_wconf 73' lang='lat' dir='ltr'>crederent</span> <span class='ocrx_word' id='word_1_15' title='bbox 1564 792 1631 846; x_wconf 89' lang='lat' dir='ltr'>non</span> <span class='ocrx_word' id='word_1_16' title='bbox 1658 791 1711 846; x_wconf 91' lang='lat' dir='ltr'>re·</span> 
     </span>
     <span class='ocr_line' id='line_1_3' title="bbox 150 890 1712 987; baseline 0.003 -25"><span class='ocrx_word' id='word_1_17' title='bbox 150 892 348 982; x_wconf 81' lang='lat' dir='ltr'>versurum)</span> <span class='ocrx_word' id='word_1_18' title='bbox 375 890 584 982; x_wconf 79' lang='lat' dir='ltr'>dedentibus,</span> <span class='ocrx_word' id='word_1_19' title='bbox 622 890 808 986; x_wconf 87' lang='lat' dir='ltr'>occupavit.</span> <span class='ocrx_word' id='word_1_20' title='bbox 853 891 1006 986; x_wconf 86' lang='lat' dir='ltr'>chotha</span> <span class='ocrx_word' id='word_1_21' title='bbox 1041 891 1208 984; x_wconf 82' lang='lat' dir='ltr'>siquidem</span> <span class='ocrx_word' id='word_1_22' title='bbox 1239 894 1280 968; x_wconf 91' lang='lat' dir='ltr'>de</span> <span class='ocrx_word' id='word_1_23' title='bbox 1307 891 1519 987; x_wconf 91' lang='lat' dir='ltr'>Bipennibus</span> <span class='ocrx_word' id='word_1_24' title='bbox 1545 914 1622 968; x_wconf 94' lang='lat' dir='ltr'>cum</span> <span class='ocrx_word' id='word_1_25' title='bbox 1649 913 1712 967; x_wconf 91' lang='lat' dir='ltr'>sua</span> 
     </span>
     <span class='ocr_line' id='line_1_4' title="bbox 151 1009 1712 1111; baseline 0.003 -27"><span class='ocrx_word' id='word_1_26' title='bbox 151 1009 321 1086; x_wconf 84' lang='lat' dir='ltr'>societate</span> <span class='ocrx_word' id='word_1_27' title='bbox 349 1013 385 1087; x_wconf 92' lang='lat' dir='ltr'>et</span> <span class='ocrx_word' id='word_1_28' title='bbox 410 1011 613 1108; x_wconf 91' lang='lat' dir='ltr'>genealogia</span> <span class='ocrx_word' id='word_1_29' title='bbox 632 1013 656 1108; x_wconf 89' lang='lat'>¹)</span> <span class='ocrx_word' id='word_1_30' title='bbox 683 1013 738 1086; x_wconf 94' lang='lat' dir='ltr'>illi</span> <span class='ocrx_word' id='word_1_31' title='bbox 765 1013 939 1102; x_wconf 90' lang='lat' dir='ltr'>adhaesit;</span> <span class='ocrx_word' id='word_1_32' title='bbox 977 1014 1129 1089; x_wconf 72' lang='lat' dir='ltr'>Clemens</span> <span class='ocrx_word' id='word_1_33' title='bbox 1169 1036 1243 1090; x_wconf 86' lang='lat' dir='ltr'>uero</span> <span class='ocrx_word' id='word_1_34' title='bbox 1279 1015 1320 1090; x_wconf 91' lang='lat' dir='ltr'>de</span> <span class='ocrx_word' id='word_1_35' title='bbox 1346 1015 1499 1090; x_wconf 83' lang='lat' dir='ltr'>Rusucca</span> <span class='ocrx_word' id='word_1_36' title='bbox 1535 1014 1712 1111; x_wconf 87' lang='lat' dir='ltr'>palatinus</span> 
     </span>
     <span class='ocr_line' id='line_1_5' title="bbox 150 1126 1710 1229; baseline 0.003 -23"><span class='ocrx_word' id='word_1_37' title='bbox 150 1132 389 1209; x_wconf 78' lang='lat' dir='ltr'>uaeovienois</span> <span class='ocrx_word' id='word_1_38' title='bbox 410 1133 632 1228; x_wconf 89' lang='lat' dir='ltr'>supradictus</span> <span class='ocrx_word' id='word_1_39' title='bbox 658 1136 694 1210; x_wconf 89' lang='lat' dir='ltr'>et</span> <span class='ocrx_word' id='word_1_40' title='bbox 720 1134 781 1209; x_wconf 93' lang='lat' dir='ltr'>alii</span> <span class='ocrx_word' id='word_1_41' title='bbox 799 1137 958 1228; x_wconf 88' lang='lat' dir='ltr'>castrum,</span> <span class='ocrx_word' id='word_1_42' title='bbox 987 1136 1076 1226; x_wconf 92' lang='lat' dir='ltr'>quod</span> <span class='ocrx_word' id='word_1_43' title='bbox 1103 1129 1209 1210; x_wconf 83' lang='lat' dir='ltr'>Skala</span> <span class='ocrx_word' id='word_1_44' title='bbox 1235 1135 1369 1227; x_wconf 90' lang='lat' dir='ltr'>dicitur,</span> <span class='ocrx_word' id='word_1_45' title='bbox 1398 1126 1624 1229; x_wconf 86' lang='lat' dir='ltr'>intrauerunt,</span> <span class='ocrx_word' id='word_1_46' title='bbox 1653 1159 1710 1211; x_wconf 83' lang='lat' dir='ltr'>uo-</span> 
     </span>
     <span class='ocr_line' id='line_1_6' title="bbox 151 1254 1712 1334; baseline 0.004 -8"><span class='ocrx_word' id='word_1_47' title='bbox 151 1254 268 1329; x_wconf 86' lang='lat' dir='ltr'>lentes</span> <span class='ocrx_word' id='word_1_48' title='bbox 296 1255 386 1329; x_wconf 94' lang='lat' dir='ltr'>illud</span> <span class='ocrx_word' id='word_1_49' title='bbox 412 1255 589 1332; x_wconf 83' lang='lat' dir='ltr'>defendere</span> <span class='ocrx_word' id='word_1_50' title='bbox 616 1255 750 1332; x_wconf 84' lang='lat' dir='ltr'>nourine</span> <span class='ocrx_word' id='word_1_51' title='bbox 777 1256 927 1332; x_wconf 90' lang='lat' dir='ltr'>Boleslai</span> <span class='ocrx_word' id='word_1_52' title='bbox 953 1257 1059 1332; x_wconf 88' lang='lat' dir='ltr'>Ducis</span> <span class='ocrx_word' id='word_1_53' title='bbox 1085 1257 1392 1334; x_wconf 84' lang='lat' dir='ltr'>Wratisleriensis.</span> <span class='ocrx_word' id='word_1_54' title='bbox 1433 1257 1607 1333; x_wconf 81' lang='lat' dir='ltr'>dunradue</span> <span class='ocrx_word' id='word_1_55' title='bbox 1634 1279 1712 1333; x_wconf 82' lang='lat' dir='ltr'>uero</span> 
     </span>
     <span class='ocr_line' id='line_1_7' title="bbox 151 1375 1712 1474; baseline 0.004 -24"><span class='ocrx_word' id='word_1_56' title='bbox 151 1375 285 1451; x_wconf 87' lang='lat' dir='ltr'>omissa</span> <span class='ocrx_word' id='word_1_57' title='bbox 311 1377 416 1452; x_wconf 89' lang='lat' dir='ltr'>castri</span> <span class='ocrx_word' id='word_1_58' title='bbox 443 1378 550 1452; x_wconf 86' lang='lat' dir='ltr'>Slala</span> <span class='ocrx_word' id='word_1_59' title='bbox 576 1377 840 1473; x_wconf 79' lang='lat' dir='ltr'>expugnatione,</span> <span class='ocrx_word' id='word_1_60' title='bbox 869 1380 1018 1453; x_wconf 91' lang='lat' dir='ltr'>castrum</span> <span class='ocrx_word' id='word_1_61' title='bbox 1045 1378 1080 1452; x_wconf 95' lang='lat' dir='ltr'>in</span> <span class='ocrx_word' id='word_1_62' title='bbox 1107 1379 1266 1455; x_wconf 82' lang='lat' dir='ltr'>Graecula</span> <span class='ocrx_word' id='word_1_63' title='bbox 1292 1379 1458 1472; x_wconf 85' lang='lat' dir='ltr'>acdificat,</span> <span class='ocrx_word' id='word_1_64' title='bbox 1486 1378 1652 1474; x_wconf 90' lang='lat' dir='ltr'>incipiens</span> <span class='ocrx_word' id='word_1_65' title='bbox 1670 1381 1712 1456; x_wconf 91' lang='lat' dir='ltr'>ab</span> 
     </span>
     <span class='ocr_line' id='line_1_8' title="bbox 151 1493 1711 1592; baseline 0.002 -19"><span class='ocrx_word' id='word_1_66' title='bbox 151 1497 300 1573; x_wconf 88' lang='lat' dir='ltr'>ecelesia</span> <span class='ocrx_word' id='word_1_67' title='bbox 327 1499 418 1574; x_wconf 86' lang='lat' dir='ltr'>beati</span> <span class='ocrx_word' id='word_1_68' title='bbox 444 1499 649 1592; x_wconf 88' lang='lat' dir='ltr'>Wenceslai,</span> <span class='ocrx_word' id='word_1_69' title='bbox 679 1523 700 1574; x_wconf 91' lang='lat' dir='ltr'>a</span> <span class='ocrx_word' id='word_1_70' title='bbox 726 1493 921 1576; x_wconf 90' lang='lat' dir='ltr'>sanctuario</span> <span class='ocrx_word' id='word_1_71' title='bbox 944 1501 1065 1576; x_wconf 84' lang='lat' dir='ltr'>altaris</span> <span class='ocrx_word' id='word_1_72' title='bbox 1092 1501 1183 1576; x_wconf 89' lang='lat' dir='ltr'>beati</span> <span class='ocrx_word' id='word_1_73' title='bbox 1210 1502 1357 1578; x_wconf 79' lang='lat' dir='ltr'>Thomas</span> <span class='ocrx_word' id='word_1_74' title='bbox 1384 1502 1526 1578; x_wconf 82' lang='lat' dir='ltr'>leudem</span> <span class='ocrx_word' id='word_1_75' title='bbox 1545 1502 1588 1576; x_wconf 90' lang='lat' dir='ltr'>ad</span> <span class='ocrx_word' id='word_1_76' title='bbox 1606 1503 1711 1578; x_wconf 90' lang='lat' dir='ltr'>ecclc-</span> 
     </span>
     <span class='ocr_line' id='line_1_9' title="bbox 151 1619 1711 1716; baseline 0.001 -22"><span class='ocrx_word' id='word_1_77' title='bbox 151 1619 241 1696; x_wconf 88' lang='lat' dir='ltr'>siam</span> <span class='ocrx_word' id='word_1_78' title='bbox 271 1621 390 1696; x_wconf 79' lang='lat' dir='ltr'>Sancti</span> <span class='ocrx_word' id='word_1_79' title='bbox 417 1620 589 1713; x_wconf 76' lang='lat' dir='ltr'>Gereouis,</span> <span class='ocrx_word' id='word_1_80' title='bbox 618 1624 654 1699; x_wconf 88' lang='lat' dir='ltr'>et</span> <span class='ocrx_word' id='word_1_81' title='bbox 680 1621 758 1698; x_wconf 93' lang='lat' dir='ltr'>inde</span> <span class='ocrx_word' id='word_1_82' title='bbox 786 1643 892 1716; x_wconf 92' lang='lat' dir='ltr'>usque</span> <span class='ocrx_word' id='word_1_83' title='bbox 927 1624 970 1697; x_wconf 92' lang='lat' dir='ltr'>ad</span> <span class='ocrx_word' id='word_1_84' title='bbox 996 1622 1172 1698; x_wconf 89' lang='lat' dir='ltr'>ecclesiam</span> <span class='ocrx_word' id='word_1_85' title='bbox 1205 1626 1324 1699; x_wconf 86' lang='lat' dir='ltr'>beatae</span> <span class='ocrx_word' id='word_1_86' title='bbox 1360 1623 1487 1700; x_wconf 85' lang='lat' dir='ltr'>Mariae</span> <span class='ocrx_word' id='word_1_87' title='bbox 1521 1624 1711 1699; x_wconf 88' lang='lat' dir='ltr'>rotundam.</span> 
     </span>
     <span class='ocr_line' id='line_1_10' title="bbox 152 1742 1712 1839; baseline 0.002 -23"><span class='ocrx_word' id='word_1_88' title='bbox 152 1742 343 1834; x_wconf 82' lang='lat' dir='ltr'>Rebusque</span> <span class='ocrx_word' id='word_1_89' title='bbox 369 1743 487 1818; x_wconf 85' lang='lat' dir='ltr'>taliter</span> <span class='ocrx_word' id='word_1_90' title='bbox 514 1743 698 1839; x_wconf 88' lang='lat' dir='ltr'>dispositis,</span> <span class='ocrx_word' id='word_1_91' title='bbox 727 1743 763 1818; x_wconf 92' lang='lat' dir='ltr'>in</span> <span class='ocrx_word' id='word_1_92' title='bbox 788 1745 974 1820; x_wconf 84' lang='lat' dir='ltr'>Masoviam</span> <span class='ocrx_word' id='word_1_93' title='bbox 1000 1747 1053 1820; x_wconf 89' lang='lat' dir='ltr'>est</span> <span class='ocrx_word' id='word_1_94' title='bbox 1079 1766 1245 1820; x_wconf 84' lang='lat' dir='ltr'>reuersus.</span> <span class='ocrx_word' id='word_1_95' title='bbox 1273 1743 1417 1820; x_wconf 86' lang='lat' dir='ltr'>Interim</span> <span class='ocrx_word' id='word_1_96' title='bbox 1435 1746 1613 1822; x_wconf 87' lang='lat' dir='ltr'>Boleslaus</span> <span class='ocrx_word' id='word_1_97' title='bbox 1635 1746 1712 1820; x_wconf 82' lang='lat' dir='ltr'>(ial-</span> 
     </span>
     <span class='ocr_line' id='line_1_11' title="bbox 151 1864 1713 1962; baseline 0.002 -24"><span class='ocrx_word' id='word_1_98' title='bbox 151 1885 216 1939; x_wconf 83' lang='lat' dir='ltr'>uus</span> <span class='ocrx_word' id='word_1_99' title='bbox 245 1864 408 1940; x_wconf 90' lang='lat' dir='ltr'>iniuriam</span> <span class='ocrx_word' id='word_1_100' title='bbox 434 1865 647 1958; x_wconf 88' lang='lat' dir='ltr'>rescissurus,</span> <span class='ocrx_word' id='word_1_101' title='bbox 675 1867 891 1962; x_wconf 89' lang='lat' dir='ltr'>congregatis</span> <span class='ocrx_word' id='word_1_102' title='bbox 918 1867 990 1942; x_wconf 89' lang='lat' dir='ltr'>suis</span> <span class='ocrx_word' id='word_1_103' title='bbox 1017 1869 1052 1944; x_wconf 90' lang='lat' dir='ltr'>et</span> <span class='ocrx_word' id='word_1_104' title='bbox 1078 1867 1252 1943; x_wconf 92' lang='lat' dir='ltr'>nonnullis</span> <span class='ocrx_word' id='word_1_105' title='bbox 1279 1866 1492 1960; x_wconf 80' lang='lat' dir='ltr'>Teutonicis,</span> <span class='ocrx_word' id='word_1_106' title='bbox 1520 1867 1713 1944; x_wconf 79' lang='lat' dir='ltr'>dracouiam</span> 
     </span>
     <span class='ocr_line' id='line_1_12' title="bbox 152 1986 1712 2086; baseline 0.001 -25"><span class='ocrx_word' id='word_1_107' title='bbox 152 1986 300 2062; x_wconf 88' lang='lat' dir='ltr'>accedit.</span> <span class='ocrx_word' id='word_1_108' title='bbox 347 1989 503 2079; x_wconf 86' lang='lat' dir='ltr'>Dumque</span> <span class='ocrx_word' id='word_1_109' title='bbox 540 1986 644 2064; x_wconf 88' lang='lat' dir='ltr'>castri</span> <span class='ocrx_word' id='word_1_110' title='bbox 680 1987 902 2064; x_wconf 86' lang='lat' dir='ltr'>munitionem</span> <span class='ocrx_word' id='word_1_111' title='bbox 937 2013 1004 2064; x_wconf 91' lang='lat' dir='ltr'>non</span> <span class='ocrx_word' id='word_1_112' title='bbox 1042 1991 1154 2084; x_wconf 91' lang='lat' dir='ltr'>posset</span> <span class='ocrx_word' id='word_1_113' title='bbox 1180 2011 1389 2086; x_wconf 89' lang='lat' dir='ltr'>expugnare,</span> <span class='ocrx_word' id='word_1_114' title='bbox 1426 1989 1601 2064; x_wconf 79' lang='lat' dir='ltr'>Ouuradus</span> <span class='ocrx_word' id='word_1_115' title='bbox 1636 2012 1712 2065; x_wconf 91' lang='lat' dir='ltr'>cum</span> 
     </span>
     <span class='ocr_line' id='line_1_13' title="bbox 153 2108 1712 2210; baseline 0.004 -28"><span class='ocrx_word' id='word_1_116' title='bbox 153 2108 314 2184; x_wconf 88' lang='lat' dir='ltr'>exercitu</span> <span class='ocrx_word' id='word_1_117' title='bbox 334 2109 497 2185; x_wconf 51' lang='lat' dir='ltr'>¹validiori</span> <span class='ocrx_word' id='word_1_118' title='bbox 524 2110 739 2205; x_wconf 88' lang='lat' dir='ltr'>supervenit:</span> <span class='ocrx_word' id='word_1_119' title='bbox 768 2133 843 2186; x_wconf 92' lang='lat' dir='ltr'>cum</span> <span class='ocrx_word' id='word_1_120' title='bbox 870 2133 936 2205; x_wconf 90' lang='lat' dir='ltr'>quo</span> <span class='ocrx_word' id='word_1_121' title='bbox 963 2135 1030 2187; x_wconf 91' lang='lat' dir='ltr'>non</span> <span class='ocrx_word' id='word_1_122' title='bbox 1050 2134 1151 2187; x_wconf 82' lang='lat' dir='ltr'>ausus</span> <span class='ocrx_word' id='word_1_123' title='bbox 1170 2133 1333 2210; x_wconf 88' lang='lat' dir='ltr'>pugnare,</span> <span class='ocrx_word' id='word_1_124' title='bbox 1363 2111 1511 2204; x_wconf 76' lang='lat' dir='ltr'>redemit,</span> <span class='ocrx_word' id='word_1_125' title='bbox 1541 2112 1712 2188; x_wconf 82' lang='lat' dir='ltr'>clemente</span> 
     </span>
     <span class='ocr_line' id='line_1_14' title="bbox 153 2230 805 2326; baseline 0.006 -21"><span class='ocrx_word' id='word_1_126' title='bbox 153 2230 314 2326; x_wconf 87' lang='lat' dir='ltr'>palatino</span> <span class='ocrx_word' id='word_1_127' title='bbox 341 2231 378 2306; x_wconf 92' lang='lat' dir='ltr'>in</span> <span class='ocrx_word' id='word_1_128' title='bbox 404 2233 516 2310; x_wconf 89' lang='lat' dir='ltr'>castro</span> <span class='ocrx_word' id='word_1_129' title='bbox 543 2232 649 2308; x_wconf 88' lang='lat' dir='ltr'>Skala</span> <span class='ocrx_word' id='word_1_130' title='bbox 674 2232 805 2310; x_wconf 89' lang='lat' dir='ltr'>relicto.</span> 
     </span>
    </p>
   </div>
   <div class='ocr_carea' id='block_1_3' title="bbox 577 2557 1260 2712">
    <p class='ocr_par' dir='ltr' id='par_1_3' title="bbox 577 2557 1260 2712">
     <span class='ocr_line' id='line_1_15' title="bbox 577 2557 1260 2712; baseline 0 -4"><span class='ocrx_word' id='word_1_131' title='bbox 577 2557 821 2710; x_wconf 71' lang='lat' dir='ltr'>&#39;lusus</span> <span class='ocrx_word' id='word_1_132' title='bbox 856 2595 1083 2710; x_wconf 86' lang='lat' dir='ltr'>nourru</span> <span class='ocrx_word' id='word_1_133' title='bbox 1121 2595 1260 2712; x_wconf 78' lang='lat' dir='ltr'>rana.</span> 
     </span>
    </p>
   </div>
   <div class='ocr_carea' id='block_1_4' title="bbox 86 2844 1713 3287">
    <p class='ocr_par' dir='ltr' id='par_1_4' title="bbox 86 2844 1713 3287">
     <span class='ocr_line' id='line_1_16' title="bbox 86 2844 1709 2942; baseline 0.001 -22"><span class='ocrx_word' id='word_1_134' title='bbox 86 2861 91 2868; x_wconf 86' lang='lat'>·</span> <span class='ocrx_word' id='word_1_135' title='bbox 154 2844 328 2920; x_wconf 71' lang='lat' dir='ltr'>aureola</span> <span class='ocrx_word' id='word_1_136' title='bbox 355 2847 435 2936; x_wconf 70' lang='lat' dir='ltr'>ltux</span> <span class='ocrx_word' id='word_1_137' title='bbox 463 2849 560 2919; x_wconf 84' lang='lat' dir='ltr'>nacto</span> <span class='ocrx_word' id='word_1_138' title='bbox 597 2845 802 2920; x_wconf 75' lang='lat' dir='ltr'>cracoviensi</span> <span class='ocrx_word' id='word_1_139' title='bbox 839 2846 982 2939; x_wconf 87' lang='lat' dir='ltr'>imperio,</span> <span class='ocrx_word' id='word_1_140' title='bbox 1019 2845 1215 2921; x_wconf 78' lang='lat' dir='ltr'>donarium</span> <span class='ocrx_word' id='word_1_141' title='bbox 1251 2847 1284 2920; x_wconf 90' lang='lat' dir='ltr'>io</span> <span class='ocrx_word' id='word_1_142' title='bbox 1310 2847 1450 2921; x_wconf 81' lang='lat' dir='ltr'>iolcum</span> <span class='ocrx_word' id='word_1_143' title='bbox 1485 2865 1560 2921; x_wconf 81' lang='lat' dir='ltr'>esre</span> <span class='ocrx_word' id='word_1_144' title='bbox 1592 2849 1709 2942; x_wconf 81' lang='lat' dir='ltr'>coepit</span> 
     </span>
     <span class='ocr_line' id='line_1_17' title="bbox 156 2968 1712 3070; baseline 0 -28"><span class='ocrx_word' id='word_1_145' title='bbox 156 2969 312 3060; x_wconf 71' lang='lat' dir='ltr'>oppressi</span> <span class='ocrx_word' id='word_1_146' title='bbox 338 2969 450 3042; x_wconf 78' lang='lat' dir='ltr'>Pelori</span> <span class='ocrx_word' id='word_1_147' title='bbox 477 2969 664 3042; x_wconf 84' lang='lat' dir='ltr'>liolealarun</span> <span class='ocrx_word' id='word_1_148' title='bbox 690 2968 843 3042; x_wconf 76' lang='lat' dir='ltr'>ludicen</span> <span class='ocrx_word' id='word_1_149' title='bbox 869 2969 989 3041; x_wconf 74' lang='lat' dir='ltr'>Ducem</span> <span class='ocrx_word' id='word_1_150' title='bbox 1015 2987 1110 3042; x_wconf 85' lang='grc' dir='ltr'><strong>ιιιι</strong></span> <span class='ocrx_word' id='word_1_151' title='bbox 1138 2969 1284 3042; x_wconf 77' lang='lat' dir='ltr'>dimissis</span> <span class='ocrx_word' id='word_1_152' title='bbox 1311 2969 1433 3060; x_wconf 83' lang='lat' dir='ltr'>legatia</span> <span class='ocrx_word' id='word_1_153' title='bbox 1453 2969 1641 3070; x_wconf 71' lang='lat' dir='ltr'>vinquirunt:</span> <span class='ocrx_word' id='word_1_154' title='bbox 1668 2970 1712 3042; x_wconf 81' lang='lat' dir='ltr'>in·</span> 
     </span>
     <span class='ocr_line' id='line_1_18' title="bbox 98 3089 1713 3196; baseline 0.002 -34"><span class='ocrx_word' id='word_1_155' title='bbox 98 3154 102 3162; x_wconf 89' lang='lat'>.</span> <span class='ocrx_word' id='word_1_156' title='bbox 153 3091 255 3166; x_wconf 76' lang='lat' dir='ltr'>uun</span> <span class='ocrx_word' id='word_1_157' title='bbox 283 3089 450 3165; x_wconf 78' lang='lat' dir='ltr'>decretus</span> <span class='ocrx_word' id='word_1_158' title='bbox 477 3093 622 3165; x_wconf 77' lang='lat' dir='ltr'>curun</span> <span class='ocrx_word' id='word_1_159' title='bbox 649 3090 748 3166; x_wconf 78' lang='lat' dir='ltr'>skale</span> <span class='ocrx_word' id='word_1_160' title='bbox 775 3091 876 3165; x_wconf 85' lang='lat' dir='ltr'>ctiam</span> <span class='ocrx_word' id='word_1_161' title='bbox 903 3095 1079 3183; x_wconf 78' lang='lat' dir='ltr'>expugnat,</span> <span class='ocrx_word' id='word_1_162' title='bbox 1106 3109 1146 3166; x_wconf 91' lang='lat' dir='ltr'>ac</span> <span class='ocrx_word' id='word_1_163' title='bbox 1172 3093 1268 3166; x_wconf 84' lang='lat' dir='ltr'>reim</span> <span class='ocrx_word' id='word_1_164' title='bbox 1286 3091 1467 3186; x_wconf 78' lang='lat' dir='ltr'>dispesitis,</span> <span class='ocrx_word' id='word_1_165' title='bbox 1485 3093 1518 3164; x_wconf 84' lang='lat' dir='ltr'>in</span> <span class='ocrx_word' id='word_1_166' title='bbox 1536 3091 1713 3196; x_wconf 78' lang='grc' dir='ltr'><strong>Ιιιιιίιι</strong></span> 
     </span>
     <span class='ocr_line' id='line_1_19' title="bbox 849 3213 1030 3287; baseline 0.006 -1"><span class='ocrx_word' id='word_1_167' title='bbox 849 3213 1030 3287; x_wconf 75' lang='lat' dir='ltr'>recentior.</span> 
     </span>
    </p>
   </div>
   <div class='ocr_carea' id='block_1_5' title="bbox 155 3455 1712 3675">
    <p class='ocr_par' dir='ltr' id='par_1_5' title="bbox 155 3455 1712 3675">
     <span class='ocr_line' id='line_1_20' title="bbox 264 3455 1712 3552; baseline 0.001 -19"><span class='ocrx_word' id='word_1_168' title='bbox 264 3456 512 3533; x_wconf 86' lang='lat' dir='ltr'>Possessionern</span> <span class='ocrx_word' id='word_1_169' title='bbox 542 3457 679 3552; x_wconf 90' lang='lat' dir='ltr'>plenam</span> <span class='ocrx_word' id='word_1_170' title='bbox 706 3455 946 3548; x_wconf 81' lang='lat' dir='ltr'>Orccovicnsis,</span> <span class='ocrx_word' id='word_1_171' title='bbox 985 3455 1269 3532; x_wconf 84' lang='lat' dir='ltr'>Sandomiriensis</span> <span class='ocrx_word' id='word_1_172' title='bbox 1295 3458 1330 3532; x_wconf 89' lang='lat' dir='ltr'>ct</span> <span class='ocrx_word' id='word_1_173' title='bbox 1356 3456 1574 3534; x_wconf 84' lang='lat' dir='ltr'>Lublinensis</span> <span class='ocrx_word' id='word_1_174' title='bbox 1601 3460 1712 3534; x_wconf 89' lang='lat' dir='ltr'>Duca-</span> 
     </span>
     <span class='ocr_line' id='line_1_21' title="bbox 155 3578 1711 3675; baseline 0 -21"><span class='ocrx_word' id='word_1_175' title='bbox 155 3583 258 3654; x_wconf 91' lang='lat' dir='ltr'>tuum</span> <span class='ocrx_word' id='word_1_176' title='bbox 284 3580 458 3655; x_wconf 80' lang='lat' dir='ltr'>Gunradus</span> <span class='ocrx_word' id='word_1_177' title='bbox 483 3578 651 3655; x_wconf 85' lang='lat' dir='ltr'>llasouiae</span> <span class='ocrx_word' id='word_1_178' title='bbox 680 3581 715 3654; x_wconf 90' lang='lat' dir='ltr'>et</span> <span class='ocrx_word' id='word_1_179' title='bbox 741 3579 908 3675; x_wconf 77' lang='lat' dir='ltr'>[lupariae</span> <span class='ocrx_word' id='word_1_180' title='bbox 926 3580 1005 3653; x_wconf 90' lang='lat' dir='ltr'>Dux</span> <span class='ocrx_word' id='word_1_181' title='bbox 1032 3579 1164 3670; x_wconf 90' lang='lat' dir='ltr'>nactus,</span> <span class='ocrx_word' id='word_1_182' title='bbox 1193 3600 1313 3673; x_wconf 85' lang='lat' dir='ltr'>graves</span> <span class='ocrx_word' id='word_1_183' title='bbox 1340 3579 1433 3656; x_wconf 93' lang='lat' dir='ltr'>illico</span> <span class='ocrx_word' id='word_1_184' title='bbox 1456 3579 1621 3657; x_wconf 85' lang='lat' dir='ltr'>uniuersis</span> <span class='ocrx_word' id='word_1_185' title='bbox 1648 3579 1711 3654; x_wconf 92' lang='lat' dir='ltr'>im·</span> 
     </span>
    </p>
   </div>
   <div class='ocr_carea' id='block_1_6' title="bbox 155 3699 1841 3798">
    <p class='ocr_par' dir='ltr' id='par_1_6' title="bbox 155 3699 1841 3798">
     <span class='ocr_line' id='line_1_22' title="bbox 155 3699 1841 3798; baseline -0.001 -20"><span class='ocrx_word' id='word_1_186' title='bbox 155 3703 257 3798; x_wconf 90' lang='lat' dir='ltr'>ponit</span> <span class='ocrx_word' id='word_1_187' title='bbox 282 3701 487 3793; x_wconf 88' lang='lat' dir='ltr'>exactiones,</span> <span class='ocrx_word' id='word_1_188' title='bbox 515 3723 639 3794; x_wconf 89' lang='lat' dir='ltr'>easque</span> <span class='ocrx_word' id='word_1_189' title='bbox 666 3702 702 3777; x_wconf 88' lang='lat' dir='ltr'>ot</span> <span class='ocrx_word' id='word_1_190' title='bbox 728 3723 788 3796; x_wconf 88' lang='lat' dir='ltr'>per</span> <span class='ocrx_word' id='word_1_191' title='bbox 815 3723 851 3775; x_wconf 89' lang='lat' dir='ltr'>se</span> <span class='ocrx_word' id='word_1_192' title='bbox 879 3704 914 3776; x_wconf 90' lang='lat' dir='ltr'>et</span> <span class='ocrx_word' id='word_1_193' title='bbox 940 3724 1000 3796; x_wconf 91' lang='lat' dir='ltr'>per</span> <span class='ocrx_word' id='word_1_194' title='bbox 1027 3699 1191 3778; x_wconf 84' lang='lat' dir='ltr'>officiales</span> <span class='ocrx_word' id='word_1_195' title='bbox 1223 3723 1262 3776; x_wconf 89' lang='lat' dir='ltr'>ac</span> <span class='ocrx_word' id='word_1_196' title='bbox 1288 3702 1477 3796; x_wconf 85' lang='lat' dir='ltr'>praefectos</span> <span class='ocrx_word' id='word_1_197' title='bbox 1504 3723 1592 3794; x_wconf 89' lang='lat' dir='ltr'>suos,</span> <span class='ocrx_word' id='word_1_198' title='bbox 1622 3701 1713 3778; x_wconf 89' lang='lat' dir='ltr'>omni</span> <span class='ocrx_word' id='word_1_199' title='bbox 1837 3785 1841 3793; x_wconf 87' lang='lat'><em>.</em></span> 
     </span>
    </p>
   </div>
   <div class='ocr_carea' id='block_1_7' title="bbox 58 3822 1715 5384">
    <p class='ocr_par' dir='ltr' id='par_1_7' title="bbox 58 3822 1715 5384">
     <span class='ocr_line' id='line_1_23' title="bbox 58 3822 1712 3920; baseline 0.001 -23"><span class='ocrx_word' id='word_1_200' title='bbox 58 3855 63 3860; x_wconf 94' lang='lat'>·</span> <span class='ocrx_word' id='word_1_201' title='bbox 156 3823 375 3899; x_wconf 89' lang='lat' dir='ltr'>miseratione</span> <span class='ocrx_word' id='word_1_202' title='bbox 410 3824 579 3918; x_wconf 89' lang='lat' dir='ltr'>neglecta,</span> <span class='ocrx_word' id='word_1_203' title='bbox 617 3822 729 3918; x_wconf 84' lang='lat' dir='ltr'>exigit</span> <span class='ocrx_word' id='word_1_204' title='bbox 755 3825 790 3899; x_wconf 92' lang='lat' dir='ltr'>et</span> <span class='ocrx_word' id='word_1_205' title='bbox 816 3824 1008 3916; x_wconf 82' lang='lat' dir='ltr'>extorquet,</span> <span class='ocrx_word' id='word_1_206' title='bbox 1048 3825 1083 3897; x_wconf 93' lang='lat' dir='ltr'>et</span> <span class='ocrx_word' id='word_1_207' title='bbox 1109 3846 1176 3898; x_wconf 92' lang='lat' dir='ltr'>non</span> <span class='ocrx_word' id='word_1_208' title='bbox 1204 3823 1313 3898; x_wconf 90' lang='lat' dir='ltr'>solum</span> <span class='ocrx_word' id='word_1_209' title='bbox 1339 3823 1428 3899; x_wconf 86' lang='lat' dir='ltr'>ciues</span> <span class='ocrx_word' id='word_1_210' title='bbox 1453 3825 1489 3899; x_wconf 91' lang='lat' dir='ltr'>et</span> <span class='ocrx_word' id='word_1_211' title='bbox 1515 3823 1712 3920; x_wconf 87' lang='lat' dir='ltr'>oppidanos,</span> 
     </span>
     <span class='ocr_line' id='line_1_24' title="bbox 157 3944 1712 4041; baseline -0.001 -19"><span class='ocrx_word' id='word_1_212' title='bbox 157 3949 381 4041; x_wconf 81' lang='lat' dir='ltr'>agrestesque</span> <span class='ocrx_word' id='word_1_213' title='bbox 407 3947 552 4036; x_wconf 90' lang='lat' dir='ltr'>colonos,</span> <span class='ocrx_word' id='word_1_214' title='bbox 581 3946 639 4020; x_wconf 89' lang='lat' dir='ltr'>sed</span> <span class='ocrx_word' id='word_1_215' title='bbox 666 3947 702 4020; x_wconf 89' lang='lat' dir='ltr'>et</span> <span class='ocrx_word' id='word_1_216' title='bbox 728 3946 866 4038; x_wconf 89' lang='lat' dir='ltr'>clerum,</span> <span class='ocrx_word' id='word_1_217' title='bbox 883 3945 1078 4037; x_wconf 90' lang='lat' dir='ltr'>militesque</span> <span class='ocrx_word' id='word_1_218' title='bbox 1105 3945 1255 4021; x_wconf 89' lang='lat' dir='ltr'>insolitis</span> <span class='ocrx_word' id='word_1_219' title='bbox 1281 3944 1378 4020; x_wconf 88' lang='lat' dir='ltr'>taliis</span> <span class='ocrx_word' id='word_1_220' title='bbox 1404 3947 1440 4021; x_wconf 91' lang='lat' dir='ltr'>et</span> <span class='ocrx_word' id='word_1_221' title='bbox 1465 3945 1605 4021; x_wconf 89' lang='lat' dir='ltr'>tributis</span> <span class='ocrx_word' id='word_1_222' title='bbox 1622 3945 1712 4021; x_wconf 84' lang='lat' dir='ltr'>aldi-</span> 
     </span>
     <span class='ocr_line' id='line_1_25' title="bbox 158 4051 1714 4164; baseline 0.001 -22"><span class='ocrx_word' id='word_1_223' title='bbox 158 4068 224 4163; x_wconf 91' lang='lat' dir='ltr'>git.</span> <span class='ocrx_word' id='word_1_224' title='bbox 253 4065 307 4142; x_wconf 80' lang='lat' dir='ltr'>lc</span> <span class='ocrx_word' id='word_1_225' title='bbox 321 4051 604 4143; x_wconf 47' lang='lat' dir='ltr'>&#39;aedificationem</span> <span class='ocrx_word' id='word_1_226' title='bbox 637 4089 769 4161; x_wconf 93' lang='lat' dir='ltr'>quoque</span> <span class='ocrx_word' id='word_1_227' title='bbox 795 4091 956 4143; x_wconf 85' lang='lat' dir='ltr'>nouorum</span> <span class='ocrx_word' id='word_1_228' title='bbox 983 4057 1169 4143; x_wconf 84' lang='lat' dir='ltr'>castrorum</span> <span class='ocrx_word' id='word_1_229' title='bbox 1196 4070 1232 4143; x_wconf 88' lang='lat' dir='ltr'>et</span> <span class='ocrx_word' id='word_1_230' title='bbox 1257 4067 1538 4144; x_wconf 86' lang='lat' dir='ltr'>instaurationem</span> <span class='ocrx_word' id='word_1_231' title='bbox 1561 4070 1714 4164; x_wconf 83' lang='lat' dir='ltr'>ueterum</span> 
     </span>
     <span class='ocr_line' id='line_1_26' title="bbox 125 4188 1714 4285; baseline -0.001 -19"><span class='ocrx_word' id='word_1_232' title='bbox 125 4211 276 4267; x_wconf 80' lang='lat' dir='ltr'>omnes</span> <span class='ocrx_word' id='word_1_233' title='bbox 303 4189 429 4285; x_wconf 90' lang='lat' dir='ltr'>passim</span> <span class='ocrx_word' id='word_1_234' title='bbox 457 4188 618 4284; x_wconf 88' lang='lat' dir='ltr'>impellit,</span> <span class='ocrx_word' id='word_1_235' title='bbox 656 4193 752 4264; x_wconf 90' lang='lat' dir='ltr'>ratus</span> <span class='ocrx_word' id='word_1_236' title='bbox 779 4189 1032 4285; x_wconf 88' lang='lat' dir='ltr'>occupationem</span> <span class='ocrx_word' id='word_1_237' title='bbox 1059 4191 1289 4285; x_wconf 87' lang='lat' dir='ltr'>praefatorum</span> <span class='ocrx_word' id='word_1_238' title='bbox 1315 4191 1507 4266; x_wconf 88' lang='lat' dir='ltr'>Ducatuum</span> <span class='ocrx_word' id='word_1_239' title='bbox 1523 4190 1552 4285; x_wconf 80' lang='lat'>²)</span> <span class='ocrx_word' id='word_1_240' title='bbox 1578 4190 1714 4265; x_wconf 90' lang='lat' dir='ltr'>nonnisi</span> 
     </span>
     <span class='ocr_line' id='line_1_27' title="bbox 157 4311 1713 4408; baseline 0.001 -22"><span class='ocrx_word' id='word_1_241' title='bbox 157 4335 218 4407; x_wconf 90' lang='lat' dir='ltr'>per</span> <span class='ocrx_word' id='word_1_242' title='bbox 247 4311 458 4387; x_wconf 90' lang='lat' dir='ltr'>subditorum</span> <span class='ocrx_word' id='word_1_243' title='bbox 486 4313 544 4404; x_wconf 88' lang='lat' dir='ltr'>(ne</span> <span class='ocrx_word' id='word_1_244' title='bbox 562 4313 604 4386; x_wconf 89' lang='lat' dir='ltr'>ad</span> <span class='ocrx_word' id='word_1_245' title='bbox 621 4311 867 4388; x_wconf 88' lang='lat' dir='ltr'>calcitrandurn</span> <span class='ocrx_word' id='word_1_246' title='bbox 895 4317 1166 4408; x_wconf 86' lang='lat' dir='ltr'>prorumperent)</span> <span class='ocrx_word' id='word_1_247' title='bbox 1193 4311 1411 4387; x_wconf 85' lang='lat' dir='ltr'>afflictionem</span> <span class='ocrx_word' id='word_1_248' title='bbox 1438 4314 1473 4387; x_wconf 91' lang='lat' dir='ltr'>et</span> <span class='ocrx_word' id='word_1_249' title='bbox 1500 4311 1713 4408; x_wconf 77' lang='lat' dir='ltr'>tyrannidem</span> 
     </span>
     <span class='ocr_line' id='line_1_28' title="bbox 159 4433 1715 4530; baseline -0.001 -21"><span class='ocrx_word' id='word_1_250' title='bbox 159 4434 227 4509; x_wconf 90' lang='lat' dir='ltr'>sibi</span> <span class='ocrx_word' id='word_1_251' title='bbox 255 4455 352 4528; x_wconf 89' lang='lat' dir='ltr'>posse</span> <span class='ocrx_word' id='word_1_252' title='bbox 379 4433 454 4509; x_wconf 88' lang='lat' dir='ltr'>fieri</span> <span class='ocrx_word' id='word_1_253' title='bbox 480 4433 689 4509; x_wconf 90' lang='lat' dir='ltr'>diuturnam.</span> <span class='ocrx_word' id='word_1_254' title='bbox 718 4435 930 4528; x_wconf 76' lang='lat' dir='ltr'>Quapropter</span> <span class='ocrx_word' id='word_1_255' title='bbox 957 4433 1152 4510; x_wconf 84' lang='lat' dir='ltr'>uociferatio</span> <span class='ocrx_word' id='word_1_256' title='bbox 1179 4435 1215 4509; x_wconf 89' lang='lat' dir='ltr'>et</span> <span class='ocrx_word' id='word_1_257' title='bbox 1241 4435 1367 4510; x_wconf 89' lang='lat' dir='ltr'>clamor</span> <span class='ocrx_word' id='word_1_258' title='bbox 1394 4433 1634 4510; x_wconf 90' lang='lat' dir='ltr'>tribulatorum</span> <span class='ocrx_word' id='word_1_259' title='bbox 1653 4457 1715 4530; x_wconf 89' lang='lat' dir='ltr'>per</span> 
     </span>
     <span class='ocr_line' id='line_1_29' title="bbox 160 4555 1713 4651; baseline 0.001 -20"><span class='ocrx_word' id='word_1_260' title='bbox 160 4556 302 4650; x_wconf 90' lang='lat' dir='ltr'>singula</span> <span class='ocrx_word' id='word_1_261' title='bbox 328 4556 403 4631; x_wconf 92' lang='lat' dir='ltr'>loca</span> <span class='ocrx_word' id='word_1_262' title='bbox 429 4555 642 4648; x_wconf 90' lang='lat' dir='ltr'>audiebatur,</span> <span class='ocrx_word' id='word_1_263' title='bbox 671 4555 886 4648; x_wconf 87' lang='lat' dir='ltr'>querentium</span> <span class='ocrx_word' id='word_1_264' title='bbox 913 4577 950 4631; x_wconf 90' lang='lat' dir='ltr'>se</span> <span class='ocrx_word' id='word_1_265' title='bbox 976 4559 1053 4651; x_wconf 93' lang='lat' dir='ltr'>post</span> <span class='ocrx_word' id='word_1_266' title='bbox 1080 4555 1308 4631; x_wconf 90' lang='lat' dir='ltr'>miserabilem</span> <span class='ocrx_word' id='word_1_267' title='bbox 1334 4555 1559 4632; x_wconf 85' lang='lat' dir='ltr'>uastationem</span> <span class='ocrx_word' id='word_1_268' title='bbox 1585 4558 1621 4632; x_wconf 90' lang='lat' dir='ltr'>et</span> <span class='ocrx_word' id='word_1_269' title='bbox 1638 4577 1713 4633; x_wconf 88' lang='lat' dir='ltr'>cce·</span> 
     </span>
     <span class='ocr_line' id='line_1_30' title="bbox 159 4677 1715 4774; baseline 0 -21"><span class='ocrx_word' id='word_1_270' title='bbox 159 4679 248 4769; x_wconf 90' lang='lat' dir='ltr'>dem,</span> <span class='ocrx_word' id='word_1_271' title='bbox 279 4679 357 4773; x_wconf 91' lang='lat' dir='ltr'>post</span> <span class='ocrx_word' id='word_1_272' title='bbox 383 4677 497 4754; x_wconf 90' lang='lat' dir='ltr'>clades</span> <span class='ocrx_word' id='word_1_273' title='bbox 523 4679 560 4754; x_wconf 87' lang='lat' dir='ltr'>et</span> <span class='ocrx_word' id='word_1_274' title='bbox 585 4680 719 4774; x_wconf 87' lang='lat' dir='ltr'>strages</span> <span class='ocrx_word' id='word_1_275' title='bbox 746 4679 942 4770; x_wconf 85' lang='lat' dir='ltr'>frequentes</span> <span class='ocrx_word' id='word_1_276' title='bbox 970 4700 1030 4772; x_wconf 92' lang='lat' dir='ltr'>per</span> <span class='ocrx_word' id='word_1_277' title='bbox 1056 4678 1242 4753; x_wconf 88' lang='lat' dir='ltr'>&#39;l&#39;hartaros</span> <span class='ocrx_word' id='word_1_278' title='bbox 1269 4677 1389 4770; x_wconf 85' lang='lat' dir='ltr'>iactas,</span> <span class='ocrx_word' id='word_1_279' title='bbox 1426 4677 1652 4754; x_wconf 88' lang='lat' dir='ltr'>miserabilius</span> <span class='ocrx_word' id='word_1_280' title='bbox 1679 4680 1715 4754; x_wconf 90' lang='lat' dir='ltr'>et</span> 
     </span>
     <span class='ocr_line' id='line_1_31' title="bbox 158 4797 1713 4897; baseline 0 -21"><span class='ocrx_word' id='word_1_281' title='bbox 158 4797 394 4876; x_wconf 85' lang='lat' dir='ltr'>calamitosius</span> <span class='ocrx_word' id='word_1_282' title='bbox 413 4821 441 4874; x_wconf 88' lang='lat' dir='ltr'>a</span> <span class='ocrx_word' id='word_1_283' title='bbox 467 4799 613 4894; x_wconf 90' lang='lat' dir='ltr'>propriis</span> <span class='ocrx_word' id='word_1_284' title='bbox 640 4799 786 4896; x_wconf 93' lang='lat' dir='ltr'>opprimi</span> <span class='ocrx_word' id='word_1_285' title='bbox 813 4802 848 4876; x_wconf 89' lang='lat' dir='ltr'>et</span> <span class='ocrx_word' id='word_1_286' title='bbox 875 4799 1028 4896; x_wconf 82' lang='lat' dir='ltr'>grauari3</span> <span class='ocrx_word' id='word_1_287' title='bbox 1057 4799 1220 4894; x_wconf 88' lang='lat' dir='ltr'>missique</span> <span class='ocrx_word' id='word_1_288' title='bbox 1246 4801 1419 4894; x_wconf 89' lang='lat' dir='ltr'>extemplo</span> <span class='ocrx_word' id='word_1_289' title='bbox 1446 4801 1482 4875; x_wconf 94' lang='lat' dir='ltr'>in</span> <span class='ocrx_word' id='word_1_290' title='bbox 1500 4801 1713 4897; x_wconf 88' lang='lat' dir='ltr'>Hungariam</span> 
     </span>
     <span class='ocr_line' id='line_1_32' title="bbox 158 4921 1712 5017; baseline 0.001 -21"><span class='ocrx_word' id='word_1_291' title='bbox 158 4925 194 4996; x_wconf 90' lang='lat' dir='ltr'>et</span> <span class='ocrx_word' id='word_1_292' title='bbox 222 4921 408 4997; x_wconf 83' lang='lat' dir='ltr'>llorauiam</span> <span class='ocrx_word' id='word_1_293' title='bbox 440 4921 548 4997; x_wconf 91' lang='lat' dir='ltr'>crebri</span> <span class='ocrx_word' id='word_1_294' title='bbox 585 4922 826 5017; x_wconf 87' lang='lat' dir='ltr'>perquisitores</span> <span class='ocrx_word' id='word_1_295' title='bbox 853 4925 888 4998; x_wconf 91' lang='lat' dir='ltr'>et</span> <span class='ocrx_word' id='word_1_296' title='bbox 915 4922 1040 5015; x_wconf 89' lang='lat' dir='ltr'>nuntii,</span> <span class='ocrx_word' id='word_1_297' title='bbox 1079 4922 1138 5016; x_wconf 91' lang='lat' dir='ltr'>qui</span> <span class='ocrx_word' id='word_1_298' title='bbox 1165 4923 1361 4997; x_wconf 91' lang='lat' dir='ltr'>Boleslaum</span> <span class='ocrx_word' id='word_1_299' title='bbox 1388 4922 1550 4998; x_wconf 90' lang='lat' dir='ltr'>Pudicum</span> <span class='ocrx_word' id='word_1_300' title='bbox 1586 4925 1712 5000; x_wconf 90' lang='lat' dir='ltr'>Ducem</span> 
     </span>
     <span class='ocr_line' id='line_1_33' title="bbox 159 5041 1714 5140; baseline 0.001 -21"><span class='ocrx_word' id='word_1_301' title='bbox 159 5041 415 5119; x_wconf 79' lang='lat' dir='ltr'>Gracoviensem</span> <span class='ocrx_word' id='word_1_302' title='bbox 441 5045 477 5119; x_wconf 90' lang='lat' dir='ltr'>et</span> <span class='ocrx_word' id='word_1_303' title='bbox 503 5043 809 5121; x_wconf 86' lang='lat' dir='ltr'>Sandomiriensem</span> <span class='ocrx_word' id='word_1_304' title='bbox 836 5045 1023 5140; x_wconf 88' lang='lat' dir='ltr'>reperirent</span> <span class='ocrx_word' id='word_1_305' title='bbox 1050 5047 1086 5119; x_wconf 92' lang='lat' dir='ltr'>et</span> <span class='ocrx_word' id='word_1_306' title='bbox 1112 5046 1282 5140; x_wconf 91' lang='lat' dir='ltr'>repertum</span> <span class='ocrx_word' id='word_1_307' title='bbox 1319 5045 1528 5136; x_wconf 90' lang='lat' dir='ltr'>reducerent,</span> <span class='ocrx_word' id='word_1_308' title='bbox 1565 5045 1714 5121; x_wconf 86' lang='lat' dir='ltr'>afflictae</span> 
     </span>
     <span class='ocr_line' id='line_1_34' title="bbox 161 5163 1713 5262; baseline 0.002 -23"><span class='ocrx_word' id='word_1_309' title='bbox 161 5168 197 5239; x_wconf 91' lang='lat' dir='ltr'>et</span> <span class='ocrx_word' id='word_1_310' title='bbox 224 5185 405 5259; x_wconf 90' lang='lat' dir='ltr'>oppressae</span> <span class='ocrx_word' id='word_1_311' title='bbox 431 5163 669 5260; x_wconf 86' lang='lat' dir='ltr'>multipliciter</span> <span class='ocrx_word' id='word_1_312' title='bbox 697 5165 830 5262; x_wconf 91' lang='lat' dir='ltr'>patriae</span> <span class='ocrx_word' id='word_1_313' title='bbox 864 5168 1117 5242; x_wconf 81' lang='lat' dir='ltr'>subventurum.</span> <span class='ocrx_word' id='word_1_314' title='bbox 1163 5165 1308 5241; x_wconf 92' lang='lat' dir='ltr'>Interim</span> <span class='ocrx_word' id='word_1_315' title='bbox 1335 5189 1412 5242; x_wconf 88' lang='lat' dir='ltr'>uero</span> <span class='ocrx_word' id='word_1_316' title='bbox 1438 5165 1612 5241; x_wconf 78' lang='lat' dir='ltr'>Ounradus</span> <span class='ocrx_word' id='word_1_317' title='bbox 1638 5165 1713 5262; x_wconf 88' lang='lat' dir='ltr'>ipse</span> 
     </span>
     <span class='ocr_line' id='line_1_35' title="bbox 160 5287 1713 5384; baseline 0.003 -24"><span class='ocrx_word' id='word_1_318' title='bbox 160 5287 241 5361; x_wconf 90' lang='lat' dir='ltr'>Dux</span> <span class='ocrx_word' id='word_1_319' title='bbox 268 5287 418 5362; x_wconf 90' lang='lat' dir='ltr'>castrum</span> <span class='ocrx_word' id='word_1_320' title='bbox 445 5287 560 5379; x_wconf 85' lang='lat' dir='ltr'>Skala,</span> <span class='ocrx_word' id='word_1_321' title='bbox 599 5289 689 5382; x_wconf 92' lang='lat' dir='ltr'>quod</span> <span class='ocrx_word' id='word_1_322' title='bbox 724 5289 878 5366; x_wconf 80' lang='lat' dir='ltr'>dioneos</span> <span class='ocrx_word' id='word_1_323' title='bbox 913 5288 1087 5384; x_wconf 89' lang='lat' dir='ltr'>palatinus</span> <span class='ocrx_word' id='word_1_324' title='bbox 1113 5309 1189 5364; x_wconf 89' lang='lat' dir='ltr'>cum</span> <span class='ocrx_word' id='word_1_325' title='bbox 1215 5287 1287 5367; x_wconf 89' lang='lat' dir='ltr'>suis</span> <span class='ocrx_word' id='word_1_326' title='bbox 1315 5287 1527 5381; x_wconf 84' lang='lat' dir='ltr'>defendebat,</span> <span class='ocrx_word' id='word_1_327' title='bbox 1564 5287 1713 5365; x_wconf 89' lang='lat' dir='ltr'>obsidere</span> 
     </span>
    </p>
   </div>
   <div class='ocr_carea' id='block_1_8' title="bbox 269 5537 1375 5642">
    <p class='ocr_par' dir='ltr' id='par_1_8' title="bbox 269 5537 1375 5642">
     <span class='ocr_line' id='line_1_36' title="bbox 269 5537 1375 5642; baseline 0.001 -31"><span class='ocrx_word' id='word_1_328' title='bbox 269 5547 294 5634; x_wconf 83' lang='lat'>¹)</span> <span class='ocrx_word' id='word_1_329' title='bbox 317 5537 473 5634; x_wconf 82' lang='lat' dir='ltr'>genologia</span> <span class='ocrx_word' id='word_1_330' title='bbox 499 5549 569 5620; x_wconf 78' lang='lat' dir='ltr'>ecc.</span> <span class='ocrx_word' id='word_1_331' title='bbox 594 5548 667 5612; x_wconf 77' lang='lat' dir='ltr'>Aer.</span> <span class='ocrx_word' id='word_1_332' title='bbox 708 5549 734 5642; x_wconf 72' lang='lat'>²)</span> <span class='ocrx_word' id='word_1_333' title='bbox 758 5557 921 5624; x_wconf 73' lang='lat' dir='ltr'>castrorum</span> <span class='ocrx_word' id='word_1_334' title='bbox 944 5557 974 5614; x_wconf 91' lang='lat' dir='ltr'>et</span> <span class='ocrx_word' id='word_1_335' title='bbox 998 5550 1163 5623; x_wconf 76' lang='lat' dir='ltr'>Ducatuum</span> <span class='ocrx_word' id='word_1_336' title='bbox 1190 5549 1260 5624; x_wconf 77' lang='lat' dir='ltr'>Occi.</span> <span class='ocrx_word' id='word_1_337' title='bbox 1283 5551 1375 5620; x_wconf 72' lang='lat' dir='ltr'>Rosr.</span> 
     </span>
    </p>
   </div>
   <div class='ocr_carea' id='block_1_9' title="bbox 0 0 2081 6292">
    <p class='ocr_par' dir='ltr' id='par_1_9' title="bbox 0 0 2081 6292">
     <span class='ocr_line' id='line_1_37' title="bbox 0 0 2081 6292; baseline 0 0"><span class='ocrx_word' id='word_1_338' title='bbox 0 0 2081 6292; x_wconf 95' lang='lat' dir='ltr'> </span> 
     </span>
    </p>
   </div>
  </div>
 </body>
</html>
