4208 6282
146 531 203 634 (Α
223 531 269 615 Ι).
289 533 396 633 tn.)
752 561 1059 626 amnesamnes.
1450 615 1496 662 ·.
1621 543 1667 618 81
1817 499 1824 510 ί

247 749 415 845 Polowoay
442 771 480 825 ea
506 750 633 826 aestate
659 749 694 824 in
722 767 843 846 magna
869 750 1086 826 multitudine
1112 743 1288 846 glomerati
1313 750 1349 826 in
1375 751 1530 828 Russiam
1556 754 1673 827 eontra

144 870 248 965 Kyoa
274 871 466 963 adveniunt,
494 871 746 963 vastationeqne
771 858 924 968 longios,
951 891 1025 948 eum
1053 873 1290 969 repressionem
1318 897 1382 950 non
1409 873 1582 966 sentirent,
1610 895 1670 968 ex·

144 994 252 1084 tensa,
282 993 443 1088 plnrimos
470 993 662 1069 mortalium
688 993 864 1087 utriusque
889 1017 989 1070 sexus
1015 1015 1089 1070 oum
1117 997 1287 1090 peooriims
1313 1001 1348 1072 et
1374 997 1562 1093 pecudibus,
1594 1017 1671 1092 spo·

143 1114 266 1206 Iiisqne
293 1116 411 1190 multis
437 1115 622 1210 eaptirant.
649 1115 701 1191 Et
722 1117 800 1191 dum
828 1119 983 1212 praedam
1009 1119 1052 1192 ad
1069 1118 1258 1193 satietatem
1285 1137 1390 1212 usque
1416 1121 1547 1214 raptam
1572 1119 1670 1193 redo·

53 1223 55 1230 ’
144 1239 267 1328 nerent,
295 1239 336 1312 de
363 1239 519 1314 mandato
546 1239 635 1313 Hleb
661 1239 762 1313 Dubis
788 1239 987 1336 Kyoriensis
1013 1238 1182 1314 lIiohalko
1202 1241 1225 1335 ¹)
1255 1237 1359 1316 frater
1384 1263 1465 1316 suns
1490 1242 1568 1315 Iinox
1594 1259 1668 1314 oum

143 1357 375 1435 Ruthenoranr
411 1361 514 1456 eopiis
539 1384 595 1437 eos
622 1364 825 1456 persecutus,
860 1362 913 1436 bis
939 1385 1005 1438 nna
1031 1363 1085 1438 dio
1111 1383 1185 1438 enm
1212 1363 1283 1438 iilis
1309 1343 1470 1456 condixit,
1506 1365 1542 1439 ot
1565 1361 1670 1437 vietor

146 1473 179 1554 in
205 1484 347 1576 atroque
373 1504 553 1580 congressu
580 1484 731 1577 eradens,
768 1506 897 1562 omnem
925 1484 1095 1580 praedam,
1128 1507 1228 1578 quam
1254 1490 1422 1582 soporant,
1459 1485 1616 1561 liberavit
1629 1483 1669 1579 ²).

587 1845 791 1962 ANNUS
826 1845 1050 1962 DOMINI
1087 1845 1216 1963 1172.

142 2095 317 2190 inperator
343 2097 470 2172 maante
483 2043 675 2172 'Alexandro
701 2099 785 2192 Papa
812 2101 927 2188 tertio,
959 2099 1141 2174 snaoeasiro
1169 2103 1279 2172 eontra
1306 2117 1378 2172 enm
1404 2102 1472 2172 tros
1494 2088 1667 2192 lntipapaa

193 2219 382 2294 eonatitatt:
408 2237 502 2312 qaam
528 2211 704 2295 tloxmdar
730 2222 947 2298 anebontem
973 2227 1008 2297 ab
1033 2221 1247 2296 oaorreomn
1273 2225 1437 2314 promere
1462 2221 1616 2314 probibet.

244 2451 407 2538 'itorbatio
431 2461 599 2540 boolesiao
626 2462 688 2539 Dei
714 2465 829 2557 (quam
856 2481 898 2541 ex
925 2453 1081 2560 pestifero
1108 2462 1288 2539 schismate
1314 2461 1349 2538 in
1366 2461 1589 2558 superioribas
1615 2485 1667 2537 or-

6 2599 7 2608 ‘
139 2583 211 2657 tam
247 2585 522 2680 monstravimus)
556 2575 627 2661 iem
660 2585 927 2662 Christianitatis
961 2586 1135 2662 unirersae
1169 2585 1321 2682 regiones
1355 2584 1468 2678 armis,
1505 2585 1665 2675 cladibus,

139 2705 225 2780 odiis
251 2709 288 2782 et
312 2705 444 2784 bellicis
477 2707 674 2784 stridoribus
708 2709 891 2800 involvens,
928 2708 1128 2805 poraioatias
1154 2710 1254 2800 atque
1280 2707 1390 2804 magis
1425 2707 1532 2804 ignite
1558 2708 1667 2842 furore

137 2829 176 2903 et
200 2829 350 2923 grassari
376 2829 496 2925 eoepit,
532 2830 701 2906 Friderioo
728 2831 951 2907 Romanorum
978 2831 1182 2927 Imperatore
1212 2827 1386 2906 materiam
1412 2831 1447 2906 et
1472 2829 1670 2905 elimentum

137 2947 315 3027 schismati
342 2952 629 3028 subministrante
674 2953 762 3028 Nam
788 2953 853 3030 etsi
878 2952 1070 3044 botariano,
1107 2953 1164 3045 qui
1198 2975 1238 3029 se
1260 2951 1427 3028 Victorem
1462 2953 1668 3042 nominabat,

136 3075 287 3166 mortae,
312 3095 376 3170 pax
394 3075 562 3151 Ileolesiae
587 3077 785 3170 sperabatur
810 3076 913 3152 faoile
937 3077 1147 3172 permatura,
1175 3075 1361 3171 Imperator
1386 3067 1499 3150 bmen
1521 3071 1670 3150 mirari-

41 3233 50 3252 2
135 3215 197 3270 ens
224 3197 261 3269 in
288 3195 471 3272 alexandri
498 3199 612 3294 Papae
645 3197 737 3274 tertii
775 3199 965 3294 despectam
999 3189 1173 3274 schismati
1208 3201 1329 3294 suapte
1354 3191 1512 3276 defluenti
1528 3199 1532 3209 '
1548 3198 1582 3273 et
1607 3215 1669 3272 errd

136 3317 249 3394 timeto
284 3339 387 3394 noras
422 3319 509 3396 vires
542 3319 682 3412 adieeit,
719 3322 754 3396 et
788 3321 823 3395 in
849 3322 958 3396 loonm
993 3319 1165 3396 botariani
1199 3318 1384 3398 (tetdonem
1418 3317 1670 3414 cremensem’)

134 3441 377 3537 Presbyterum
403 3441 624 3534 OardInelem,
662 3441 720 3534 qui
747 3465 782 3517 se
811 3443 1008 3520 Paschalem
1022 3441 1052 3538 4)
1077 3442 1281 3536 nominabat,
1309 3443 1417 3538 qtl0⁵)
1444 3445 1583 3533 mortno,
1611 3441 1667 3515 loa

133 3562 286 3638 hannem
313 3553 525 3640 bremensem
544 3564 777 3660 Presbyterum
800 3565 1023 3658 cardinalem,
1051 3565 1108 3659 qui
1135 3587 1169 3641 so
1195 3565 1358 3641 balistam
1380 3561 1574 3662 appellarit
1602 3587 1666 3656 quo

130 3684 298 3761 similitor
323 3689 492 3782 perarante,
520 3685 719 3791 qemun-⁶)
747 3687 947 3779 laudonem,
983 3686 1041 3782 qui
1067 3709 1103 3763 so
1128 3679 1361 3764 lnnooontiun
1389 3687 1564 3779 rooitabat,
1592 3705 1668 3760 sare

129 3808 291 3903 rogabat.
324 3807 513 3884 Alexander
540 3811 651 3884 autem
677 3811 768 3905 Papa
794 3809 829 3884 in
857 3809 979 3886 (talliis
1004 3809 1190 3885 consistens
1202 3809 1241 3904 7),
1269 3812 1340 3885 tom
1366 3808 1570 3884 Friderieom
1596 3809 1669 3880 Imd

129 3931 324 4026 perstarem
350 3932 387 4006 et
411 3951 488 4006 suos
523 3930 559 4006 in
593 3931 768 4027 Papateb
803 3933 1006 4009 adversarios
1032 3934 1067 4009 et
1092 3927 1340 4025 contendentes,
1371 3933 1406 4006 et
1420 3931 1450 4026 ⁹)
1474 3951 1586 4006 omnes
1612 3927 1672 4002 illi·

129 4051 370 4145 adhaerentee,
403 4053 497 4129 reiut
522 4075 620 4129 aeros
646 4055 680 4128 et
706 4055 879 4149 legitimos
905 4053 1030 4128 illinisti
1055 4050 1208 4131 Vioarius
1232 4053 1327 4150 grati
1352 4053 1564 4130 anathemate
1590 4070 1664 4147 per-

128 4175 291 4266 bellabat,
320 4173 501 4270 prohibens
525 4173 693 4254 Friderioo
719 4176 950 4252 aoiritatibus
975 4177 1098 4253 Italiae
1124 4175 1345 4253 obedientiam
1370 4174 1555 4272 praestari:
1583 4195 1667 4265 qne·

127 4299 275 4393 propter
299 4296 453 4374 civitates
479 4297 601 4373 Italiae
627 4301 744 4394 suapte
766 4297 806 4394 ¹⁰)
837 4299 1004 4375 Friderioo
1031 4301 1071 4374 ob
1097 4299 1169 4375 eius
1204 4298 1388 4396 tyranidem
1424 4298 1587 4388 intensas,
1612 4319 1664 4372 re-

130 4419 282 4495 bellione
309 4419 410 4512 faeta,
432 4419 590 4515 gravibros
615 4420 715 4495 bellis
740 4421 978 4516 Imperatorem
1006 4421 1210 4499 briderioun
1236 4422 1489 4514 oonquassbant.
1517 4419 1663 4494 Frideri-

126 4563 189 4619 ons
210 4541 328 4617 antem
354 4541 540 4638 Imperator
557 4541 623 4617 iarn
641 4566 707 4618 non
727 4543 769 4638 ¹¹)
795 4543 916 4620 Italiae
942 4543 1145 4637 civitatibus,
1174 4565 1273 4639 quam
1298 4545 1500 4619 l'mneorum
1517 4541 1559 4637 ¹⁹)
1577 4541 1665 4636 Regi

125 4663 320 4759 Ludoyigo,
348 4663 442 4739 ouius
467 4664 605 4757 auxilio,
645 4665 842 4759 armentoque
876 4662 1066 4744 Alexander
1097 4665 1191 4762 Papa
1222 4667 1446 4772 roborabatnr,
1483 4664 1600 4754 iratus,
1629 4664 1665 4738 in

125 4785 271 4863 Gallias
296 4786 479 4863 exereitum
514 4787 734 4863 Bohemorum
760 4789 796 4864 et
821 4789 984 4864 Daoorum
1010 4788 1141 4864 solatiis
1161 4787 1203 4883 18)
1230 4769 1571 4878 οοο)ιιιο,Ὓοοηοίοο
1597 4785 1663 4862 eo-

111 4915 239 5005 ‘gnum
283 4909 491 4984 desolaturus
530 4909 705 5005 promovit.
758 4909 817 4985 Oai
857 4911 1049 5006 Ludorigns
1089 4903 1253 4988 aneiae
1288 4911 1366 4988 Rex
1401 4903 1507 5004 Regis
1541 4903 1665 4983 ilenri-

240 5115 267 5195 1)
288 5107 435 5180 mmmm
458 5107 516 5181 Ed.
537 5114 630 5181 Βοῦν.
668 5117 853 5198 'litterario
873 5125 904 5179 et
925 5135 989 5180 eam
1012 5119 1140 5180 exercita
1166 5133 1220 5180 sno
1240 5120 1392 5180 incolumis
1412 5119 1442 5178 in
1464 5117 1596 5180 Penaslam
1617 5129 1668 5177 ιοο·Ι

123 5239 233 5285 versus
258 5227 314 5282 est
342 5220 413 5282 Ood.
436 5223 526 5283 Reor.
564 5219 591 5300 8)
613 5223 796 5284 Fremensem
827 5223 885 5286 Ed.
907 5224 999 5284 Βοῦν.
1038 5219 1064 5302 ⁴)
1087 5223 1230 5284 GaIIxtnm
1256 5223 1314 5284 Ed.
1336 5223 1430 5282 Dobr.
1469 5219 1496 5300 ὖ)
1517 5239 1574 5296 quo
1595 5223 1666 5282 Item

128 5325 203 5391 soa.
237 5327 335 5388 Rom.
373 5321 538 5404 bardan
567 5327 626 5388 Ed
656 5323 749 5388 Dobr.
789 5325 966 5406 ⁷)existens
997 5325 1067 5389 (iod.
1098 5329 1188 5390 Reor.
1226 5323 1447 5406 prosatorem
1478 5325 1549 5388 σοι).
1572 5327 1664 5388 Beer.

126 5430 157 5514 ’)
180 5447 274 5509 qnam
301 5429 372 5492 Ood.
395 5431 485 5494 Rom.
529 5429 569 5510 ¹⁰)
591 5449 644 5494 sua
666 5439 768 5508 sponte
794 5427 863 5497 eod.
891 5435 981 5498 Rota.
1019 5431 1058 5512 11)
1080 5447 1137 5494 non
1159 5439 1218 5494 tarn
1247 5433 1305 5496 Ed.
1327 5433 1421 5494 Dobr.
1462 5429 1504 5511 ιε)
1523 5432 1665 5493 Freneiae

126 5539 188 5601 Ed.
211 5535 314 5600 Βοῦν.
355 5531 395 5616 ¹³)
417 5537 533 5598 auxiliis
558 5533 629 5600 (iod.
651 5537 741 5602 Rom.

177 5657 202 5706 J.
215 5656 312 5714 Dium.
326 5654 410 5700 aaaron
424 5656 501 5700 Pelea.
516 5655 542 5700 Β.
555 5655 587 5702 11.
1480 5662 1509 5713 11
