4140 6298
488 1661 792 1833 LIBER
855 1662 1372 1836 SEPTIMUS.

608 2207 817 2324 ANNUS
852 2209 1079 2326 DOMINI
1114 2210 1246 2328 1241.

148 2475 298 2552 mnan
325 2477 446 2550 horto
473 2477 610 2569 neuen,
636 2479 802 2554 Paionia·
819 2480 986 2554 celeninae
1004 2481 1152 2572 ingressi,
1180 2497 1252 2554 aun
1279 2481 1444 2558 latissima
1469 2485 1618 2558 aurunt:
1637 2484 1704 2576 qui·

149 2600 211 2672 iu
228 2599 365 2674 tandcn
381 2599 591 2674 'tudinium
618 2602 784 2694 babitans
802 2603 1026 2678 cracoviensis
1045 2602 1131 2695 eund
1148 2604 1262 2678 sitin
1279 2605 1404 2679 durnin
1424 2623 1604 2696 occnnann,
1622 2607 1702 2678 iicet

1 2731 2 2814 ξ
150 2723 190 2794 ni
208 2721 413 2814 maritata·
441 2741 575 2796 uuonan
602 2723 792 2798 detineant
817 2743 953 2817 promus
978 2727 1106 2800 ninom
1124 2727 1309 2817 idumeum,
1337 2747 1400 2800 nnn
1419 2728 1627 2802 mediocribus
1643 2731 1705 2800 ter·

150 2843 235 2919 dtas
263 2848 299 2918 st
325 2845 465 2920 attritos
492 2846 606 2920 cedere
632 2850 745 2922 tamon
772 2848 900 2940 congtt;
936 2849 991 2940 qni
1018 2852 1136 2940 nosue
1162 2849 1313 2942 tunninio
1340 2851 1374 2922 in
1399 2851 1520 2922 bussio
1549 2850 1704 2938 exercitu,

151 2967 292 3042 nomam
319 2967 503 3059 redeuntes,
530 2969 712 3061 naintinun
739 2969 825 3062 apud
852 2970 1022 3062 annuntii
1048 2971 1132 3063 insit
1158 2989 1272 3044 nunsns
1298 2976 1519 3046 nocumentum
1546 2976 1580 3046 et
1598 2971 1705 3044 tonis·

497 3091 580 3166 aine
607 3095 812 3185 ornantem,
840 3109 903 3168 aaa
930 3092 1141 3168 multitudino
1168 3093 1362 3186 coadunant.

148 3329 233 3530 P
233 3451 412 3528 reuocatus
438 3453 723 3530 clementissimus
749 3457 785 3530 at
811 3454 960 3550 optimus
987 3457 1078 3531 Deus
1105 3456 1307 3532 Polonorum
1338 3455 1445 3532 foedis
1471 3455 1644 3552 spurcitiis
1670 3459 1705 3532 et

149 3573 276 3670 impiis,
305 3577 569 3672 execrandisque
602 3577 820 3670 facinoribus,
848 3579 971 3672 quibus
1002 3581 1120 3654 contra
1146 3601 1242 3654 suam
1269 3578 1481 3656 maiestatem
1509 3603 1570 3674 pen
1595 3579 1704 3674 pluri·

149 3719 221 3772 mae
257 3695 465 3789 iniustitias,
502 3698 703 3794 iniquitates
738 3701 773 3775 et
810 3703 935 3776 abusus
971 3701 1230 3796 praevaricando
1265 3700 1489 3793 deliquerant,
1527 3701 1705 3778 suscitavit
1837 3717 1856 3750 r

148 3819 393 3898 'l'bartanorum
420 3821 562 3898 ferocem
589 3825 624 3897 ot
650 3825 836 3898 barbaranu.
865 3825 1001 3918 gentem
1037 3825 1155 3925 contra
1181 3822 1272 3896 ilios.
1318 3823 1364 3896 Iit
1392 3823 1455 3916 qui
1478 3822 1705 3918 cucumeribus

149 3941 259 4033 cunis,
288 3945 351 4018 aut
376 3945 516 4036 exteris,
546 3945 606 4018 unt
633 3944 827 4020 domesticis
845 3947 879 4020 et
901 3946 1058 4021 ciuilibus
1084 3944 1186 4020 bellis
1213 3963 1328 4020 corum
1355 3943 1479 4020 delicta
1505 3943 1703 4038 castigarat,

149 4063 253 4140 solita
279 4066 538 4142 mansuetudine
565 4069 600 4142 et
627 4067 756 4162 pietate
782 4070 900 4143 contra
926 4089 1100 4164 percussos
1126 4068 1161 4142 et
1187 4067 1441 4142 contemnentes
1466 4067 1509 4142 ad
1533 4084 1705 4160 percusso-

148 4207 218 4262 rem
246 4185 431 4281 benignum
458 4188 620 4280 conuerti,
657 4189 758 4264 fontis
785 4189 1032 4284 indignationis
1060 4211 1141 4264 suae
1168 4211 1359 4263 mucronem
1386 4187 1543 4280 uibrauit,
1573 4187 1704 4282 granis·

148 4307 232 4386 sime
259 4330 296 4384 ee
322 4310 525 4386 Polonorum
551 4311 879 4408 transgressionibus
906 4313 1069 4387 offensum
1098 4310 1291 4405 designans,
1320 4311 1399 4386 dum
1419 4309 1504 4385 iram
1523 4331 1619 4384 suam
1638 4333 1704 4384 uon

148 4432 254 4524 poete,
283 4453 350 4506 non
378 4433 477 4525 fumo,
506 4457 573 4508 nou
600 4433 842 4510 catholicorum
869 4434 1043 4508 bominum
1070 4433 1273 4523 hostilitate,
1302 4433 1361 4506 sed
1383 4433 1601 4508 barbarorum
1629 4454 1705 4526 pcr-

149 4551 244 4627 misit
270 4553 441 4630 desaevire
468 4554 502 4630 in
531 4556 675 4631 Polonos
702 4555 794 4632 nobie
820 4557 855 4630 et
883 4556 1069 4632 ferocitate.
1116 4556 1230 4650 Bathy
1257 4553 1422 4646 siqnidem
1449 4553 1703 4643 Thortaronnnn,

149 4696 193 4748 ex
218 4697 286 4766 quo
312 4676 470 4771 Regnum
496 4701 610 4753 eorum
636 4679 792 4754 exortum
819 4681 893 4754 crat
912 4678 947 4772 ¹),
976 4677 1099 4753 tertius
1126 4677 1213 4768 Rex,
1251 4675 1415 4771 plurimis
1437 4676 1569 4770 Regnis
1595 4676 1705 4750 orien-

148 4796 272 4872 talium
297 4799 333 4874 at
358 4799 512 4894 Regibus
538 4802 641 4894 atone
667 4800 823 4898 tyrannis
851 4823 965 4875 corunn
992 4799 1195 4894 subiugatis,
1220 4785 1328 4892 'supra
1361 4799 1507 4890 modum,
1536 4820 1706 4892 supraque

149 4919 417 4997 aestimationem
444 4924 480 4997 ct
506 4944 613 5018 spem,
641 4924 712 4997 tarn
740 4921 960 4998 multitudine
987 4921 1142 5016 gentium
1161 4919 1430 5016 subiugatarum,
1459 4941 1567 5012 quam.
1587 4919 1705 5012 opibus

150 5043 280 5135 suctus,
309 5045 406 5137 qnasi
434 5044 532 5120 sedes
559 5044 742 5120 orientales
769 5044 834 5120 sibi
861 5047 897 5119 et
924 5045 1048 5139 populo
1075 5041 1275 5118 Thartarico
1311 5043 1480 5138 angustae
1515 5043 1639 5131 essunt,
1669 5039 1704 5112 in

152 5163 364 5242 Occidentem
391 5168 427 5242 et
445 5169 560 5263 partes
586 5167 738 5242 boreales
765 5189 858 5240 arnna
884 5166 999 5257 uertit,
1027 5187 1167 5261 sperans
1194 5187 1231 5240 se
1257 5167 1331 5239 tum
1357 5165 1495 5258 propter
1512 5162 1707 5236 innumeras

2 5317 3 5398 3
151 5288 304 5380 gentium
331 5289 543 5385 propriorum
570 5291 606 5366 ot
624 5289 748 5366 solatio
762 5289 790 5384 ⁴²)
817 5286 1042 5382 terentiana
1068 5286 1193 5383 copiae,
1222 5287 1297 5361 tum
1315 5287 1451 5382 propter
1464 5283 1706 5360 catholicorum

2 5626 7 5710 t

256 5553 283 5636 ¹)
302 5572 344 5616 cx
358 5554 521 5631 duo'regno
537 5559 657 5616 exortus
673 5558 738 5616 erat
761 5553 821 5618 Ed.
836 5554 925 5630 bopo.
948 5549 1099 5632 beamus
1124 5551 1196 5612 cod.
1219 5550 1312 5612 Roas.
1343 5545 1373 5628 θ)
1388 5546 1516 5610 ferentia
1534 5544 1605 5610 cos.
1629 5544 1703 5608 Act.

198 5689 608 5744 animm-ammianum
1514 5675 1548 5720 aa
