4162 6288
400 517 477 590 422
1005 540 1116 618 amun
1143 541 1336 594 annuamus.
1669 479 1754 616 Ν(Α.
1776 523 1823 599 D.
1842 524 1949 619 1271.)
2051 603 2054 608 .

400 727 464 814 set,
496 725 637 798 moritur
677 727 711 799 et
739 723 774 798 in
801 725 1077 800 Wladislavieusi
1114 728 1255 802 ecclesia
1290 729 1465 823 sepelitur.
1510 731 1571 805 Oui
1606 729 1769 807 Albertus
1804 734 1951 808 decanus

400 845 705 938 WladislaviensiS,
734 847 941 922 concorditer
967 849 1103 940 electra,
1136 849 1260 924 nobilis
1287 851 1327 926 de
1354 853 1450 926 domo
1477 855 1512 928 et
1539 853 1670 929 familia
1697 855 1855 930 Perstina
1879 855 1950 931 sive

399 968 601 1066 Wyenyevva
620 969 654 1063 ¹),
683 967 841 1060 succedit,
871 991 930 1063 per
956 969 1156 1064 Gregorium
1182 970 1346 1046 decimum
1368 972 1533 1067 provisus.

399 1339 518 1412 Paulus
545 1340 716 1431 episcopua
743 1341 965 1414 cracoviensis
1000 1343 1087 1415 vitro
1124 1345 1272 1435 exemplo
1308 1345 1432 1432 maluo,
1469 1343 1648 1418 divinornm
1675 1347 1710 1416 ot
1736 1344 1949 1418 lammam·

399 1463 506 1552 logum
534 1465 744 1552 conbmptor,
773 1481 828 1552 por
854 1463 983 1536 bttlam
1011 1467 1045 1536 ct
1072 1465 1247 1556 zcgotbam
1275 1465 1314 1538 do
1341 1466 1441 1538 armis
1468 1465 1655 1556 bipennium
1682 1465 1818 1556 capitur,
1845 1469 1880 1537 et
1907 1465 1950 1537 ad

399 1581 581 1654 sororiano
609 1585 753 1655 castrum
780 1587 937 1674 portatur,
974 1585 1110 1677 indeque
1137 1585 1279 1658 omissus
1307 1605 1362 1676 por
1389 1585 1612 1674 concordiam,
1643 1585 1822 1676 castigatis
1849 1587 1949 1677 capti

541 1704 710 1779 actoribus
737 1708 914 1795 almagno
941 1723 1044 1796 poena
1070 1724 1125 1796 por
1151 1707 1335 1778 Boleslaum
1361 1707 1478 1778 bucam
1506 1706 1658 1798 episeopo
1685 1707 1805 1780 soluta

502 1943 555 2020 Ad
583 1945 723 2020 illicitos
749 1948 785 2020 st
810 1946 929 2037 statui,
952 1945 1157 2038 culminique
1185 1945 1372 2041 pontificali
1400 1946 1554 2021 adversos
1571 1948 1706 2038 abusus,
1721 1947 1850 2022 Paulus
1868 1947 1949 2021 Gra·

398 2067 561 2144 covieusis
587 2066 764 2160 episcopus
791 2066 973 2160 episcopali
1000 2067 1170 2161 gravitate
1197 2068 1410 2162 pessumdata,
1448 2089 1638 2157 conversus,
1675 2066 1849 2142 lasciviam
1878 2068 1947 2161 pri·

398 2211 488 2262 mum
516 2190 551 2263 et
577 2189 769 2282 voluptates
795 2190 956 2279 sectatus,
985 2188 1234 2263 sanctimoniali
1262 2189 1407 2281 quadam
1433 2211 1476 2264 ax
1502 2187 1630 2282 Lepide
1657 2189 1802 2264 Sanctae
1819 2189 1948 2263 Mariae

396 2308 561 2385 violenter
597 2311 769 2384 abstracta
804 2332 863 2403 pro
894 2309 1079 2385 concubina
1113 2311 1325 2400 abutebatur,
1363 2291 1532 2384 violentus
1559 2309 1696 2384 undem
1723 2312 1758 2384 et
1784 2309 1948 2384 intolera-

397 2430 476 2505 bilis
503 2429 647 2504 subditis
667 2432 702 2503 ot
720 2429 851 2520 vicinis,
879 2429 1030 2524 Principi
1056 2452 1133 2505 uero
1160 2451 1220 2504 sno
1246 2431 1402 2505 Boleslao
1430 2429 1555 2504 Pudice
1580 2429 1789 2506 Gracoviensi
1809 2432 1844 2504 et
1862 2431 1948 2504 San·

251 2591 286 2636 ,·
396 2550 590 2626 demiriensi
616 2550 701 2626 Duci
729 2553 763 2626 ot
789 2549 922 2626 iudiciis
949 2554 1131 2626 contumax
1158 2553 1193 2625 et
1219 2551 1367 2642 rebellis,
1404 2551 1558 2626 assiduus
1585 2551 1621 2624 in
1648 2551 1744 2626 silvis
1770 2534 1948 2627 amando

396 2671 590 2749 venationes
605 2671 644 2766 ²),
673 2694 769 2746 rarus
796 2671 832 2744 in
858 2671 1060 2748 ecclesiast
1086 2671 1206 2764 officio,
1235 2671 1383 2748 divinam
1411 2673 1446 2746 et
1477 2673 1660 2747 humanam
1686 2673 1805 2748 eontra
1829 2693 1866 2747 se
1892 2673 1947 2746 ul·

396 2793 524 2870 tionem
550 2795 763 2888 provocabat.
808 2794 927 2886 Neque
953 2793 1061 2868 solum
1098 2816 1173 2868 cum
1209 2792 1410 2870 adversariis
1436 2793 1540 2870 Ducis
1566 2792 1725 2868 Poloniao
1751 2793 1946 2884 baronibus,

397 2915 456 2990 sed
481 2916 517 2990 et
543 2937 620 2992 cum
646 2913 826 2990 Lithuanis
853 2916 887 2988 at
914 2915 1076 3005 barbaris,
1105 2914 1279 2992 connubiis
1298 2917 1333 2990 et
1351 2914 1529 2990 affinitate·
1548 2914 1613 2990 sibi
1639 2913 1852 3006 allicelaotis,
1881 2936 1947 3006 qno

397 3037 556 3112 Maerens
583 3038 707 3112 Ducem
734 3038 768 3110 et
795 3037 889 3132 leges
914 3037 1010 3110 tutus
1037 3039 1072 3112 et
1098 3036 1246 3132 impunis
1273 3035 1480 3127 consisteret,
1509 3035 1635 3112 sentire
1661 3035 1783 3129 coepit
1811 3036 1945 3112 Gonsis·

391 3159 524 3232 tentem
560 3157 660 3230 illum
696 3156 732 3231 in
759 3156 843 3231 villa
869 3157 1052 3252 episcopali
1079 3159 1114 3231 et
1140 3157 1233 3232 curia
1259 3157 1401 3248 Kumovv,
1429 3159 1465 3232 et
1491 3157 1562 3231 tam
1589 3155 1769 3232 salutifera
1782 3154 1812 3249 ³)
1839 3155 1946 3230 moni-

396 3281 434 3352 ta
459 3277 563 3354 Ducis
590 3277 737 3352 Boleslai
756 3279 791 3353 et
809 3278 1036 3372 praelatorum
1064 3277 1363 3371 canonicorumque
1389 3276 1675 3368 cracoviensium,
1703 3298 1805 3369 quam
1831 3277 1946 3370 legum

396 3400 431 3474 et
458 3398 656 3474 iudiciorum
683 3399 768 3474 scita
794 3400 1074 3489 contemnentem,
1112 3397 1177 3472 duo
1211 3397 1376 3474 militares
1411 3399 1517 3472 Ottha
1543 3401 1578 3474 et
1603 3399 1757 3492 Zegotha
1782 3397 1825 3471 do
1851 3397 1946 3472 domo

391 3519 600 3613 Bipemnium
628 3519 816 3610 (coruscione
833 3522 861 3613 ⁴)
888 3523 922 3594 et
950 3521 1131 3594 mandante
1157 3521 1250 3593 Duce
1277 3519 1433 3594 Boleslao
1460 3519 1595 3610 Pudice,
1632 3542 1676 3592 an
1703 3517 1835 3592 iniussu
1861 3517 1945 3606 eius,

396 3642 560 3716 incertum
588 3644 654 3734 est)
690 3639 853 3736 aggressi,
893 3639 1078 3734 captivant,
1117 3641 1152 3715 et
1187 3641 1286 3715 rebus
1313 3639 1384 3714 suis
1411 3639 1499 3715 inter
1526 3662 1562 3714 se
1588 3638 1736 3734 partitis,
1773 3637 1946 3733 captivum

395 3761 587 3855 episcopum
616 3761 650 3835 in
678 3761 869 3836 Siradiense
909 3763 1056 3836 castrum
1094 3784 1153 3855 per
1179 3761 1285 3836 silvas
1311 3763 1347 3837 et
1373 3782 1519 3852 memora,
1556 3759 1750 3850 amicornm,
1787 3761 1944 3846 fratrum,

396 3881 718 3975 consanguineorum
746 3883 780 3955 ct
807 3882 1027 3956 familiarium
1064 3881 1221 3976 episcopi,
1259 3881 1327 3956 vim
1354 3885 1390 3956 et
1416 3880 1653 3956 adversitatem
1688 3879 1799 3970 veriti,
1832 3882 1944 3954 trans-

397 4004 552 4094 pontaut:
594 4002 651 4076 ubi
679 4025 699 4076 a
725 4003 816 4076 Duce
843 4004 1012 4078 Lestkone
1038 4003 1146 4096 Nigro
1173 4002 1358 4078 Siradieusi
1376 4005 1412 4076 et
1430 4002 1502 4076 eius
1528 4000 1729 4076 officialibus
1755 4005 1944 4093 susceptus,

396 4125 458 4196 sub
485 4123 627 4210 honesta
653 4123 805 4198 custodia
830 4123 984 4218 captivus
1011 4145 1124 4198 menso
1152 4124 1284 4218 integro
1311 4123 1537 4199 detinebatur.
1564 4122 1658 4216 Quod
1685 4121 1844 4197 maiorem
1870 4141 1945 4195 sus-

397 4243 560 4337 picionem
587 4246 622 4318 et
649 4243 874 4318 coniecturam
902 4244 936 4316 in
964 4245 1157 4318 Boleslaum
1184 4245 1348 4319 Pudicum
1375 4243 1484 4334 auxit,
1513 4243 1722 4338 captivitatis
1741 4241 1946 4336 pontificalis

397 4365 507 4459 ipsum
535 4364 640 4440 fnisse
667 4367 848 4455 auctorem,
886 4387 961 4439 cum
987 4366 1113 4440 Lestko
1139 4364 1246 4460 Niger
1272 4364 1474 4440 Siradionsis
1513 4367 1592 4439 Dux
1628 4385 1735 4457 noque
1772 4366 1943 4457 suscepto·

395 4507 478 4576 rem,
507 4507 614 4578 neque
641 4487 885 4560 observatorem
918 4507 953 4560 se
981 4485 1118 4580 captivi,
1156 4485 1224 4560 nisi
1259 4487 1468 4561 voluntatem
1505 4484 1608 4560 Ducis
1643 4483 1792 4559 Boleslai
1827 4483 1945 4559 Pudici

395 4605 571 4680 habuisset
597 4606 820 4700 exploratam,
858 4606 1097 4701 praestitisset.
1143 4605 1385 4701 Captivitatem
1416 4604 1511 4680 illius
1537 4605 1713 4680 Ianussius
1739 4604 1945 4683 Gnmnensis

395 4725 684 4821 archiepiscopus,
713 4729 753 4801 ut
779 4749 841 4821 par
867 4729 959 4818 erat,
988 4727 1194 4818 detestatus,
1232 4749 1364 4803 omnem
1395 4727 1622 4803 Gnesnensem
1649 4725 1856 4821 provinciam
1891 4747 1943 4801 ec·

394 4845 584 4923 clesiastioo
601 4846 627 4941 ⁵)
663 4847 843 4922 interdicto
876 4847 1031 4924 subiecit.
1077 4849 1128 4922 Ea
1154 4847 1355 4924 necessitate
1381 4849 1416 4924 et
1443 4846 1574 4942 probris
1610 4847 1810 4942 populorum
1845 4847 1942 4920 Bole-
2061 4843 2066 4864 '

395 4968 487 5042 olaus
514 4967 661 5045 Pudious
696 4968 922 5044 cracoviensis
956 4971 992 5044 et
1018 4967 1299 5044 SardemirIensis
1334 4969 1413 5043 Dux
1448 4969 1599 5059 affectus,
1636 4967 1781 5042 Paulum
1817 4967 1942 5062 episco-

395 5111 476 5184 pum
503 5111 524 5164 a
549 5088 748 5184 captivitate
775 5089 888 5180 solvit,
917 5090 951 5165 et
977 5089 1013 5164 in
1040 5088 1304 5184 Quadragesima
1330 5111 1406 5166 cum
1432 5088 1493 5164 illo
1521 5110 1580 5183 per
1606 5087 1805 5163 mediatores
1830 5090 1866 5163 et
1891 5109 1943 5162 ar·

505 5363 529 5442 ¹)
551 5365 712 5428 Wieniavva
734 5365 794 5426 Ed.
815 5365 905 5442 Lipa.
939 5363 968 5444 ⁹)
990 5367 1021 5426 in
1051 5367 1132 5428 silvis
1148 5367 1352 5428 venationibus
1375 5381 1494 5441 operam
1516 5363 1612 5426 dando
1637 5361 1709 5428 flod.
1731 5363 1825 5425 Roar.
1856 5359 1942 5441 ⁸bsa-

398 5469 507 5531 lutaria
528 5469 587 5538 Ed.
612 5469 699 5554 Lipa.
738 5464 765 5555 ⁴)
789 5470 991 5541 consentiente
1018 5467 1088 5537 (lod.
1111 5471 1205 5539 Reor.
1245 5465 1271 5556 ὓ)
1295 5470 1496 5537 ecclesiastico
1518 5468 1595 5532 dccet
1616 5469 1652 5533 ta
1676 5464 1747 5530 coc.
1768 5464 1843 5535 Aut
