4172 6278
383 529 456 606 162
1011 553 1123 608 amna
1149 552 1302 609 annuns.
1662 526 1724 627 (Α.
1744 529 1791 608 Β.
1809 528 1934 629 1202.)

381 740 537 818 molestia
562 743 598 817 et
624 743 736 818 doloro
763 762 800 817 se
826 763 971 834 querens
998 745 1160 818 baronum
1186 740 1455 818 Gracouienaium
1482 741 1558 817 dolo
1584 741 1620 818 et
1642 740 1825 836 iniquitate
1850 763 1931 818 exu-

379 867 464 956 tum,
493 865 535 938 ad
563 863 781 958 repetendum
808 863 918 956 illum,
947 863 1098 941 animum
1125 865 1160 940 et
1187 863 1409 960 cogitationes
1436 862 1595 940 intendit.
1621 861 1799 940 Armorum
1818 865 1932 940 autem

379 985 445 1077 via,
475 986 568 1061 uelut
595 1007 681 1079 quae
708 986 835 1060 multas
862 1007 975 1061 secum
1001 984 1235 1077 difficultates,
1265 986 1444 1080 modosque
1470 987 1506 1062 et
1531 1007 1630 1062 casus
1656 985 1817 1063 fortuitos
1842 986 1931 1064 fere-

379 1108 448 1197 bat,
477 1106 611 1198 omissa,
640 1108 682 1181 ad
702 1107 915 1202 ingeniorum
934 1107 1034 1199 uiam,
1063 1108 1143 1202 plus
1161 1106 1334 1200 commodi,
1363 1107 1476 1183 minus
1503 1106 1673 1202 impensae
1690 1107 1885 1183 habituram
1896 1108 1931 1201 ¹),

278 1301 281 1306 .
380 1249 416 1302 se
442 1229 552 1302 totum
579 1228 757 1304 convertit.
785 1229 831 1303 Et
845 1231 1005 1304 baronum
1032 1229 1168 1322 quidem
1194 1228 1462 1306 (treocalensium
1489 1229 1704 1324 pertentatis,
1724 1229 1930 1325 exploratis-

376 1371 441 1442 que
468 1349 603 1440 animis,
641 1350 721 1424 dum
756 1349 828 1444 spei
856 1372 949 1441 suae,
985 1351 1138 1425 omnibus
1174 1349 1408 1446 Principatum
1443 1371 1542 1424 suum
1578 1351 1825 1442 execrantibus
1862 1371 1930 1424 non

377 1469 595 1564 responderet
630 1470 779 1562 effectus,
816 1470 858 1544 ad
893 1471 973 1544 nota
1008 1471 1044 1544 ot
1079 1469 1163 1544 trita
1189 1469 1277 1545 redit
1312 1469 1461 1565 ingenia,
1498 1472 1534 1545 et
1559 1469 1736 1545 Ducissam
1762 1471 1929 1546 Helenam

322 1601 326 1607 “
375 1591 555 1665 Lestkonis
581 1593 616 1666 et
643 1590 788 1666 (lauradi
824 1592 978 1681 matrem,
1017 1590 1180 1664 Karimiri
1217 1590 1334 1666 fratris
1365 1590 1531 1682 relictam,
1568 1591 1800 1668 blandioribus
1827 1613 1929 1682 quam

376 1713 456 1787 ante
483 1711 639 1787 conuenit
674 1711 894 1787 sermonibus.
941 1713 987 1785 Et
1013 1711 1159 1806 primum
1187 1712 1322 1804 quidem
1350 1711 1551 1807 suspicionis
1587 1712 1718 1788 lacinus
1744 1735 1788 1789 ex
1813 1714 1927 1786 trans·

375 1833 548 1927 gressione
583 1832 705 1928 prioris
741 1833 904 1924 foederis,
934 1835 1100 1926 quantum
1126 1834 1231 1924 valet,
1259 1835 1434 1924 extenuet,
1472 1833 1592 1910 deinde
1628 1833 1826 1910 muliebrem
1852 1834 1926 1908 ani-

376 1975 467 2028 mum
494 1954 714 2048 amplissimis
733 1954 1010 2049 pmmissionibus
1031 1957 1169 2030 onerat:
1197 1957 1271 2030 Non
1299 1977 1343 2030 ex
1369 1977 1433 2046 me,
1461 1955 1585 2048 inquit,
1613 1957 1689 2050 glos
1715 1955 1925 2044 merissima,

374 2075 519 2150 foederis
547 2075 724 2151 internos
751 2076 810 2150 icti
838 2075 1045 2152 conditiones
1072 2079 1172 2172 putes
1198 2078 1371 2173 neglectas
1398 2079 1459 2151 ant
1491 2077 1637 2152 uiolatus
1662 2099 1745 2167 esse,
1773 2077 1817 2152 ad
1841 2099 1926 2170 qua-

374 2217 449 2270 rom
476 2197 723 2272 observantiam
740 2197 768 2292 ²)
795 2197 954 2273 continuo
981 2198 1113 2274 ferebar
1134 2200 1169 2274 et
1187 2220 1276 2274 nunc
1304 2199 1393 2274 feror
1418 2198 1546 2290 ardore,
1574 2199 1633 2274 sed
1658 2197 1926 2274 treocalensium
2033 2212 2040 2224 ·

375 2337 563 2411 procerum,
604 2319 692 2412 quod
718 2320 871 2396 seruatae
898 2321 934 2396 et
960 2319 1121 2416 impletae
1148 2343 1214 2395 non
1242 2320 1381 2412 fuerim,
1418 2319 1505 2395 scias
1540 2319 1720 2414 iniquitate
1755 2321 1923 2410 effoetum,

373 2438 432 2530 qui
459 2463 524 2515 nen
552 2439 707 2516 sinebant
734 2463 788 2516 me
814 2441 857 2516 ad
884 2441 1020 2516 illorum
1047 2442 1223 2536 procedere
1250 2441 1493 2518 executionem.
1521 2442 1591 2517 Nec
1617 2441 1687 2517 alia
1712 2443 1810 2517 extat
1830 2461 1925 2516 meae

372 2561 579 2636 exclusionis
605 2559 669 2656 ο)
695 2561 895 2657 Principatu
921 2563 1132 2638 cracoviensi
1159 2585 1270 2655 causa,
1308 2561 1376 2636 nisi
1402 2564 1490 2654 quod
1518 2585 1571 2638 me
1596 2563 1781 2656 senserant,
1809 2585 1924 2638 eorum

373 2682 524 2756 consiliis
550 2683 726 2778 neglectis,
755 2684 797 2757 ad
824 2686 1068 2760 obseruandum
1095 2684 1302 2760 conditiones
1328 2684 1364 2758 in
1391 2683 1523 2760 loedere
1549 2705 1724 2779 expressas
1750 2705 1923 2780 processu·

371 2825 457 2878 rum.
503 2803 605 2878 Fides
631 2803 748 2896 itaque
774 2827 849 2882 mea
874 2808 910 2881 et
936 2805 1155 2881 iurisiurandi
1181 2806 1313 2901 religio,
1357 2807 1392 2880 in
1419 2809 1517 2881 tuum
1552 2808 1588 2882 et
1614 2806 1762 2883 liliorum
1787 2809 1923 2882 tuorum

371 2927 559 3020 profectum
595 2928 816 3021 perventura,
853 2950 906 3003 me
932 2928 1141 3004 (traeouiensi
1177 2928 1274 3004 exuit
1309 2927 1521 3024 Principatu.
1566 2928 1672 3024 Quam
1705 2927 1840 3022 quidem
1867 2928 1921 3002 in-

371 3046 503 3138 iuriam,
532 3047 596 3122 etsi
624 3069 687 3143 ego
714 3048 919 3144 patientius,
959 3071 1060 3142 quam
1095 3049 1179 3123 mihi
1214 3049 1425 3142 conueniret,
1463 3049 1621 3125 tulerim:
1657 3050 1834 3126 tatamen
1861 3070 1922 3145 pro

370 3167 516 3243 tiliorum
551 3171 686 3244 tuorum
713 3170 912 3262 commodis,
949 3193 1034 3262 quae
1065 3171 1290 3267 interceptum
1316 3173 1351 3244 et
1365 3175 1394 3265 ⁴)
1421 3172 1613 3267 neglectum
1639 3171 1683 3246 iri
1710 3170 1823 3264 uides,
1852 3195 1920 3247 non

369 3289 515 3365 arbitror
541 3313 648 3383 aequo
675 3291 787 3367 animo
813 3293 973 3368 laturam.
1015 3293 1065 3366 Ut
1091 3293 1204 3368 autem
1231 3293 1273 3366 de
1300 3315 1374 3368 mea
1400 3292 1437 3367 in
1463 3295 1499 3368 te
1525 3295 1561 3368 et
1587 3292 1675 3368 lilios
1700 3295 1788 3383 tuos,
1817 3311 1920 3388 nepo-

368 3413 421 3486 tes
448 3433 549 3504 meos,
577 3411 701 3489 certior
727 3411 979 3505 qualificatione
994 3413 1023 3508 6)
1048 3413 1189 3506 existas,
1217 3413 1449 3490 cuiauiensem
1476 3413 1683 3510 provinciam
1708 3413 1920 3490 etiamnunc

369 3533 437 3607 iam
464 3532 609 3630 resigno,
639 3535 680 3609 de
706 3542 812 3629 eaque
838 3535 929 3627 cedo,
967 3535 1150 3628 literaeque
1185 3537 1483 3630 quantumcunque
1517 3535 1671 3612 efficaces
1697 3535 1855 3627 uolueris,
1883 3535 1918 3610 in

368 3654 515 3731 filiorum
542 3658 677 3731 tuorum
703 3656 863 3750 fauorem,
892 3655 1125 3752 Principatnm
1143 3656 1193 3732 eie
1211 3657 1461 3734 Crotoniensem
1488 3681 1541 3734 me
1560 3658 1703 3734 obeunte
1729 3657 1917 3752 resignans,

367 3777 403 3850 et
430 3797 486 3851 eos
513 3775 714 3872 haeredes&
742 3775 935 3871 instituens,
973 3778 1091 3870 acribo,
1128 3777 1260 3870 tibique
1286 3781 1394 3854 trado.
1439 3779 1504 3853 His
1539 3779 1672 3855 Helena
1706 3778 1848 3855 Ducissa
1874 3778 1917 3852 li·

367 3897 525 3988 quefacta
551 3896 837 3992 promissionibus,
865 3899 1051 3995 lipecnslao
1079 3899 1157 3974 Seni
1173 3899 1202 3994 ⁷)
1229 3921 1265 3975 se
1292 3901 1332 3974 de
1350 3900 1558 3976 Graeouiensi
1584 3901 1717 3976 Ducatu
1735 3921 1915 3990 cessuram,

365 4017 396 4091 si
423 4017 603 4112 promissas
630 4018 836 4094 conditiones
863 4019 1010 4114 primum
1038 4020 1240 4115 impleverit,
1269 4021 1412 4117 obligat.
1452 4021 1576 4098 Verum
1603 4022 1812 4117 Myecaslaus
1838 4021 1917 4096 Dux

365 4139 504 4232 ueritus,
533 4163 576 4215 ne
604 4163 689 4216 nora
715 4140 777 4233 ris,
806 4161 958 4234 novaque
985 4141 1127 4217 consilia
1153 4141 1421 4218 trecentensimo
1449 4164 1633 4237 procerum,
1661 4145 1697 4218 et
1718 4142 1917 4237 praesertim

365 4258 496 4335 Nicolai
523 4262 669 4356 palatini
697 4261 936 4354 cracoviensis,
974 4263 1070 4339 cuius
1103 4265 1190 4338 nutu
1215 4264 1352 4358 singula
1387 4263 1631 4358 dirigebantur,
1668 4262 1916 4341 conclusionem

364 4383 556 4458 huiusmodi
592 4383 723 4460 inliciat
758 4388 793 4460 et
828 4383 951 4477 irritet,
988 4385 1153 4460 Helenam
1188 4385 1363 4460 Ducissam
1395 4387 1504 4480 rogat,
1542 4387 1581 4459 ut
1608 4383 1636 4458 si
1664 4385 1750 4461 velit
1776 4383 1916 4480 singula

364 4507 463 4600 pacto
489 4507 566 4580 rata
593 4528 675 4599 esse,
703 4505 882 4581 Nicolaum
909 4506 1099 4602 palatinum
1127 4507 1375 4582 cracoviensem
1403 4509 1438 4581 et
1464 4506 1659 4581 inexilium
1678 4505 1735 4602 agi
1751 4505 1791 4601 Β),
1820 4505 1914 4580 etde

363 4626 496 4700 arcanis
523 4647 659 4701 suorum
686 4627 837 4702 consiliis
863 4628 1054 4702 consentiat
1081 4627 1167 4719 eiici,
1196 4650 1239 4701 ne
1265 4628 1306 4701 de
1330 4625 1580 4720 Principetibus
1606 4629 1641 4702 et
1668 4626 1824 4702 dominiis
1843 4625 1913 4700 suis

362 4745 510 4822 ludibria
537 4750 703 4841 exerceat,
733 4772 775 4824 ne
802 4772 863 4844 pro
890 4748 988 4823 libito
1015 4771 1086 4839 suo,
1114 4770 1181 4823 uno
1208 4747 1345 4839 deiecto,
1374 4749 1520 4823 alterum
1547 4770 1607 4842 pro
1629 4748 1785 4842 Principe
1812 4747 1912 4822 insti·

361 4871 450 4944 tuat.
485 4869 534 4944 Εο
560 4871 649 4945 enim
676 4870 713 4944 in
739 4871 956 4966 magistratu,
985 4893 1084 4963 quem
1110 4869 1212 4964 gerit,
1240 4872 1445 4960 remanente,
1474 4891 1583 4961 neque
1609 4868 1821 4964 foederum⁹l
1848 4869 1912 4942 im·

361 4991 557 5086 pletionem,
586 5014 693 5086 neque
719 4991 929 5068 concordiam
955 4993 990 5068 et
1016 4991 1164 5086 quietern
1191 4991 1282 5067 inter
1307 5013 1345 5065 se
1371 4993 1407 5066 et
1433 4993 1571 5086 nepotes
1598 4993 1845 5088 proventuram
1874 5013 1913 5066 eo

470 5287 493 5368 ¹)
516 5290 668 5351 habiturus
691 5287 753 5351 Ed.
777 5285 872 5348 Dobr.
912 5282 940 5369 α)
963 5287 1165 5350 executionem
1190 5285 1263 5351 θοοῦ.
1287 5285 1378 5350 Beer.
1417 5283 1648 5365 'lexpulsiouia
1671 5301 1708 5348 ex
1730 5285 1790 5349 Ed.
1813 5285 1909 5348 Βοῦν.

361 5389 389 5473 ⁴)
411 5411 446 5456 ac
470 5395 529 5456 Ed.
554 5395 648 5454 Βοῦν.
687 5389 717 5471 ⁶)
739 5391 797 5455 fide
823 5393 944 5467 adquali
973 5393 1186 5466 significatione
1217 5395 1326 5453 certior
1356 5391 1427 5453 θοοῦ.
1458 5393 1550 5454 Reor.
1587 5389 1616 5470 ι)
1638 5394 1669 5452 in
1691 5391 1834 5452 haeredes
1854 5409 1909 5452 eos

359 5499 418 5564 Ed.
441 5501 533 5561 Βοῦν.
572 5497 601 5580 7)
623 5499 699 5559 Daoi
726 5497 796 5559 θοοῦ.
819 5499 913 5559 Beer.
952 5493 1079 5576 'lmitti
1101 5497 1161 5558 Ed.
1186 5497 1281 5558 Βοῦν.
1320 5493 1348 5582 9)
1371 5496 1499 5558 laederis
1522 5496 1582 5558 Ed.
1604 5495 1699 5558 Βοῦν.
