4192 6272
402 538 477 612 468
1005 557 1117 608 arena
1143 556 1336 609 senuimus
1672 531 1739 632 (Α.
1761 531 1954 635 Ι).1283.)

402 743 520 819 mortis
546 765 654 838 genus
681 742 832 817 sanetius
859 741 1155 836 praestantiusque
1182 743 1263 830 lore,
1293 765 1395 833 quam
1423 743 1511 832 quod
1548 765 1607 835 pro
1644 741 1720 831 lide,
1747 765 1807 834 pro
1844 742 1956 835 patria

404 867 441 939 et
470 866 649 960 penatibus
682 867 772 938 esset
799 865 1004 959 susceptum.
1033 864 1214 940 Gavisuros
1240 865 1318 938 illos
1345 863 1468 956 potius,
1488 885 1589 955 quam
1608 863 1847 957 trepidaturos,
1867 864 1955 954 quod

401 1009 442 1061 ea
468 987 595 1061 ooeasio
623 985 798 1080 pugnandi
825 987 904 1060 illos
932 987 1074 1074 teneret,
1103 1007 1162 1079 per
1189 1007 1290 1078 quam
1314 985 1550 1059 honestissime
1569 986 1659 1078 apud
1673 987 1790 1059 futura
1808 985 1954 1074 saecula,

401 1109 471 1184 sive
497 1108 669 1182 uinoerent
688 1107 722 1200 ¹),
750 1107 821 1210 sive
848 1107 1038 1196 interirent,
1067 1110 1280 1183 uersarentur
1295 1106 1334 1200 ²).
1363 1107 1564 1182 lteeolerent
1582 1107 1720 1200 iusuper
1739 1106 1821 1181 anui
1839 1107 1953 1181 trans·

402 1228 471 1304 aeti
498 1227 673 1302 uictoriam
709 1250 727 1302 e
763 1229 853 1302 ooelo
880 1227 945 1302 sibi
974 1228 1193 1321 praestitam,
1230 1231 1266 1302 et
1302 1250 1390 1302 uuno
1426 1250 1558 1319 quoque
1594 1228 1709 1302 eedem
1735 1231 1771 1302 et
1796 1227 1954 1320 ampliori

403 1371 463 1444 spe
489 1373 548 1444 pro
575 1348 716 1424 viatoria
742 1349 994 1440 adniterentur,
1023 1353 1202 1444 postquam
1229 1372 1304 1424 oum
1331 1350 1444 1424 eodem
1471 1350 1569 1422 hoste
1596 1351 1746 1425 reoenter
1781 1351 1818 1423 et
1854 1348 1949 1422 iden·

403 1471 505 1546 tidem
534 1470 674 1544 abillis
701 1471 800 1561 vieto,
828 1473 917 1545 esset
944 1474 1113 1546 oertamen
1129 1471 1169 1564 8).
1206 1473 1421 1546 llorerentur
1456 1469 1666 1564 captiuorum
1702 1469 1953 1546 miserabilibus

336 1583 340 1592 '
403 1592 623 1686 singultibus,
653 1591 711 1684 qui
741 1592 774 1666 in
802 1615 916 1668 eorum
943 1593 1093 1667 dexteris
1138 1593 1296 1668 fidutiam
1336 1614 1415 1666 suae
1451 1592 1664 1666 liberationis
1699 1593 1882 1686 reponunt.
1912 1592 1956 1666 Se

403 1714 539 1806 insuper
567 1713 653 1786 nihil
682 1713 787 1786 saluti
814 1735 894 1787 suae
922 1736 1110 1807 parsurum,
1139 1714 1197 1788 sed
1225 1737 1285 1806 pro
1312 1713 1463 1786 exercitu
1491 1735 1551 1786 suo
1578 1715 1613 1788 ot
1640 1716 1742 1807 gente
1760 1713 1956 1808 gratissime

403 1857 438 1907 se
465 1835 584 1926 ruique
612 1834 711 1907 morti
740 1834 981 1927 expositurum.
1024 1836 1064 1906 ln
1093 1836 1176 1908 duas
1204 1834 1339 1908 tandem
1367 1835 1439 1907 alre
1466 1834 1617 1908 exercitu
1646 1835 1783 1928 partito,
1812 1857 1956 1927 quarum

402 1979 503 2030 uuam
530 1957 702 2049 Zegothae
731 1957 879 2048 palatine
907 1956 1130 2045 iiraooviensi,
1159 1958 1303 2030 alteram
1331 1957 1485 2032 Ianussio
1520 1957 1672 2049 palatino
1691 1955 1956 2031 Sandomiriensi

402 2076 596 2165 oommittit,
625 2076 661 2148 iu
687 2077 802 2150 hostes
829 2075 940 2150 insilit
967 2081 1002 2151 et
1028 2077 1141 2152 obuios
1167 2098 1316 2169 quosque
1343 2077 1546 2171 prosternit,
1585 2077 1778 2170 primasque
1805 2079 1957 2152 hostium

402 2198 489 2272 aoies
515 2199 597 2272 adeo
624 2197 759 2288 obterit,
789 2201 827 2271 ut
856 2198 920 2272 etsi
949 2202 1100 2274 caeterae
1128 2199 1163 2272 in
1190 2199 1305 2272 eedem
1339 2199 1514 2293 pugnandi
1551 2200 1744 2274 constantia
1779 2199 1957 2292 aliquanto

400 2325 550 2414 tempore
577 2319 803 2407 eonstiterint,
832 2319 950 2394 Poloni
991 2323 1106 2394 tanuen
1134 2319 1202 2394 iam
1229 2320 1326 2413 quasi
1354 2342 1389 2395 se
1417 2323 1604 2414 putabant,
1633 2320 1751 2414 primis
1778 2320 1953 2395 ordinibus

401 2441 591 2530 debellatis,
620 2441 775 2516 riotores.
805 2444 955 2516 Durante
983 2443 1195 2536 praelio-ala
1220 2444 1393 2536 Zegothae
1421 2443 1567 2535 palatini
1596 2443 1827 2518 Graoouionsis
1846 2443 1897 2534 (iu
1916 2465 1958 2516 ea

401 2563 491 2636 euim
518 2563 688 2637 ourieuses
715 2563 818 2638 Duois
845 2567 880 2639 et
906 2564 1159 2640 exercitatiores
1187 2564 1315 2639 milites
1342 2567 1452 2658 erant)
1490 2563 1636 2658 primum
1672 2565 1806 2640 rinoere
1833 2564 1955 2658 eoepit,

401 2707 422 2760 a
450 2707 518 2775 qua
544 2685 682 2759 tandem
709 2687 814 2760 etad
841 2686 945 2760 aliam
973 2687 1088 2761 eadem
1116 2709 1187 2761 sors
1214 2685 1379 2780 pervenit.
1407 2686 1491 2760 Fosi
1518 2679 1635 2778 itaque
1660 2686 1825 2760 Litbuaui
1853 2687 1955 2780 buga-

401 2807 507 2898 tique,
535 2807 570 2880 ot
598 2807 697 2899 plura
722 2829 836 2880 eorum
865 2808 977 2882 millia
1004 2829 1041 2883 eo
1069 2808 1196 2902 praelio
1223 2807 1259 2880 in
1287 2811 1436 2901 stragem
1464 2809 1544 2882 data
1570 2811 1662 2899 sunt,
1691 2809 1844 2900 quamuis
1861 2811 1897 2884 et
1915 2808 1957 2882 de

401 2925 538 3000 Polonis
564 2926 695 3019 aliquot
721 2927 875 3022 insignes
902 2929 1029 3004 milites
1056 2928 1272 3006 oonoiderint.
1301 2928 1436 3003 Praelio
1463 2931 1611 3020 obtento,
1640 2929 1682 3004 ad
1697 2930 1802 3005 siluas
1820 2933 1856 3006 et
1873 2951 1954 3023 oap-

402 3049 502 3135 tivos,
531 3047 747 3140 sarcinasque
773 3049 1020 3126 Lithuanorum
1048 3050 1134 3126 itum
1161 3053 1224 3141 est,
1254 3053 1288 3125 et
1315 3050 1437 3125 solutis
1464 3051 1627 3145 opttus,
1652 3052 1796 3126 s‘aroinis
1823 3073 1956 3144 quoque

402 3169 650 3252 Lithuanorum
677 3169 714 3242 in
742 3171 869 3272 milites
895 3172 1025 3262 diuisis,
1063 3173 1171 3246 omnis
1199 3172 1342 3266 praeda,
1372 3195 1474 3262 quam
1501 3195 1544 3246 eu
1571 3173 1837 3248 Sandomirionsi
1865 3177 1959 3247 terra

402 3291 566 3377 tulerant,
595 3291 705 3364 relata
732 3295 795 3366 est.
824 3295 1042 3387 legebantur
1067 3296 1104 3368 et
1130 3314 1191 3386 per
1218 3293 1333 3385 plures
1361 3293 1432 3368 dies
1460 3293 1587 3387 captivi
1624 3294 1789 3368 Litbuaui
1817 3301 1853 3369 et
1878 3318 1956 3388 spo·

401 3411 460 3499 lia,
489 3411 547 3502 qui
575 3411 721 3485 looorum
750 3414 860 3508 ignari
889 3415 1049 3508 fugiendo
1078 3417 1325 3488 obemaverant.
1363 3415 1404 3487 In
1433 3415 1523 3488 huno
1560 3416 1694 3490 modum
1722 3417 1870 3510 propitia
1897 3417 1957 3490 Di·

404 3532 562 3620 sinitote,
593 3535 628 3608 et
654 3534 762 3608 hostis
789 3537 928 3610 funesta
954 3536 1047 3610 olade
1074 3535 1242 3625 obtritus,
1281 3538 1316 3610 et
1352 3537 1460 3610 omnis
1488 3539 1614 3630 praeda
1639 3541 1767 3630 erepta.
1805 3539 1871 3611 Sed
1898 3560 1960 3612 neo

402 3652 540 3747 cognitu
569 3656 669 3731 faoile
695 3661 779 3747 erat,
817 3657 1115 3751 prudentissimiue
1156 3656 1389 3750 imperatoris,
1428 3680 1472 3731 au
1509 3658 1736 3732 strenuissimi
1765 3659 1889 3734 militis
1920 3660 1956 3732 in
2085 3709 2086 3728 1

403 3797 518 3870 pugna
548 3775 610 3850 illa
635 3780 762 3854 lestko
790 3779 896 3874 Niger
923 3780 1002 3852 Dux
1029 3799 1130 3872 opera
1158 3777 1313 3852 ediderit.

608 4107 764 4182 laudatio
793 4109 985 4182 monasterii
1021 4111 1157 4182 ltatrmu
1184 4109 1444 4182 rraeoioatouuu
1473 4110 1504 4180 in
1533 4109 1755 4200 dpatoupeer.

504 4349 709 4423 Duodecima
737 4349 859 4424 mensis
886 4348 1047 4444 Augusti,
1077 4349 1221 4424 Thomas
1250 4349 1445 4424 monasterii
1483 4349 1740 4445 Tbineionsis4)
1780 4355 1885 4426 abbas
1922 4353 1957 4426 io

403 4469 524 4562 oppido
552 4491 611 4542 suo
639 4471 866 4564 Opatouyeou,
896 4470 1126 4545 Crotoniensis
1153 4470 1305 4560 diocesis,
1334 4474 1534 4564 cooperante
1561 4475 1595 4546 et
1620 4472 1769 4547 instante
1788 4475 1958 4548 Lostlrone

400 4589 508 4684 Nigro
536 4589 758 4681 Oraeouieusi,
789 4591 1053 4666 Sandomiriensi
1091 4595 1126 4666 et
1166 4592 1351 4666 Siradieusi
1387 4593 1498 4682 Duos,
1537 4593 1775 4668 monasterium
1813 4597 1957 4668 fratrum

402 4710 674 4784 Praedicatorum
701 4714 823 4786 fundat
849 4714 885 4788 et
911 4713 1024 4808 erigit,
1055 4718 1090 4788 et
1116 4713 1199 4807 ipsis
1227 4714 1389 4788 frattribus
1416 4737 1515 4809 agros
1556 4717 1736 4790 nonnullos
1763 4719 1798 4790 et
1832 4719 1956 4792 terram

402 4832 504 4906 donat
532 4835 567 4905 et
594 4833 739 4926 largitur
767 4857 827 4928 pro
855 4834 990 4927 praedio
1018 4839 1052 4910 et
1080 4836 1225 4926 cultura,
1255 4859 1330 4910 oum
1357 4836 1448 4908 orrmi
1476 4837 1645 4911 libertato.

506 4953 688 5028 Preislawa
704 4955 731 5049 ⁵)
758 4954 901 5029 Duoissa
927 4979 1050 5050 genere
1078 4957 1267 5046 Rutlueua,
1297 4979 1433 5032 eousors
1456 4957 1616 5033 Semouiti
1644 4958 1814 5034 blasouiae
1842 4958 1955 5048 Duris,

513 5229 535 5304 ¹)
559 5231 719 5304 vincerent,
742 5233 931 5308 viverentque
957 5232 1027 5294 (iod.
1058 5235 1151 5296 Reor.
1177 5231 1202 5310 Ξ)
1225 5240 1421 5305 versarentur,
1439 5235 1556 5294 dicens:
1583 5232 1655 5295 God.
1677 5235 1771 5315 Rosr.
1797 5231 1825 5316 ³)
1842 5241 1955 5296 certam

404 5334 479 5396 dum.
507 5333 577 5394 Cod.
601 5336 693 5396 Itoar.
718 5331 745 5413 4)
767 5335 958 5397 Thineoousis
986 5337 1056 5400 Ood.
1081 5340 1173 5400 Roer.
1201 5334 1225 5416 ⁵)
1248 5338 1427 5400 Pmoiolawa
1453 5337 1524 5400 eoa
1554 5339 1646 5399 Beer.
