<?xml version="1.0" encoding="UTF-8"?>
<!DOCTYPE html PUBLIC "-//W3C//DTD XHTML 1.0 Transitional//EN"
    "http://www.w3.org/TR/xhtml1/DTD/xhtml1-transitional.dtd">
<html xmlns="http://www.w3.org/1999/xhtml" xml:lang="en" lang="en">
 <head>
  <title>
</title>
<meta http-equiv="Content-Type" content="text/html;charset=utf-8" />
  <meta name='ocr-system' content='tesseract 3.04.00' />
  <meta name='ocr-capabilities' content='ocr_page ocr_carea ocr_par ocr_line ocrx_word'/>
</head>
<body>
  <div class='ocr_page' id='page_1' title='image "./operaomnia02paulgoog_0503.png"; bbox 0 0 4192 6272; ppageno 0'>
   <div class='ocr_carea' id='block_1_1' title="bbox 148 545 1697 643">
    <p class='ocr_par' dir='ltr' id='par_1_1' title="bbox 148 545 1697 643">
     <span class='ocr_line' id='line_1_1' title="bbox 148 545 1697 643; baseline 0.001 -19"><span class='ocrx_word' id='word_1_1' title='bbox 148 547 213 643; x_wconf 85' lang='grc' dir='ltr'>(Α.</span> <span class='ocrx_word' id='word_1_2' title='bbox 232 545 280 622; x_wconf 80' lang='grc' dir='ltr'>ῠ.</span> <span class='ocrx_word' id='word_1_3' title='bbox 301 545 421 642; x_wconf 80' lang='lat' dir='ltr'>nur.)</span> <span class='ocrx_word' id='word_1_4' title='bbox 742 569 853 622; x_wconf 79' lang='lat' dir='ltr'>arena</span> <span class='ocrx_word' id='word_1_5' title='bbox 880 569 1073 626; x_wconf 72' lang='lat' dir='ltr'>seramus.</span> <span class='ocrx_word' id='word_1_6' title='bbox 1623 553 1697 628; x_wconf 59' lang='lat'>48?</span> 
     </span>
    </p>
   </div>
   <div class='ocr_carea' id='block_1_2' title="bbox 147 754 1701 2779">
    <p class='ocr_par' dir='ltr' id='par_1_2' title="bbox 147 754 1701 2779">
     <span class='ocr_line' id='line_1_2' title="bbox 149 754 1699 852; baseline 0.001 -22"><span class='ocrx_word' id='word_1_7' title='bbox 149 754 413 831; x_wconf 82' lang='lat' dir='ltr'>Ssndomiriensi</span> <span class='ocrx_word' id='word_1_8' title='bbox 440 755 475 831; x_wconf 85' lang='lat' dir='ltr'>ot</span> <span class='ocrx_word' id='word_1_9' title='bbox 501 754 684 830; x_wconf 84' lang='lat' dir='ltr'>Sirsdiensi</span> <span class='ocrx_word' id='word_1_10' title='bbox 711 755 960 847; x_wconf 67' lang='lat' dir='ltr'>exturbaverat</span> <span class='ocrx_word' id='word_1_11' title='bbox 988 755 1118 850; x_wconf 86' lang='lat' dir='ltr'>tripliei</span> <span class='ocrx_word' id='word_1_12' title='bbox 1144 754 1281 851; x_wconf 78' lang='lat' dir='ltr'>egreius</span> <span class='ocrx_word' id='word_1_13' title='bbox 1297 755 1483 852; x_wconf 75' lang='lat' dir='ltr'>ingressus,</span> <span class='ocrx_word' id='word_1_14' title='bbox 1500 759 1630 834; x_wconf 85' lang='lat' dir='ltr'>erudeli</span> <span class='ocrx_word' id='word_1_15' title='bbox 1648 759 1699 832; x_wconf 53' lang='lat' dir='ltr'>le</span> 
     </span>
     <span class='ocr_line' id='line_1_3' title="bbox 147 876 1699 974; baseline 0.003 -24"><span class='ocrx_word' id='word_1_16' title='bbox 147 877 292 952; x_wconf 79' lang='lat' dir='ltr'>reeitsto</span> <span class='ocrx_word' id='word_1_17' title='bbox 316 899 394 952; x_wconf 86' lang='lat' dir='ltr'>eam</span> <span class='ocrx_word' id='word_1_18' title='bbox 421 877 587 968; x_wconf 88' lang='lat' dir='ltr'>oaedibus,</span> <span class='ocrx_word' id='word_1_19' title='bbox 618 877 696 970; x_wconf 73' lang='lat' dir='ltr'>igne</span> <span class='ocrx_word' id='word_1_20' title='bbox 723 879 758 952; x_wconf 87' lang='lat' dir='ltr'>et</span> <span class='ocrx_word' id='word_1_21' title='bbox 783 876 902 970; x_wconf 88' lang='lat' dir='ltr'>spoliis</span> <span class='ocrx_word' id='word_1_22' title='bbox 929 878 1156 969; x_wconf 79' lang='lat' dir='ltr'>uehementer,</span> <span class='ocrx_word' id='word_1_23' title='bbox 1184 877 1275 952; x_wconf 88' lang='lat' dir='ltr'>omni</span> <span class='ocrx_word' id='word_1_24' title='bbox 1302 878 1483 956; x_wconf 73' lang='lat' dir='ltr'>elementia</span> <span class='ocrx_word' id='word_1_25' title='bbox 1508 882 1544 954; x_wconf 87' lang='lat' dir='ltr'>et</span> <span class='ocrx_word' id='word_1_26' title='bbox 1570 879 1699 974; x_wconf 76' lang='lat' dir='ltr'>pietate</span> 
     </span>
     <span class='ocr_line' id='line_1_4' title="bbox 148 997 1700 1092; baseline 0.004 -22"><span class='ocrx_word' id='word_1_27' title='bbox 148 999 287 1088; x_wconf 82' lang='lat' dir='ltr'>exutus,</span> <span class='ocrx_word' id='word_1_28' title='bbox 315 997 476 1089; x_wconf 81' lang='lat' dir='ltr'>uastauit,</span> <span class='ocrx_word' id='word_1_29' title='bbox 506 998 712 1092; x_wconf 85' lang='lat' dir='ltr'>praedasque</span> <span class='ocrx_word' id='word_1_30' title='bbox 738 1013 893 1092; x_wconf 86' lang='lat' dir='ltr'>peuerum</span> <span class='ocrx_word' id='word_1_31' title='bbox 929 999 965 1072; x_wconf 90' lang='lat' dir='ltr'>et</span> <span class='ocrx_word' id='word_1_32' title='bbox 1000 999 1163 1092; x_wconf 77' lang='lat' dir='ltr'><strong>pecudum</strong></span> <span class='ocrx_word' id='word_1_33' title='bbox 1199 997 1383 1092; x_wconf 82' lang='lat' dir='ltr'>plurimus,</span> <span class='ocrx_word' id='word_1_34' title='bbox 1417 1000 1573 1076; x_wconf 72' lang='lat' dir='ltr'>dunrudo</span> <span class='ocrx_word' id='word_1_35' title='bbox 1609 1001 1700 1076; x_wconf 81' lang='lat' dir='ltr'>Duae</span> 
     </span>
     <span class='ocr_line' id='line_1_5' title="bbox 148 1118 1700 1212; baseline 0 -18"><span class='ocrx_word' id='word_1_36' title='bbox 148 1119 320 1194; x_wconf 64' lang='lat' dir='ltr'>munuae</span> <span class='ocrx_word' id='word_1_37' title='bbox 344 1139 453 1212; x_wconf 77' lang='lat' dir='ltr'>rusque</span> <span class='ocrx_word' id='word_1_38' title='bbox 477 1118 654 1194; x_wconf 79' lang='lat' dir='ltr'>deseruere</span> <span class='ocrx_word' id='word_1_39' title='bbox 680 1119 835 1210; x_wconf 84' lang='lat' dir='ltr'>audente,</span> <span class='ocrx_word' id='word_1_40' title='bbox 863 1139 970 1211; x_wconf 80' lang='lat' dir='ltr'>noque</span> <span class='ocrx_word' id='word_1_41' title='bbox 996 1118 1182 1210; x_wconf 75' lang='lat' dir='ltr'><strong>aliqualem</strong></span> <span class='ocrx_word' id='word_1_42' title='bbox 1208 1118 1438 1196; x_wconf 82' lang='lat' dir='ltr'>resistentiam</span> <span class='ocrx_word' id='word_1_43' title='bbox 1464 1119 1628 1212; x_wconf 76' lang='lat' dir='ltr'>seuiente,</span> <span class='ocrx_word' id='word_1_44' title='bbox 1653 1133 1700 1196; x_wconf 84' lang='lat' dir='ltr'>ex</span> 
     </span>
     <span class='ocr_line' id='line_1_6' title="bbox 148 1238 1700 1332; baseline 0.002 -20"><span class='ocrx_word' id='word_1_45' title='bbox 148 1239 302 1314; x_wconf 72' lang='lat' dir='ltr'>Mesenis</span> <span class='ocrx_word' id='word_1_46' title='bbox 328 1239 365 1313; x_wconf 91' lang='lat' dir='ltr'>in</span> <span class='ocrx_word' id='word_1_47' title='bbox 391 1238 607 1332; x_wconf 81' lang='lat' dir='ltr'>Prinuipatue</span> <span class='ocrx_word' id='word_1_48' title='bbox 633 1260 711 1314; x_wconf 86' lang='lat' dir='ltr'>sues</span> <span class='ocrx_word' id='word_1_49' title='bbox 736 1238 873 1314; x_wconf 82' lang='lat' dir='ltr'>derexit</span> <span class='ocrx_word' id='word_1_50' title='bbox 892 1239 927 1332; x_wconf 84' lang='lat'>¹).</span> <span class='ocrx_word' id='word_1_51' title='bbox 955 1239 1020 1314; x_wconf 92' lang='lat' dir='ltr'>Pro</span> <span class='ocrx_word' id='word_1_52' title='bbox 1046 1239 1191 1314; x_wconf 86' lang='lat' dir='ltr'>ludibrio</span> <span class='ocrx_word' id='word_1_53' title='bbox 1217 1241 1330 1315; x_wconf 87' lang='lat' dir='ltr'>autern</span> <span class='ocrx_word' id='word_1_54' title='bbox 1356 1241 1393 1316; x_wconf 90' lang='lat' dir='ltr'>et</span> <span class='ocrx_word' id='word_1_55' title='bbox 1419 1239 1605 1332; x_wconf 81' lang='lat' dir='ltr'>simultate,</span> <span class='ocrx_word' id='word_1_56' title='bbox 1625 1241 1700 1332; x_wconf 87' lang='lat' dir='ltr'>qui·</span> 
     </span>
     <span class='ocr_line' id='line_1_7' title="bbox 149 1359 1700 1452; baseline 0.002 -20"><span class='ocrx_word' id='word_1_57' title='bbox 149 1360 215 1432; x_wconf 88' lang='lat' dir='ltr'>bus</span> <span class='ocrx_word' id='word_1_58' title='bbox 242 1359 278 1434; x_wconf 92' lang='lat' dir='ltr'>in</span> <span class='ocrx_word' id='word_1_59' title='bbox 304 1360 413 1434; x_wconf 89' lang='lat' dir='ltr'>Deum</span> <span class='ocrx_word' id='word_1_60' title='bbox 441 1361 476 1434; x_wconf 89' lang='lat' dir='ltr'>et</span> <span class='ocrx_word' id='word_1_61' title='bbox 499 1359 692 1435; x_wconf 78' lang='lat' dir='ltr'>(lethalium</span> <span class='ocrx_word' id='word_1_62' title='bbox 717 1380 812 1451; x_wconf 86' lang='lat' dir='ltr'><strong>usus,</strong></span> <span class='ocrx_word' id='word_1_63' title='bbox 841 1381 934 1434; x_wconf 79' lang='lat' dir='ltr'>arma</span> <span class='ocrx_word' id='word_1_64' title='bbox 970 1381 990 1432; x_wconf 88' lang='lat' dir='ltr'>a</span> <span class='ocrx_word' id='word_1_65' title='bbox 1015 1359 1167 1436; x_wconf 79' lang='lat' dir='ltr'>barbari</span> <span class='ocrx_word' id='word_1_66' title='bbox 1202 1359 1238 1434; x_wconf 89' lang='lat' dir='ltr'>in</span> <span class='ocrx_word' id='word_1_67' title='bbox 1273 1359 1390 1436; x_wconf 80' lang='lat' dir='ltr'>fideles</span> <span class='ocrx_word' id='word_1_68' title='bbox 1425 1363 1591 1452; x_wconf 75' lang='lat' dir='ltr'>uerterat,</span> <span class='ocrx_word' id='word_1_69' title='bbox 1618 1363 1700 1438; x_wconf 86' lang='lat' dir='ltr'>adeo</span> 
     </span>
     <span class='ocr_line' id='line_1_8' title="bbox 150 1479 1700 1575; baseline 0.004 -25"><span class='ocrx_word' id='word_1_70' title='bbox 150 1479 251 1552; x_wconf 91' lang='lat' dir='ltr'>illurn</span> <span class='ocrx_word' id='word_1_71' title='bbox 279 1479 366 1554; x_wconf 84' lang='lat' dir='ltr'>ultio</span> <span class='ocrx_word' id='word_1_72' title='bbox 399 1480 517 1554; x_wconf 80' lang='lat' dir='ltr'>diuina</span> <span class='ocrx_word' id='word_1_73' title='bbox 543 1481 719 1573; x_wconf 85' lang='lat' dir='ltr'>perseoutu</span> <span class='ocrx_word' id='word_1_74' title='bbox 746 1483 816 1571; x_wconf 85' lang='lat' dir='ltr'>set,</span> <span class='ocrx_word' id='word_1_75' title='bbox 857 1482 896 1555; x_wconf 86' lang='lat' dir='ltr'>ut</span> <span class='ocrx_word' id='word_1_76' title='bbox 922 1480 1012 1554; x_wconf 84' lang='lat' dir='ltr'>ornei</span> <span class='ocrx_word' id='word_1_77' title='bbox 1048 1479 1236 1570; x_wconf 75' lang='lat' dir='ltr'>soliditate,</span> <span class='ocrx_word' id='word_1_78' title='bbox 1272 1502 1375 1571; x_wconf 77' lang='lat' dir='ltr'>suem</span> <span class='ocrx_word' id='word_1_79' title='bbox 1412 1481 1465 1554; x_wconf 91' lang='lat' dir='ltr'>illi</span> <span class='ocrx_word' id='word_1_80' title='bbox 1501 1481 1700 1575; x_wconf 67' lang='lat' dir='ltr'>propitiatio</span> 
     </span>
     <span class='ocr_line' id='line_1_9' title="bbox 152 1599 1701 1696; baseline 0.003 -24"><span class='ocrx_word' id='word_1_81' title='bbox 152 1600 272 1674; x_wconf 83' lang='lat' dir='ltr'>divine</span> <span class='ocrx_word' id='word_1_82' title='bbox 299 1601 336 1672; x_wconf 88' lang='lat' dir='ltr'>in</span> <span class='ocrx_word' id='word_1_83' title='bbox 363 1600 463 1674; x_wconf 84' lang='lat' dir='ltr'>bellis</span> <span class='ocrx_word' id='word_1_84' title='bbox 490 1599 740 1686; x_wconf 79' lang='lat' dir='ltr'>electionibus</span> <span class='ocrx_word' id='word_1_85' title='bbox 767 1601 838 1673; x_wconf 87' lang='lat' dir='ltr'>suis</span> <span class='ocrx_word' id='word_1_86' title='bbox 864 1600 985 1694; x_wconf 84' lang='lat' dir='ltr'>largiri</span> <span class='ocrx_word' id='word_1_87' title='bbox 1012 1601 1238 1692; x_wconf 74' lang='lat' dir='ltr'>consueuerat,</span> <span class='ocrx_word' id='word_1_88' title='bbox 1264 1600 1572 1692; x_wconf 70' lang='lat' dir='ltr'>ordinassemus</span> <span class='ocrx_word' id='word_1_89' title='bbox 1591 1603 1701 1696; x_wconf 80' lang='lat' dir='ltr'>magis</span> 
     </span>
     <span class='ocr_line' id='line_1_10' title="bbox 148 1716 1699 1814; baseline 0.004 -22"><span class='ocrx_word' id='word_1_90' title='bbox 148 1743 251 1812; x_wconf 87' lang='lat' dir='ltr'>quum</span> <span class='ocrx_word' id='word_1_91' title='bbox 278 1720 428 1796; x_wconf 83' lang='lat' dir='ltr'>rieteriis</span> <span class='ocrx_word' id='word_1_92' title='bbox 455 1719 629 1814; x_wconf 86' lang='lat' dir='ltr'>insignior.</span> <span class='ocrx_word' id='word_1_93' title='bbox 648 1723 747 1795; x_wconf 85' lang='lat' dir='ltr'>esset.</span> <span class='ocrx_word' id='word_1_94' title='bbox 776 1721 865 1794; x_wconf 86' lang='lat' dir='ltr'>Num</span> <span class='ocrx_word' id='word_1_95' title='bbox 891 1722 927 1794; x_wconf 91' lang='lat' dir='ltr'>et</span> <span class='ocrx_word' id='word_1_96' title='bbox 952 1720 987 1793; x_wconf 92' lang='lat' dir='ltr'>in</span> <span class='ocrx_word' id='word_1_97' title='bbox 1015 1743 1065 1811; x_wconf 88' lang='lat' dir='ltr'>eu,</span> <span class='ocrx_word' id='word_1_98' title='bbox 1093 1737 1194 1811; x_wconf 84' lang='lat' dir='ltr'>quam</span> <span class='ocrx_word' id='word_1_99' title='bbox 1221 1716 1338 1796; x_wconf 83' lang='lat' dir='ltr'>uentre</span> <span class='ocrx_word' id='word_1_100' title='bbox 1373 1721 1563 1796; x_wconf 83' lang='lat' dir='ltr'>(luuraduru</span> <span class='ocrx_word' id='word_1_101' title='bbox 1590 1724 1699 1798; x_wconf 76' lang='lat' dir='ltr'>Maso-</span> 
     </span>
     <span class='ocr_line' id='line_1_11' title="bbox 147 1839 1698 1934; baseline 0.001 -20"><span class='ocrx_word' id='word_1_102' title='bbox 147 1840 224 1914; x_wconf 78' lang='lat' dir='ltr'>viae</span> <span class='ocrx_word' id='word_1_103' title='bbox 251 1841 377 1916; x_wconf 86' lang='lat' dir='ltr'>Duoem</span> <span class='ocrx_word' id='word_1_104' title='bbox 401 1841 533 1934; x_wconf 79' lang='lat' dir='ltr'>egeret,</span> <span class='ocrx_word' id='word_1_105' title='bbox 562 1839 776 1934; x_wconf 85' lang='lat' dir='ltr'>expeditione</span> <span class='ocrx_word' id='word_1_106' title='bbox 816 1843 930 1933; x_wconf 87' lang='lat' dir='ltr'>plures</span> <span class='ocrx_word' id='word_1_107' title='bbox 957 1840 1107 1934; x_wconf 75' lang='lat' dir='ltr'>insignes</span> <span class='ocrx_word' id='word_1_108' title='bbox 1143 1840 1271 1916; x_wconf 84' lang='lat' dir='ltr'>milites</span> <span class='ocrx_word' id='word_1_109' title='bbox 1303 1843 1342 1916; x_wconf 87' lang='lat' dir='ltr'>et</span> <span class='ocrx_word' id='word_1_110' title='bbox 1367 1842 1548 1918; x_wconf 74' lang='lat' dir='ltr'><strong>bellaturus</strong></span> <span class='ocrx_word' id='word_1_111' title='bbox 1575 1842 1698 1934; x_wconf 81' lang='lat' dir='ltr'>lluuiis,</span> 
     </span>
     <span class='ocr_line' id='line_1_12' title="bbox 148 1961 1700 2056; baseline 0.002 -22"><span class='ocrx_word' id='word_1_112' title='bbox 148 1961 230 2034; x_wconf 83' lang='lat' dir='ltr'>dum</span> <span class='ocrx_word' id='word_1_113' title='bbox 256 1983 315 2036; x_wconf 89' lang='lat' dir='ltr'>ees</span> <span class='ocrx_word' id='word_1_114' title='bbox 342 1973 500 2056; x_wconf 76' lang='lat' dir='ltr'>super-are</span> <span class='ocrx_word' id='word_1_115' title='bbox 527 1962 701 2051; x_wconf 80' lang='lat' dir='ltr'>mouetur,</span> <span class='ocrx_word' id='word_1_116' title='bbox 730 1962 908 2036; x_wconf 85' lang='lat' dir='ltr'>suffeoutes</span> <span class='ocrx_word' id='word_1_117' title='bbox 935 1961 1061 2035; x_wconf 84' lang='lat' dir='ltr'>amisit.</span> <span class='ocrx_word' id='word_1_118' title='bbox 1106 1961 1276 2036; x_wconf 75' lang='lat' dir='ltr'>Grandem</span> <span class='ocrx_word' id='word_1_119' title='bbox 1312 1961 1431 2038; x_wconf 83' lang='lat' dir='ltr'>deindo</span> <span class='ocrx_word' id='word_1_120' title='bbox 1459 1964 1700 2038; x_wconf 69' lang='lat' dir='ltr'>desuetorum</span> 
     </span>
     <span class='ocr_line' id='line_1_13' title="bbox 150 2081 1699 2177; baseline 0.003 -23"><span class='ocrx_word' id='word_1_121' title='bbox 150 2081 369 2174; x_wconf 77' lang='lat' dir='ltr'>invasionem,</span> <span class='ocrx_word' id='word_1_122' title='bbox 400 2083 568 2175; x_wconf 85' lang='lat' dir='ltr'>pestremo</span> <span class='ocrx_word' id='word_1_123' title='bbox 596 2081 724 2175; x_wconf 89' lang='lat' dir='ltr'>pestem</span> <span class='ocrx_word' id='word_1_124' title='bbox 752 2083 787 2155; x_wconf 85' lang='lat' dir='ltr'>et</span> <span class='ocrx_word' id='word_1_125' title='bbox 813 2081 1006 2175; x_wconf 87' lang='lat' dir='ltr'>epidimiam</span> <span class='ocrx_word' id='word_1_126' title='bbox 1034 2081 1069 2154; x_wconf 94' lang='lat' dir='ltr'>in</span> <span class='ocrx_word' id='word_1_127' title='bbox 1097 2082 1269 2156; x_wconf 81' lang='lat' dir='ltr'>uniuersos</span> <span class='ocrx_word' id='word_1_128' title='bbox 1296 2083 1519 2177; x_wconf 75' lang='lat' dir='ltr'>grassantem,</span> <span class='ocrx_word' id='word_1_129' title='bbox 1549 2083 1629 2158; x_wconf 85' lang='lat' dir='ltr'>item</span> <span class='ocrx_word' id='word_1_130' title='bbox 1648 2085 1699 2158; x_wconf 82' lang='lat' dir='ltr'>la-</span> 
     </span>
     <span class='ocr_line' id='line_1_14' title="bbox 150 2201 1697 2297; baseline 0.003 -23"><span class='ocrx_word' id='word_1_131' title='bbox 150 2223 249 2293; x_wconf 74' lang='lat' dir='ltr'>rsem,</span> <span class='ocrx_word' id='word_1_132' title='bbox 277 2225 439 2297; x_wconf 72' lang='lat' dir='ltr'>agrorum</span> <span class='ocrx_word' id='word_1_133' title='bbox 462 2203 498 2276; x_wconf 86' lang='lat' dir='ltr'>et</span> <span class='ocrx_word' id='word_1_134' title='bbox 525 2203 771 2277; x_wconf 86' lang='lat' dir='ltr'>frumentorum</span> <span class='ocrx_word' id='word_1_135' title='bbox 797 2201 1015 2292; x_wconf 84' lang='lat' dir='ltr'>alluvionem,</span> <span class='ocrx_word' id='word_1_136' title='bbox 1044 2201 1288 2276; x_wconf 84' lang='lat' dir='ltr'>mortalitatem</span> <span class='ocrx_word' id='word_1_137' title='bbox 1315 2204 1580 2296; x_wconf 76' lang='lat' dir='ltr'><strong>quadrupedum,</strong></span> <span class='ocrx_word' id='word_1_138' title='bbox 1610 2227 1697 2278; x_wconf 88' lang='lat' dir='ltr'>mor-</span> 
     </span>
     <span class='ocr_line' id='line_1_15' title="bbox 149 2321 1700 2419; baseline 0.003 -23"><span class='ocrx_word' id='word_1_139' title='bbox 149 2323 332 2398; x_wconf 77' lang='lat' dir='ltr'>dacitatem</span> <span class='ocrx_word' id='word_1_140' title='bbox 359 2323 544 2400; x_wconf 78' lang='lat' dir='ltr'>bestiarum</span> <span class='ocrx_word' id='word_1_141' title='bbox 571 2325 608 2396; x_wconf 90' lang='lat' dir='ltr'>et</span> <span class='ocrx_word' id='word_1_142' title='bbox 633 2324 800 2416; x_wconf 84' lang='lat' dir='ltr'>luporum,</span> <span class='ocrx_word' id='word_1_143' title='bbox 839 2321 949 2396; x_wconf 80' lang='lat' dir='ltr'>rarius</span> <span class='ocrx_word' id='word_1_144' title='bbox 984 2323 1122 2416; x_wconf 91' lang='lat' dir='ltr'>insuper</span> <span class='ocrx_word' id='word_1_145' title='bbox 1157 2323 1278 2417; x_wconf 79' lang='lat' dir='ltr'><strong>plagas</strong></span> <span class='ocrx_word' id='word_1_146' title='bbox 1313 2323 1375 2398; x_wconf 85' lang='lat' dir='ltr'>Dei</span> <span class='ocrx_word' id='word_1_147' title='bbox 1410 2323 1475 2398; x_wconf 85' lang='lat' dir='ltr'>sibi</span> <span class='ocrx_word' id='word_1_148' title='bbox 1511 2322 1655 2400; x_wconf 78' lang='lat' dir='ltr'>invicem</span> <span class='ocrx_word' id='word_1_149' title='bbox 1671 2326 1700 2419; x_wconf 74' lang='lat'>⁹)</span> 
     </span>
     <span class='ocr_line' id='line_1_16' title="bbox 150 2443 1699 2539; baseline 0.003 -21"><span class='ocrx_word' id='word_1_150' title='bbox 150 2446 367 2520; x_wconf 81' lang='lat' dir='ltr'>eueoedentes</span> <span class='ocrx_word' id='word_1_151' title='bbox 394 2444 551 2539; x_wconf 84' lang='lat' dir='ltr'>pertulit,</span> <span class='ocrx_word' id='word_1_152' title='bbox 578 2465 600 2516; x_wconf 90' lang='lat' dir='ltr'><strong>u</strong></span> <span class='ocrx_word' id='word_1_153' title='bbox 644 2444 715 2517; x_wconf 86' lang='lat' dir='ltr'>tem</span> <span class='ocrx_word' id='word_1_154' title='bbox 742 2443 807 2516; x_wconf 88' lang='lat' dir='ltr'>sibi</span> <span class='ocrx_word' id='word_1_155' title='bbox 833 2465 936 2533; x_wconf 82' lang='lat' dir='ltr'>quum</span> <span class='ocrx_word' id='word_1_156' title='bbox 956 2443 1101 2538; x_wconf 75' lang='lat' dir='ltr'>pusiolis</span> <span class='ocrx_word' id='word_1_157' title='bbox 1127 2443 1327 2518; x_wconf 83' lang='lat' dir='ltr'>documento</span> <span class='ocrx_word' id='word_1_158' title='bbox 1360 2443 1408 2517; x_wconf 86' lang='lat' dir='ltr'>sit</span> <span class='ocrx_word' id='word_1_159' title='bbox 1431 2446 1470 2518; x_wconf 87' lang='lat' dir='ltr'>et</span> <span class='ocrx_word' id='word_1_160' title='bbox 1504 2444 1628 2538; x_wconf 75' lang='lat' dir='ltr'>uois,</span> <span class='ocrx_word' id='word_1_161' title='bbox 1657 2467 1699 2522; x_wconf 89' lang='lat' dir='ltr'>ue</span> 
     </span>
     <span class='ocr_line' id='line_1_17' title="bbox 150 2563 1698 2657; baseline 0.003 -19"><span class='ocrx_word' id='word_1_162' title='bbox 150 2566 294 2657; x_wconf 78' lang='lat' dir='ltr'>quiade</span> <span class='ocrx_word' id='word_1_163' title='bbox 320 2567 450 2640; x_wconf 84' lang='lat' dir='ltr'>saetere</span> <span class='ocrx_word' id='word_1_164' title='bbox 477 2566 546 2640; x_wconf 89' lang='lat' dir='ltr'>Dee</span> <span class='ocrx_word' id='word_1_165' title='bbox 573 2566 609 2640; x_wconf 84' lang='lat' dir='ltr'>st</span> <span class='ocrx_word' id='word_1_166' title='bbox 633 2569 715 2639; x_wconf 83' lang='lat' dir='ltr'>suae</span> <span class='ocrx_word' id='word_1_167' title='bbox 743 2563 901 2656; x_wconf 78' lang='lat' dir='ltr'>religioni</span> <span class='ocrx_word' id='word_1_168' title='bbox 941 2564 1125 2638; x_wconf 82' lang='lat' dir='ltr'>mentietur</span> <span class='ocrx_word' id='word_1_169' title='bbox 1152 2566 1187 2639; x_wconf 90' lang='lat' dir='ltr'>et</span> <span class='ocrx_word' id='word_1_170' title='bbox 1214 2563 1349 2656; x_wconf 75' lang='lat' dir='ltr'>illudat</span> <span class='ocrx_word' id='word_1_171' title='bbox 1378 2566 1413 2638; x_wconf 91' lang='lat' dir='ltr'>et</span> <span class='ocrx_word' id='word_1_172' title='bbox 1439 2567 1528 2657; x_wconf 80' lang='lat' dir='ltr'>used</span> <span class='ocrx_word' id='word_1_173' title='bbox 1553 2565 1627 2641; x_wconf 83' lang='lat' dir='ltr'>siue</span> <span class='ocrx_word' id='word_1_174' title='bbox 1644 2589 1698 2642; x_wconf 82' lang='lat' dir='ltr'>ra·</span> 
     </span>
     <span class='ocr_line' id='line_1_18' title="bbox 151 2683 1199 2779; baseline 0.002 -21"><span class='ocrx_word' id='word_1_175' title='bbox 151 2685 278 2779; x_wconf 79' lang='lat' dir='ltr'>ligiena</span> <span class='ocrx_word' id='word_1_176' title='bbox 302 2709 409 2777; x_wconf 72' lang='lat' dir='ltr'>orma,</span> <span class='ocrx_word' id='word_1_177' title='bbox 438 2687 737 2778; x_wconf 77' lang='lat' dir='ltr'>quiantuumuuque</span> <span class='ocrx_word' id='word_1_178' title='bbox 764 2683 927 2778; x_wconf 78' lang='lat' dir='ltr'>petentia,</span> <span class='ocrx_word' id='word_1_179' title='bbox 956 2705 1023 2759; x_wconf 88' lang='lat' dir='ltr'>noe</span> <span class='ocrx_word' id='word_1_180' title='bbox 1050 2683 1199 2760; x_wconf 59' lang='lat' dir='ltr'>uiuant.</span> 
     </span>
    </p>
   </div>
   <div class='ocr_carea' id='block_1_3' title="bbox 150 3020 1699 3146">
    <p class='ocr_par' dir='ltr' id='par_1_3' title="bbox 150 3020 1699 3146">
     <span class='ocr_line' id='line_1_19' title="bbox 150 3020 1699 3146; baseline 0.001 -22"><span class='ocrx_word' id='word_1_181' title='bbox 150 3050 218 3124; x_wconf 80' lang='lat' dir='ltr'>lu</span> <span class='ocrx_word' id='word_1_182' title='bbox 244 3053 279 3123; x_wconf 79' lang='lat' dir='ltr'>et</span> <span class='ocrx_word' id='word_1_183' title='bbox 304 3020 532 3124; x_wconf 68' lang='lat' dir='ltr'>remmus</span> <span class='ocrx_word' id='word_1_184' title='bbox 556 3051 641 3125; x_wconf 82' lang='lat' dir='ltr'>iuter</span> <span class='ocrx_word' id='word_1_185' title='bbox 666 3051 833 3125; x_wconf 76' lang='lat' dir='ltr'>llendoe‘ur</span> <span class='ocrx_word' id='word_1_186' title='bbox 857 3051 996 3124; x_wconf 75' lang='lat' dir='ltr'>-l’rolu</span> <span class='ocrx_word' id='word_1_187' title='bbox 1016 3054 1051 3124; x_wconf 83' lang='lat' dir='ltr'>es</span> <span class='ocrx_word' id='word_1_188' title='bbox 1068 3051 1256 3144; x_wconf 66' lang='lat' dir='ltr'>episopum</span> <span class='ocrx_word' id='word_1_189' title='bbox 1274 3049 1583 3145; x_wconf 57' lang='lat' dir='ltr'>veniturum,</span> <span class='ocrx_word' id='word_1_190' title='bbox 1602 3071 1699 3146; x_wconf 67' lang='lat' dir='ltr'>quom</span> 
     </span>
    </p>
   </div>
   <div class='ocr_carea' id='block_1_4' title="bbox 149 3171 1701 3506">
    <p class='ocr_par' dir='ltr' id='par_1_4' title="bbox 149 3171 1701 3506">
     <span class='ocr_line' id='line_1_20' title="bbox 154 3171 1701 3266; baseline 0.003 -22"><span class='ocrx_word' id='word_1_191' title='bbox 154 3174 189 3244; x_wconf 79' lang='lat' dir='ltr'>lu</span> <span class='ocrx_word' id='word_1_192' title='bbox 213 3171 335 3264; x_wconf 73' lang='lat' dir='ltr'>oppidu</span> <span class='ocrx_word' id='word_1_193' title='bbox 360 3171 601 3244; x_wconf 62' lang='lat' dir='ltr'>totliturieunl</span> <span class='ocrx_word' id='word_1_194' title='bbox 625 3171 1171 3260; x_wconf 60' lang='lat' dir='ltr'>alumnumalumnum</span> <span class='ocrx_word' id='word_1_195' title='bbox 1198 3173 1393 3246; x_wconf 76' lang='lat' dir='ltr'>euersum</span> <span class='ocrx_word' id='word_1_196' title='bbox 1419 3174 1569 3266; x_wconf 59' lang='lat' dir='ltr'>epium</span> <span class='ocrx_word' id='word_1_197' title='bbox 1595 3175 1701 3250; x_wconf 63' lang='lat' dir='ltr'>illota</span> 
     </span>
     <span class='ocr_line' id='line_1_21' title="bbox 149 3292 1700 3384; baseline 0.003 -20"><span class='ocrx_word' id='word_1_198' title='bbox 149 3309 229 3382; x_wconf 78' lang='lat' dir='ltr'>run,</span> <span class='ocrx_word' id='word_1_199' title='bbox 255 3293 417 3384; x_wconf 68' lang='lat' dir='ltr'>preventu</span> <span class='ocrx_word' id='word_1_200' title='bbox 444 3297 478 3365; x_wconf 83' lang='lat' dir='ltr'>et</span> <span class='ocrx_word' id='word_1_201' title='bbox 505 3293 647 3365; x_wconf 74' lang='lat' dir='ltr'>sodada</span> <span class='ocrx_word' id='word_1_202' title='bbox 671 3294 852 3384; x_wconf 61' lang='lat' dir='ltr'>uellqietu</span> <span class='ocrx_word' id='word_1_203' title='bbox 878 3293 990 3365; x_wconf 79' lang='lat' dir='ltr'>seneli</span> <span class='ocrx_word' id='word_1_204' title='bbox 1017 3293 1155 3365; x_wconf 76' lang='lat' dir='ltr'>luemus</span> <span class='ocrx_word' id='word_1_205' title='bbox 1181 3292 1426 3366; x_wconf 78' lang='lat' dir='ltr'>dauluerieuris</span> <span class='ocrx_word' id='word_1_206' title='bbox 1451 3294 1486 3366; x_wconf 76' lang='lat' dir='ltr'>in</span> <span class='ocrx_word' id='word_1_207' title='bbox 1511 3298 1624 3368; x_wconf 71' lang='lat' dir='ltr'>mue</span> <span class='ocrx_word' id='word_1_208' title='bbox 1641 3295 1700 3368; x_wconf 66' lang='lat' dir='ltr'>do</span> 
     </span>
     <span class='ocr_line' id='line_1_22' title="bbox 487 3413 1346 3506; baseline -0.002 -20"><span class='ocrx_word' id='word_1_209' title='bbox 487 3414 681 3487; x_wconf 60' lang='lat' dir='ltr'>medensi</span> <span class='ocrx_word' id='word_1_210' title='bbox 707 3433 763 3505; x_wconf 89' lang='lat' dir='ltr'>per</span> <span class='ocrx_word' id='word_1_211' title='bbox 787 3415 978 3506; x_wconf 73' lang='lat' dir='ltr'>episcopum</span> <span class='ocrx_word' id='word_1_212' title='bbox 1003 3415 1156 3487; x_wconf 70' lang='lat' dir='ltr'>theman</span> <span class='ocrx_word' id='word_1_213' title='bbox 1181 3413 1346 3488; x_wconf 70' lang='lat' dir='ltr'>undum</span> 
     </span>
    </p>
   </div>
   <div class='ocr_carea' id='block_1_5' title="bbox 146 3653 1700 5194">
    <p class='ocr_par' dir='ltr' id='par_1_5' title="bbox 146 3653 1700 5194">
     <span class='ocr_line' id='line_1_23' title="bbox 253 3653 1699 3750; baseline 0.003 -24"><span class='ocrx_word' id='word_1_214' title='bbox 253 3655 294 3727; x_wconf 86' lang='lat' dir='ltr'>lu</span> <span class='ocrx_word' id='word_1_215' title='bbox 322 3675 448 3728; x_wconf 89' lang='lat' dir='ltr'>anuum</span> <span class='ocrx_word' id='word_1_216' title='bbox 472 3653 633 3744; x_wconf 59' lang='lat' dir='ltr'>‘quintum</span> <span class='ocrx_word' id='word_1_217' title='bbox 660 3654 807 3728; x_wconf 75' lang='lat' dir='ltr'>Thomas</span> <span class='ocrx_word' id='word_1_218' title='bbox 834 3653 980 3748; x_wconf 89' lang='lat' dir='ltr'>episeepi</span> <span class='ocrx_word' id='word_1_219' title='bbox 1007 3655 1042 3731; x_wconf 86' lang='lat' dir='ltr'>ot</span> <span class='ocrx_word' id='word_1_220' title='bbox 1067 3654 1120 3727; x_wconf 89' lang='lat' dir='ltr'>sui</span> <span class='ocrx_word' id='word_1_221' title='bbox 1138 3654 1220 3729; x_wconf 88' lang='lat' dir='ltr'>oleri</span> <span class='ocrx_word' id='word_1_222' title='bbox 1239 3653 1530 3731; x_wconf 83' lang='lat' dir='ltr'>Wratisluuieusis</span> <span class='ocrx_word' id='word_1_223' title='bbox 1564 3657 1699 3750; x_wconf 80' lang='lat' dir='ltr'>patrata</span> 
     </span>
     <span class='ocr_line' id='line_1_24' title="bbox 149 3772 1697 3868; baseline 0.003 -21"><span class='ocrx_word' id='word_1_224' title='bbox 149 3795 210 3868; x_wconf 87' lang='lat' dir='ltr'>per</span> <span class='ocrx_word' id='word_1_225' title='bbox 236 3775 420 3848; x_wconf 80' lang='lat' dir='ltr'>Humidum</span> <span class='ocrx_word' id='word_1_226' title='bbox 447 3775 606 3866; x_wconf 72' lang='lat' dir='ltr'>quartum</span> <span class='ocrx_word' id='word_1_227' title='bbox 622 3772 651 3866; x_wconf 83' lang='lat'>³)</span> <span class='ocrx_word' id='word_1_228' title='bbox 678 3775 992 3850; x_wconf 82' lang='lat' dir='ltr'>Wratielarieesem</span> <span class='ocrx_word' id='word_1_229' title='bbox 1020 3775 1145 3849; x_wconf 83' lang='lat' dir='ltr'>llueem</span> <span class='ocrx_word' id='word_1_230' title='bbox 1172 3774 1338 3867; x_wconf 80' lang='lat' dir='ltr'>exiliatis,</span> <span class='ocrx_word' id='word_1_231' title='bbox 1367 3777 1404 3850; x_wconf 91' lang='lat' dir='ltr'>et</span> <span class='ocrx_word' id='word_1_232' title='bbox 1419 3776 1490 3850; x_wconf 64' lang='lat' dir='ltr'>tm</span> <span class='ocrx_word' id='word_1_233' title='bbox 1509 3776 1697 3866; x_wconf 68' lang='lat' dir='ltr'>similatum,</span> 
     </span>
     <span class='ocr_line' id='line_1_25' title="bbox 149 3895 1698 3990; baseline 0.003 -20"><span class='ocrx_word' id='word_1_234' title='bbox 149 3895 348 3990; x_wconf 86' lang='lat' dir='ltr'>oppidorum</span> <span class='ocrx_word' id='word_1_235' title='bbox 374 3898 409 3970; x_wconf 90' lang='lat' dir='ltr'>st</span> <span class='ocrx_word' id='word_1_236' title='bbox 436 3896 605 3985; x_wconf 84' lang='lat' dir='ltr'>villarum,</span> <span class='ocrx_word' id='word_1_237' title='bbox 635 3917 736 3984; x_wconf 91' lang='lat' dir='ltr'>quam</span> <span class='ocrx_word' id='word_1_238' title='bbox 764 3895 966 3970; x_wconf 80' lang='lat' dir='ltr'>deeimarum</span> <span class='ocrx_word' id='word_1_239' title='bbox 992 3897 1027 3969; x_wconf 87' lang='lat' dir='ltr'>et</span> <span class='ocrx_word' id='word_1_240' title='bbox 1053 3895 1255 3968; x_wconf 73' lang='lat' dir='ltr'>introituum</span> <span class='ocrx_word' id='word_1_241' title='bbox 1290 3895 1592 3972; x_wconf 87' lang='lat' dir='ltr'>eueleeiustieerum</span> <span class='ocrx_word' id='word_1_242' title='bbox 1619 3920 1698 3974; x_wconf 84' lang='lat' dir='ltr'>exe-</span> 
     </span>
     <span class='ocr_line' id='line_1_26' title="bbox 147 4015 1698 4112; baseline -0.001 -21"><span class='ocrx_word' id='word_1_243' title='bbox 147 4017 274 4092; x_wconf 85' lang='lat' dir='ltr'>erunda</span> <span class='ocrx_word' id='word_1_244' title='bbox 297 4016 471 4109; x_wconf 86' lang='lat' dir='ltr'>oeuupetie</span> <span class='ocrx_word' id='word_1_245' title='bbox 499 4015 710 4106; x_wconf 73' lang='lat' dir='ltr'>tendebatur,</span> <span class='ocrx_word' id='word_1_246' title='bbox 738 4016 833 4089; x_wconf 88' lang='lat' dir='ltr'>tanti</span> <span class='ocrx_word' id='word_1_247' title='bbox 855 4017 970 4090; x_wconf 80' lang='lat' dir='ltr'>temen</span> <span class='ocrx_word' id='word_1_248' title='bbox 996 4015 1159 4110; x_wconf 85' lang='lat' dir='ltr'>temperie</span> <span class='ocrx_word' id='word_1_249' title='bbox 1183 4015 1297 4109; x_wconf 86' lang='lat' dir='ltr'>spatio</span> <span class='ocrx_word' id='word_1_250' title='bbox 1336 4016 1476 4092; x_wconf 85' lang='lat' dir='ltr'>satietas</span> <span class='ocrx_word' id='word_1_251' title='bbox 1503 4032 1583 4092; x_wconf 85' lang='lat' dir='ltr'>suaa</span> <span class='ocrx_word' id='word_1_252' title='bbox 1601 4018 1698 4112; x_wconf 87' lang='lat' dir='ltr'>eupi-</span> 
     </span>
     <span class='ocr_line' id='line_1_27' title="bbox 148 4135 1698 4229; baseline 0.001 -19"><span class='ocrx_word' id='word_1_253' title='bbox 148 4137 269 4211; x_wconf 83' lang='lat' dir='ltr'>ditatis</span> <span class='ocrx_word' id='word_1_254' title='bbox 294 4157 361 4211; x_wconf 92' lang='lat' dir='ltr'>nen</span> <span class='ocrx_word' id='word_1_255' title='bbox 388 4138 522 4229; x_wconf 85' lang='lat' dir='ltr'>poterut</span> <span class='ocrx_word' id='word_1_256' title='bbox 547 4135 688 4228; x_wconf 85' lang='lat' dir='ltr'>expleri,</span> <span class='ocrx_word' id='word_1_257' title='bbox 718 4136 775 4210; x_wconf 86' lang='lat' dir='ltr'>sed</span> <span class='ocrx_word' id='word_1_258' title='bbox 802 4159 862 4211; x_wconf 87' lang='lat' dir='ltr'>neo</span> <span class='ocrx_word' id='word_1_259' title='bbox 888 4136 1115 4212; x_wconf 84' lang='lat' dir='ltr'>eoelesiastiee</span> <span class='ocrx_word' id='word_1_260' title='bbox 1142 4136 1332 4228; x_wconf 69' lang='lat' dir='ltr'>interdieta</span> <span class='ocrx_word' id='word_1_261' title='bbox 1367 4139 1534 4212; x_wconf 70' lang='lat' dir='ltr'>alueolos</span> <span class='ocrx_word' id='word_1_262' title='bbox 1561 4137 1698 4214; x_wconf 79' lang='lat' dir='ltr'>Suinlru</span> 
     </span>
     <span class='ocr_line' id='line_1_28' title="bbox 148 4255 1700 4352; baseline -0.001 -19"><span class='ocrx_word' id='word_1_263' title='bbox 148 4257 335 4333; x_wconf 73' lang='lat' dir='ltr'>Gneeneuei</span> <span class='ocrx_word' id='word_1_264' title='bbox 361 4256 611 4350; x_wconf 77' lang='lat' dir='ltr'>archiepiscope</span> <span class='ocrx_word' id='word_1_265' title='bbox 639 4255 674 4328; x_wconf 93' lang='lat' dir='ltr'>in</span> <span class='ocrx_word' id='word_1_266' title='bbox 701 4258 809 4330; x_wconf 80' lang='lat' dir='ltr'>terrae</span> <span class='ocrx_word' id='word_1_267' title='bbox 835 4260 974 4331; x_wconf 83' lang='lat' dir='ltr'>suaset</span> <span class='ocrx_word' id='word_1_268' title='bbox 1002 4256 1217 4350; x_wconf 87' lang='lat' dir='ltr'>Prinoipotus</span> <span class='ocrx_word' id='word_1_269' title='bbox 1236 4258 1462 4352; x_wconf 65' lang='lat' dir='ltr'>promulgetis,</span> <span class='ocrx_word' id='word_1_270' title='bbox 1482 4257 1621 4332; x_wconf 83' lang='lat' dir='ltr'>ambitio</span> <span class='ocrx_word' id='word_1_271' title='bbox 1638 4280 1700 4332; x_wconf 88' lang='lat' dir='ltr'>sua</span> 
     </span>
     <span class='ocr_line' id='line_1_29' title="bbox 147 4376 1698 4473; baseline -0.001 -19"><span class='ocrx_word' id='word_1_272' title='bbox 147 4383 184 4454; x_wconf 87' lang='lat' dir='ltr'>et</span> <span class='ocrx_word' id='word_1_273' title='bbox 209 4377 364 4473; x_wconf 81' lang='lat' dir='ltr'>tyrannia</span> <span class='ocrx_word' id='word_1_274' title='bbox 380 4376 408 4466; x_wconf 86' lang='lat'>⁴)</span> <span class='ocrx_word' id='word_1_275' title='bbox 434 4376 594 4470; x_wconf 76' lang='lat' dir='ltr'>restringi</span> <span class='ocrx_word' id='word_1_276' title='bbox 610 4377 648 4470; x_wconf 85' lang='lat'>⁵).</span> <span class='ocrx_word' id='word_1_277' title='bbox 675 4377 812 4450; x_wconf 83' lang='lat' dir='ltr'>Statum</span> <span class='ocrx_word' id='word_1_278' title='bbox 839 4377 982 4470; x_wconf 89' lang='lat' dir='ltr'>denique</span> <span class='ocrx_word' id='word_1_279' title='bbox 1009 4399 1108 4451; x_wconf 88' lang='lat' dir='ltr'>suum</span> <span class='ocrx_word' id='word_1_280' title='bbox 1143 4377 1373 4471; x_wconf 86' lang='lat' dir='ltr'>pontiiioalom</span> <span class='ocrx_word' id='word_1_281' title='bbox 1398 4379 1544 4452; x_wconf 84' lang='lat' dir='ltr'>&#39;l&#39;hemas</span> <span class='ocrx_word' id='word_1_282' title='bbox 1569 4379 1698 4472; x_wconf 85' lang='lat' dir='ltr'>episeo-</span> 
     </span>
     <span class='ocr_line' id='line_1_30' title="bbox 148 4496 1697 4594; baseline 0.001 -21"><span class='ocrx_word' id='word_1_283' title='bbox 148 4521 211 4594; x_wconf 87' lang='lat' dir='ltr'>pus</span> <span class='ocrx_word' id='word_1_284' title='bbox 238 4496 540 4590; x_wconf 76' lang='lat' dir='ltr'>Wrstisleviensis,</span> <span class='ocrx_word' id='word_1_285' title='bbox 569 4498 604 4570; x_wconf 91' lang='lat' dir='ltr'>ot</span> <span class='ocrx_word' id='word_1_286' title='bbox 630 4497 778 4570; x_wconf 81' lang='lat' dir='ltr'>uirorum</span> <span class='ocrx_word' id='word_1_287' title='bbox 804 4497 1116 4589; x_wconf 75' lang='lat' dir='ltr'>eeulesiasdoorum,</span> <span class='ocrx_word' id='word_1_288' title='bbox 1145 4498 1204 4590; x_wconf 90' lang='lat' dir='ltr'>qui</span> <span class='ocrx_word' id='word_1_289' title='bbox 1230 4520 1343 4573; x_wconf 88' lang='lat' dir='ltr'>seeum</span> <span class='ocrx_word' id='word_1_290' title='bbox 1369 4521 1438 4572; x_wconf 91' lang='lat' dir='ltr'>una</span> <span class='ocrx_word' id='word_1_291' title='bbox 1460 4499 1528 4573; x_wconf 90' lang='lat' dir='ltr'>aeti</span> <span class='ocrx_word' id='word_1_292' title='bbox 1546 4498 1697 4574; x_wconf 82' lang='lat' dir='ltr'>orantia</span> 
     </span>
     <span class='ocr_line' id='line_1_31' title="bbox 146 4617 1696 4709; baseline -0.001 -16"><span class='ocrx_word' id='word_1_293' title='bbox 146 4621 301 4709; x_wconf 74' lang='lat' dir='ltr'>exilium,</span> <span class='ocrx_word' id='word_1_294' title='bbox 326 4617 369 4690; x_wconf 86' lang='lat' dir='ltr'>de</span> <span class='ocrx_word' id='word_1_295' title='bbox 396 4617 563 4706; x_wconf 81' lang='lat' dir='ltr'>uersibus,</span> <span class='ocrx_word' id='word_1_296' title='bbox 592 4617 729 4690; x_wconf 87' lang='lat' dir='ltr'>deeirnis</span> <span class='ocrx_word' id='word_1_297' title='bbox 754 4619 791 4690; x_wconf 89' lang='lat' dir='ltr'>et</span> <span class='ocrx_word' id='word_1_298' title='bbox 817 4617 1023 4708; x_wconf 66' lang='lat' dir='ltr'>introitibus</span> <span class='ocrx_word' id='word_1_299' title='bbox 1051 4617 1087 4690; x_wconf 90' lang='lat' dir='ltr'>iu</span> <span class='ocrx_word' id='word_1_300' title='bbox 1115 4617 1258 4691; x_wconf 87' lang='lat' dir='ltr'>eliorum</span> <span class='ocrx_word' id='word_1_301' title='bbox 1284 4620 1416 4693; x_wconf 87' lang='lat' dir='ltr'>Duuum</span> <span class='ocrx_word' id='word_1_302' title='bbox 1441 4619 1600 4693; x_wconf 88' lang='lat' dir='ltr'>Poloniee</span> <span class='ocrx_word' id='word_1_303' title='bbox 1627 4621 1696 4692; x_wconf 87' lang='lat' dir='ltr'>ter·</span> 
     </span>
     <span class='ocr_line' id='line_1_32' title="bbox 147 4737 1697 4832; baseline 0.001 -20"><span class='ocrx_word' id='word_1_304' title='bbox 147 4740 196 4813; x_wconf 90' lang='lat' dir='ltr'>ris</span> <span class='ocrx_word' id='word_1_305' title='bbox 223 4742 259 4812; x_wconf 88' lang='lat' dir='ltr'>et</span> <span class='ocrx_word' id='word_1_306' title='bbox 285 4739 412 4812; x_wconf 88' lang='lat' dir='ltr'>ditione</span> <span class='ocrx_word' id='word_1_307' title='bbox 439 4737 709 4827; x_wconf 64' lang='lat' dir='ltr'>denudantibus,</span> <span class='ocrx_word' id='word_1_308' title='bbox 736 4760 820 4826; x_wconf 88' lang='lat' dir='ltr'>ques</span> <span class='ocrx_word' id='word_1_309' title='bbox 846 4737 1015 4812; x_wconf 88' lang='lat' dir='ltr'>Henriuus</span> <span class='ocrx_word' id='word_1_310' title='bbox 1041 4737 1336 4812; x_wconf 84' lang='lat' dir='ltr'>Wrutisluuionaie</span> <span class='ocrx_word' id='word_1_311' title='bbox 1355 4739 1434 4812; x_wconf 85' lang='lat' dir='ltr'>Dux</span> <span class='ocrx_word' id='word_1_312' title='bbox 1450 4760 1612 4832; x_wconf 88' lang='lat' dir='ltr'>eoeupare</span> <span class='ocrx_word' id='word_1_313' title='bbox 1630 4763 1697 4814; x_wconf 87' lang='lat' dir='ltr'>usu</span> 
     </span>
     <span class='ocr_line' id='line_1_33' title="bbox 148 4857 1698 4956; baseline -0.001 -22"><span class='ocrx_word' id='word_1_314' title='bbox 148 4861 294 4956; x_wconf 86' lang='lat' dir='ltr'>poteret,</span> <span class='ocrx_word' id='word_1_315' title='bbox 322 4860 528 4948; x_wconf 81' lang='lat' dir='ltr'>sustentans,</span> <span class='ocrx_word' id='word_1_316' title='bbox 567 4860 602 4930; x_wconf 91' lang='lat' dir='ltr'>et</span> <span class='ocrx_word' id='word_1_317' title='bbox 628 4857 663 4930; x_wconf 92' lang='lat' dir='ltr'>in</span> <span class='ocrx_word' id='word_1_318' title='bbox 691 4858 812 4951; x_wconf 87' lang='lat' dir='ltr'>oppido</span> <span class='ocrx_word' id='word_1_319' title='bbox 839 4857 1093 4932; x_wconf 84' lang='lat' dir='ltr'>Ruthiberiensi</span> <span class='ocrx_word' id='word_1_320' title='bbox 1122 4879 1202 4932; x_wconf 83' lang='lat' dir='ltr'>suae</span> <span class='ocrx_word' id='word_1_321' title='bbox 1229 4857 1523 4935; x_wconf 80' lang='lat' dir='ltr'>Wratislarieueis</span> <span class='ocrx_word' id='word_1_322' title='bbox 1555 4858 1698 4934; x_wconf 80' lang='lat' dir='ltr'>dionesie</span> 
     </span>
     <span class='ocr_line' id='line_1_34' title="bbox 146 4978 1697 5075; baseline -0.003 -19"><span class='ocrx_word' id='word_1_323' title='bbox 146 4979 356 5056; x_wconf 76' lang='lat' dir='ltr'>domicilium</span> <span class='ocrx_word' id='word_1_324' title='bbox 383 4999 499 5072; x_wconf 68' lang='lat' dir='ltr'>agona</span> <span class='ocrx_word' id='word_1_325' title='bbox 526 4978 616 5069; x_wconf 89' lang='lat' dir='ltr'>quod</span> <span class='ocrx_word' id='word_1_326' title='bbox 643 4979 725 5051; x_wconf 86' lang='lat' dir='ltr'>tune</span> <span class='ocrx_word' id='word_1_327' title='bbox 751 5001 772 5052; x_wconf 85' lang='lat' dir='ltr'>a</span> <span class='ocrx_word' id='word_1_328' title='bbox 799 4978 970 5052; x_wconf 84' lang='lat' dir='ltr'>Kuuimire</span> <span class='ocrx_word' id='word_1_329' title='bbox 985 4978 1014 5075; x_wconf 83' lang='lat'>⁶)</span> <span class='ocrx_word' id='word_1_330' title='bbox 1051 4978 1221 5072; x_wconf 87' lang='lat' dir='ltr'>Opelieusi</span> <span class='ocrx_word' id='word_1_331' title='bbox 1257 4980 1349 5052; x_wconf 86' lang='lat' dir='ltr'>Duee</span> <span class='ocrx_word' id='word_1_332' title='bbox 1374 4979 1571 5070; x_wconf 80' lang='lat' dir='ltr'>tenebatur,</span> <span class='ocrx_word' id='word_1_333' title='bbox 1600 4978 1697 5053; x_wconf 80' lang='lat' dir='ltr'>exilii</span> 
     </span>
     <span class='ocr_line' id='line_1_35' title="bbox 146 5097 1696 5194; baseline -0.001 -20"><span class='ocrx_word' id='word_1_334' title='bbox 146 5101 201 5175; x_wconf 89' lang='lat' dir='ltr'>eui</span> <span class='ocrx_word' id='word_1_335' title='bbox 228 5102 264 5175; x_wconf 90' lang='lat' dir='ltr'>et</span> <span class='ocrx_word' id='word_1_336' title='bbox 290 5121 425 5173; x_wconf 87' lang='lat' dir='ltr'>suerum</span> <span class='ocrx_word' id='word_1_337' title='bbox 453 5097 625 5172; x_wconf 88' lang='lat' dir='ltr'>molestias</span> <span class='ocrx_word' id='word_1_338' title='bbox 644 5097 877 5188; x_wconf 80' lang='lat' dir='ltr'>aequanimius</span> <span class='ocrx_word' id='word_1_339' title='bbox 896 5100 1096 5194; x_wconf 84' lang='lat' dir='ltr'>perferebat.</span> <span class='ocrx_word' id='word_1_340' title='bbox 1126 5099 1273 5173; x_wconf 76' lang='lat' dir='ltr'>Uenetus</span> <span class='ocrx_word' id='word_1_341' title='bbox 1293 5097 1391 5172; x_wconf 92' lang='lat' dir='ltr'>illum</span> <span class='ocrx_word' id='word_1_342' title='bbox 1409 5098 1576 5173; x_wconf 88' lang='lat' dir='ltr'>Henrious</span> <span class='ocrx_word' id='word_1_343' title='bbox 1595 5121 1696 5189; x_wconf 88' lang='lat' dir='ltr'>quar-</span> 
     </span>
    </p>
   </div>
   <div class='ocr_carea' id='block_1_6' title="bbox 146 5370 1696 5558">
    <p class='ocr_par' dir='ltr' id='par_1_6' title="bbox 146 5370 1696 5558">
     <span class='ocr_line' id='line_1_36' title="bbox 166 5370 1696 5454; baseline -0.014 -13"><span class='ocrx_word' id='word_1_344' title='bbox 166 5411 170 5420; x_wconf 95' lang='lat'>·</span> <span class='ocrx_word' id='word_1_345' title='bbox 257 5373 283 5454; x_wconf 88' lang='lat'>¹)</span> <span class='ocrx_word' id='word_1_346' title='bbox 305 5377 431 5438; x_wconf 76' lang='lat' dir='ltr'>aduenit.</span> <span class='ocrx_word' id='word_1_347' title='bbox 467 5375 537 5436; x_wconf 74' lang='lat' dir='ltr'>coa.</span> <span class='ocrx_word' id='word_1_348' title='bbox 560 5375 653 5435; x_wconf 67' lang='lat' dir='ltr'>Beer.</span> <span class='ocrx_word' id='word_1_349' title='bbox 685 5372 719 5452; x_wconf 68' lang='lat'>⁹)-</span> <span class='ocrx_word' id='word_1_350' title='bbox 736 5376 913 5436; x_wconf 79' lang='lat' dir='ltr'>subinuloem</span> <span class='ocrx_word' id='word_1_351' title='bbox 941 5375 1010 5437; x_wconf 78' lang='lat' dir='ltr'>Oed.</span> <span class='ocrx_word' id='word_1_352' title='bbox 1034 5373 1127 5436; x_wconf 69' lang='lat' dir='ltr'>Roar.</span> <span class='ocrx_word' id='word_1_353' title='bbox 1170 5371 1198 5452; x_wconf 77' lang='lat'>³)</span> <span class='ocrx_word' id='word_1_354' title='bbox 1218 5377 1351 5449; x_wconf 75' lang='lat' dir='ltr'>quntum</span> <span class='ocrx_word' id='word_1_355' title='bbox 1381 5373 1451 5437; x_wconf 76' lang='lat' dir='ltr'>(lod.</span> <span class='ocrx_word' id='word_1_356' title='bbox 1474 5376 1566 5438; x_wconf 66' lang='lat' dir='ltr'>Reor.</span> <span class='ocrx_word' id='word_1_357' title='bbox 1599 5370 1629 5453; x_wconf 76' lang='lat'>⁴)</span> <span class='ocrx_word' id='word_1_358' title='bbox 1652 5380 1696 5449; x_wconf 68' lang='lat' dir='ltr'>ey.</span> 
     </span>
     <span class='ocr_line' id='line_1_37' title="bbox 146 5475 1550 5558; baseline -0.004 -16"><span class='ocrx_word' id='word_1_359' title='bbox 146 5482 286 5544; x_wconf 86' lang='lat' dir='ltr'>rannides</span> <span class='ocrx_word' id='word_1_360' title='bbox 314 5480 383 5541; x_wconf 77' lang='lat' dir='ltr'>Cori.</span> <span class='ocrx_word' id='word_1_361' title='bbox 406 5479 480 5540; x_wconf 76' lang='lat' dir='ltr'>Aul.</span> <span class='ocrx_word' id='word_1_362' title='bbox 505 5475 532 5558; x_wconf 81' lang='lat'>⁵)</span> <span class='ocrx_word' id='word_1_363' title='bbox 554 5481 725 5552; x_wconf 83' lang='lat' dir='ltr'>nequiverat</span> <span class='ocrx_word' id='word_1_364' title='bbox 746 5481 895 5552; x_wconf 72' lang='lat' dir='ltr'>restringi.</span> <span class='ocrx_word' id='word_1_365' title='bbox 922 5478 993 5539; x_wconf 72' lang='lat' dir='ltr'>oud.</span> <span class='ocrx_word' id='word_1_366' title='bbox 1017 5480 1109 5539; x_wconf 68' lang='lat' dir='ltr'>Beer.</span> <span class='ocrx_word' id='word_1_367' title='bbox 1134 5475 1161 5558; x_wconf 79' lang='lat'>⁰)</span> <span class='ocrx_word' id='word_1_368' title='bbox 1183 5479 1347 5540; x_wconf 80' lang='lat' dir='ltr'>wladislao</span> <span class='ocrx_word' id='word_1_369' title='bbox 1373 5475 1435 5540; x_wconf 79' lang='lat' dir='ltr'>God</span> <span class='ocrx_word' id='word_1_370' title='bbox 1457 5479 1550 5542; x_wconf 73' lang='lat' dir='ltr'>Roas.</span> 
     </span>
    </p>
   </div>
   <div class='ocr_carea' id='block_1_7' title="bbox 0 0 2100 6272">
    <p class='ocr_par' dir='ltr' id='par_1_7' title="bbox 0 0 2100 6272">
     <span class='ocr_line' id='line_1_38' title="bbox 0 0 2100 6272; baseline 0 0"><span class='ocrx_word' id='word_1_371' title='bbox 0 0 2100 6272; x_wconf 95' lang='lat' dir='ltr'> </span> 
     </span>
    </p>
   </div>
  </div>
 </body>
</html>
