4192 6272
402 483 529 586 1178v
1010 481 1121 585 uranu
1147 536 1392 589 surrruus..
1549 471 1551 474 v
1680 520 1741 614 (Α.
1762 521 1807 596 D.
1828 520 1954 618 1285.)

401 720 493 796 tibus
520 719 668 794 iuratum
694 720 758 810 est,
788 723 823 794 et
850 720 1000 794 omnium
1027 724 1225 815 castrorum,
1255 723 1432 802 ciuitatum
1459 729 1495 802 et
1522 727 1749 804 munitionum
1776 732 1869 806 facta
1894 733 1952 808 de·

401 841 496 917 ditio.
525 842 604 916 Una
630 842 703 918 sola
729 841 958 917 cracoviensis
985 865 1048 917 arn
1075 847 1110 918 et
1137 847 1217 919 urbs
1257 848 1425 938 restabat,
1465 848 1501 923 in
1537 873 1604 943 qua
1630 872 1666 926 se
1692 853 1818 927 lestko
1846 853 1953 948 Niger

402 965 480 1037 Dux
507 985 582 1039 oum
610 962 777 1058 Griphina
804 968 957 1040 consorte
984 968 1019 1039 et
1046 966 1163 1060 paucis
1189 969 1367 1043 admodum
1401 971 1646 1064 familiaribus,
1675 996 1696 1047 a
1722 975 1882 1066 caeteris,
1910 999 1954 1051 nc

402 1084 473 1158 illis
501 1085 659 1179 perfidiae
694 1087 784 1160 esset
810 1085 839 1158 si
867 1109 978 1162 secum
1006 1088 1183 1182 sentirent,
1212 1091 1376 1182 desertus
1405 1093 1610 1168 continebat.
1639 1092 1692 1169 dd
1719 1118 1791 1171 eam
1819 1120 1953 1189 quoque

401 1207 745 1302 comprehendendam
786 1206 961 1281 (luuradus
988 1209 1158 1285 Nasoulae
1186 1214 1221 1285 et
1247 1211 1436 1286 Gnirnansis
1463 1214 1543 1288 Dux
1569 1238 1612 1289 ox
1639 1216 1850 1291 Saudomirie
1876 1240 1952 1292 ounr

401 1328 517 1424 copiis,
547 1351 567 1402 a
594 1329 699 1402 Paulo
727 1326 938 1403 Crotoniensi
966 1330 1121 1426 episcopo
1148 1335 1184 1406 et
1210 1333 1390 1407 baronibus
1416 1357 1456 1410 ao
1483 1335 1651 1411 militibus
1678 1338 1953 1414 Gracorionsibus

401 1449 1005 1542 etSandomiriensibusconsultus,
1035 1451 1244 1548 inspergit,
1282 1477 1413 1530 omnem
1434 1457 1457 1549 ¹)
1494 1457 1669 1533 uictoriam
1706 1459 1742 1532 in
1779 1483 1846 1534 uno
1883 1461 1954 1534 solo

402 1571 584 1648 Lestkonis
610 1571 710 1666 Nigri
738 1571 842 1647 Ducis
869 1595 1016 1667 corpore,
1045 1574 1073 1647 si
1100 1575 1175 1670 cupi
1204 1580 1327 1670 posset,
1356 1579 1537 1653 autumans
1564 1579 1747 1656 consistere
1762 1580 1803 1675 ²).
1830 1582 1949 1657 Perni-

402 1694 492 1770 ciosa
519 1693 723 1770 difficultate
750 1693 898 1785 undique
933 1696 1060 1770 Lestlro
1096 1697 1202 1790 Niger
1237 1698 1316 1771 Dux
1352 1700 1562 1790 coarctatus,
1591 1701 1683 1776 uario
1705 1702 1830 1776 mentis
1853 1705 1953 1778 aestu

402 1817 579 1905 fluctuans,
609 1814 690 1907 quid
718 1815 782 1890 sibi
810 1817 976 1910 agendum
1004 1819 1159 1908 restaret,
1189 1822 1335 1896 moestus
1362 1822 1397 1894 ot
1423 1820 1556 1895 consilii
1583 1821 1691 1916 inops,
1729 1823 1951 1912 deliberabat;

405 1936 679 2012 deliberationem
706 1939 819 2010 autern
862 1940 971 2012 metus
1007 1942 1043 2013 et
1082 1939 1295 2014 denuntiatio
1326 1940 1463 2015 hostilis
1498 1942 1664 2018 adventus
1701 1943 1952 2038 intercipiebat.

402 2057 522 2134 Arcem
550 2057 686 2151 quidem
714 2058 962 2134 Oraooviensem
991 2059 1070 2134 forti
1099 2061 1312 2136 defensorum
1338 2065 1374 2137 et
1401 2061 1549 2138 rnilitum
1577 2063 1742 2158 praesidio
1775 2066 1950 2139 locandam

400 2203 483 2270 esse,
512 2179 661 2254 stratio
696 2182 731 2254 et
758 2179 944 2254 necessitas
980 2181 1188 2256 suadebant:
1226 2185 1393 2275 quatenus
1428 2206 1468 2258 oa
1501 2185 1596 2260 volut
1630 2184 1770 2280 capitali
1807 2189 1952 2278 retenta,

400 2305 532 2378 caetera
558 2301 694 2377 facilius
721 2301 757 2376 in
784 2301 944 2376 ditionem
974 2303 1134 2378 redirent.
1180 2305 1245 2379 Sed
1273 2305 1307 2378 id
1334 2327 1466 2397 quoque
1501 2305 1680 2380 consilium
1719 2306 1867 2382 rnilitum
1894 2309 1953 2383 de·

400 2425 500 2501 lectio
527 2427 562 2500 et
589 2447 702 2500 eorum
730 2423 787 2517 qui
814 2427 1046 2500 rernanserant
1074 2425 1239 2520 paucitas,
1260 2426 1435 2500 difficilius
1453 2426 1634 2502 faciebant.
1661 2429 1797 2502 Salubri
1815 2430 1954 2504 tandem

306 2565 314 2572 ·
401 2546 540 2622 consilio
568 2547 692 2622 Lostko
721 2547 826 2640 Niger
853 2547 932 2620 Dux
960 2546 1165 2641 inspiratur,
1200 2548 1243 2621 ad
1271 2547 1507 2622 cracovienses
1543 2548 1632 2624 ciues
1667 2549 1892 2626 Thoutonicos
1917 2573 1955 2626 se

401 2668 578 2760 convertit,
608 2671 644 2743 et
670 2671 741 2742 tam
768 2667 947 2744 Ducissam
974 2668 1176 2763 Griphinarn
1203 2671 1389 2744 consortem
1418 2691 1532 2761 suam,
1570 2693 1672 2764 quarn
1699 2691 1809 2747 arcem
1836 2672 1872 2746 iu
1898 2695 1954 2748 eo·

404 2813 479 2865 rum
506 2791 606 2867 ddarn
629 2791 669 2866 st
694 2789 873 2866 tuitionem
901 2790 1095 2881 committit,
1124 2789 1298 2886 pollicitus
1325 2791 1426 2866 fidem
1452 2813 1566 2866 corum
1593 2791 1628 2865 in
1657 2792 1871 2869 necessitatis
1897 2777 1953 2868 ar·

401 2911 503 2986 ticulo
519 2909 729 3004 praestitum,
746 2909 924 2985 debellatis
952 2910 1117 3001 hostibus,
1146 2910 1276 2985 abunde
1296 2931 1331 2984 so
1350 2909 1628 3005 praemistorum.
1656 2912 1737 3006 Ipse
1763 2934 1841 2988 oum
1868 2937 1952 3010 pan-

401 3035 461 3125 cio,
489 3057 564 3110 arce
591 3033 722 3110 civibus
749 3034 1023 3110 dracouiensibus
1050 3035 1191 3125 tradita,
1220 3056 1301 3109 suae
1328 3034 1524 3112 deiectionis
1543 3034 1704 3110 iniuriam
1722 3037 1952 3130 amplexatus,

403 3157 438 3229 in
466 3155 678 3251 Hungariam
704 3156 748 3230 ad
775 3156 1004 3232 Wladislaurn
1032 3157 1229 3253 Hungariae
1247 3157 1388 3251 Regem,
1408 3157 1531 3232 solatia
1545 3155 1573 3251 ³)
1601 3157 1826 3251 quaesiturus,
1847 3181 1954 3252 quan-

402 3282 437 3352 to
464 3277 614 3352 celeriori
643 3279 753 3371 potest
780 3299 889 3369 cursu,
920 3280 1042 3370 quarta
1069 3279 1197 3353 decima
1225 3278 1278 3352 die
1305 3277 1388 3351 Iulii
1415 3301 1458 3352 er
1485 3279 1643 3354 draoovia
1669 3301 1848 3374 egressus,
1877 3303 1954 3354 oon·

377 3396 523 3474 tendit.
551 3399 786 3474 Graoovienses
812 3403 926 3473 autern
953 3401 1041 3476 ciues
1059 3402 1217 3476 aduersus
1253 3400 1443 3474 cunradum
1479 3400 1645 3476 Nasoviae
1679 3403 1715 3476 et
1741 3400 1955 3477 Ozirnensem

404 3522 541 3610 Ducem,
571 3521 731 3594 advorsus
758 3543 890 3614 quoque
918 3522 1068 3616 proprios
1096 3524 1235 3596 barones
1262 3524 1297 3596 et
1323 3520 1451 3596 milites
1469 3521 1645 3597 defendere
1663 3521 1848 3614 ciuitatem,
1868 3524 1956 3616 quod

403 3644 439 3717 et
464 3640 611 3715 humiles
638 3641 734 3716 illius
760 3644 842 3717 tunc
870 3642 968 3734 muri,
997 3645 1033 3718 et
1062 3666 1180 3738 parurn
1209 3642 1344 3737 prouisa
1371 3641 1501 3717 moenia
1528 3644 1660 3734 essent,
1699 3645 1734 3718 et
1769 3645 1842 3717 tam
1868 3643 1956 3718 areis

403 3787 503 3854 qnam
532 3762 683 3837 civitatis
710 3762 811 3837 tuitio
839 3787 898 3858 pro
926 3788 990 3838 uno
1017 3765 1199 3857 eodemque
1235 3767 1385 3858 terrrpore
1413 3763 1601 3858 periculosa
1628 3763 1808 3856 uideretur,
1838 3765 1955 3856 diffisi,

404 3884 541 3958 civitate
567 3884 709 3974 deserta,
738 3907 814 3958 oum
842 3886 1014 3977 uxoribus,
1044 3886 1242 3980 pignoribus
1270 3888 1305 3960 ot
1330 3885 1476 3960 fortunis
1512 3908 1547 3960 se
1575 3886 1609 3958 in
1638 3907 1747 3961 arcem
1774 3886 1954 3981 recipiunt,

403 4007 520 4080 eontra
547 4005 715 4096 quoslibet
742 4005 888 4100 impetus
916 4006 1012 4080 illaur
1040 4008 1200 4082 tutaturi.
1229 4007 1376 4082 Advenit
1404 4007 1541 4083 taudem
1577 4029 1652 4082 curu
1689 4007 1840 4082 exercitu
1867 4009 1955 4082 Cun-

340 4227 341 4231 ,
404 4126 814 4215 radusNasouiaeDux,
843 4131 878 4201 et
906 4129 1020 4202 urbem
1049 4151 1187 4203 uacuam
1215 4129 1404 4218 offendens,
1434 4127 1570 4202 ineam
1607 4149 1642 4203 se
1669 4128 1808 4222 recapit.
1846 4128 1957 4203 llittit

403 4247 522 4322 deinde
549 4248 689 4322 barones
715 4248 758 4320 ad
785 4247 874 4323 rivos
901 4248 1135 4324 trudonienses
1162 4249 1386 4323 Thoutonicos
1414 4270 1523 4324 arcem
1551 4251 1777 4340 observantes
1806 4249 1955 4323 familia·

404 4391 458 4443 res
484 4371 519 4443 at
547 4371 642 4442 notos
668 4369 740 4444 illis
767 4370 906 4461 militas,
935 4369 993 4461 qui
1022 4373 1205 4462 monerent,
1236 4372 1273 4444 ut
1300 4393 1376 4445 arce
1403 4370 1546 4462 reddita,
1576 4374 1610 4446 et
1639 4370 1705 4465 ipsi
1732 4371 1768 4445 in
1795 4371 1954 4461 (lauradi,

405 4511 505 4582 quern
532 4489 721 4566 uniuersale
747 4494 783 4566 ot
809 4512 944 4565 concors
972 4494 1132 4566 baronum
1169 4493 1204 4566 ot
1233 4491 1434 4566 militarium
1461 4493 1630 4568 decretum
1659 4515 1719 4586 pro
1746 4493 1839 4567 Duce
1865 4493 1955 4567 delc-

405 4609 523 4704 gissot,
552 4609 714 4686 ditionem
741 4611 905 4702 uenirent,
935 4635 1042 4705 nequa
1069 4637 1090 4686 a
1116 4613 1283 4688 oonrmuni
1312 4613 1513 4687 militarium
1540 4613 1715 4688 uoluntate
1752 4613 1954 4707 desiperent,

406 4731 532 4805 iustum
560 4733 594 4806 et
621 4733 839 4807 favorabilem
866 4735 990 4810 Ducem
1018 4735 1220 4824 dunradum,
1250 4734 1286 4808 in
1313 4757 1494 4826 eommque
1521 4735 1620 4826 rotis,
1659 4735 1687 4808 si
1723 4757 1811 4826 quac
1839 4736 1955 4829 post-
2020 4759 2022 4762 ·

407 4854 479 4929 lara
506 4853 645 4946 uellent,
676 4854 874 4949 clementem
903 4857 938 4930 et
964 4855 1160 4949 propitium,
1190 4855 1288 4930 iuxta
1314 4856 1516 4950 etamplius
1543 4878 1645 4948 quam
1671 4857 1876 4931 Lestkonem
1894 4856 1955 4929 Ni·

406 4997 516 5070 gmm,
545 4973 575 5047 si
602 4995 714 5050 secum
742 4999 810 5050 una
838 4975 963 5052 sentire
989 4976 1161 5070 coeperint
1177 4975 1215 5070 ⁴),
1245 4977 1433 5072 praesentis
1465 4999 1595 5070 quoque
1622 4976 1781 5052 facinoris
1808 4976 1955 5072 impuni-

406 5098 511 5170 tatem
540 5097 746 5190 perpotuam,
775 5097 829 5172 sin
858 5097 981 5189 minua,
1010 5099 1134 5172 iratum
1163 5101 1198 5172 et
1224 5097 1472 5174 formidabilem
1501 5097 1650 5174 habituri
1665 5097 1704 5193 ⁵).
1732 5100 1842 5174 Parvo
1868 5101 1953 5174 tem·

517 5373 540 5451 ¹)
562 5391 647 5435 unam
673 5372 745 5436 (iod.
769 5377 860 5436 Rorr.
884 5369 913 5456 α)
936 5375 1106 5436 consistere.
1119 5375 1197 5437 deest
1211 5375 1247 5435 in
1265 5373 1337 5438 (lod.
1359 5373 1432 5438 Aut.
1461 5372 1488 5454 ³)
1511 5375 1620 5438 auxilia
1636 5375 1708 5440 Ood.
1730 5376 1823 5440 soor.
1847 5370 1874 5456 ⁴)
1889 5392 1954 5438 coe·

413 5479 520 5556 perint,
543 5479 671 5541 habituri
693 5479 752 5541 Ed.
775 5479 862 5558 laps.
888 5475 915 5561 ⁵)
937 5480 1067 5542 relaturi.
1082 5477 1153 5541 coe.
1177 5480 1270 5542 Roas.
