4162 6288
142 543 207 638 (Α.
229 544 276 622 D.
296 545 416 642 1268.)
757 571 869 624 amera
895 557 1088 625 susumus.
1616 556 1691 628 409

140 756 318 849 nupserat,
347 757 382 833 et
408 754 641 832 consanum
668 757 938 834 'druebnicuonsis
960 758 1155 836 monasterii
1174 759 1389 852 abbatissam,
1418 761 1576 856 suscepit.
1605 763 1693 837 llor-

139 877 215 950 tem
251 875 417 950 Karimiri
453 875 554 951 Ducis
590 877 817 972 capariensis,
855 879 958 956 etiam
995 883 1096 958 castri
1132 880 1329 974 Bidgoscue,
1372 882 1459 974 quod
1494 882 1536 956 ad
1571 882 1695 958 fiumen

140 996 249 1088 Brda,
279 996 315 1072 in
343 998 434 1074 sorte
459 998 673 1074 Zemornislai
694 999 717 1092 ¹)
743 1002 778 1076 et
804 1001 1001 1095 duyauieusi
1029 1003 1162 1078 Ducatu
1189 1001 1292 1076 situm
1318 1002 1382 1093 est,
1411 1001 1553 1078 defectio
1580 1004 1696 1078 seeum

139 1119 210 1192 est.
257 1118 460 1194 bonuarios
486 1120 576 1196 enim
602 1119 697 1196 illius
724 1121 926 1198 Theodrious
944 1146 1066 1218 genere
1088 1123 1281 1198 Pruthenus
1296 1122 1336 1216 ²),
1364 1124 1399 1198 et
1425 1123 1484 1214 qui
1502 1123 1695 1198 idololotria

141 1238 277 1330 relicta,
314 1239 416 1314 fidem
450 1242 577 1316 rectam
615 1243 784 1336 professus
819 1245 903 1334 erat,
945 1245 1042 1319 nulla
1076 1244 1278 1324 necessitate
1314 1245 1420 1335 actus,
1462 1243 1694 1318 tautummodo

141 1381 289 1452 sperans
316 1382 352 1437 se
378 1361 595 1456 largitionem
622 1364 784 1457 grandem
812 1367 1077 1457 consecuturum,
1115 1367 1263 1440 castrum
1290 1365 1480 1458 praefatum
1506 1364 1694 1458 Bidgoscra

49 1481 57 1496 ’
141 1479 225 1555 fidei
254 1503 334 1558 suae
361 1483 536 1575 creditum,
565 1485 721 1559 Boleslao
748 1485 808 1558 Pio
836 1485 1030 1560 dalissiensi
1057 1486 1143 1559 Duoi
1169 1470 1287 1560 tradit.
1316 1485 1395 1561 Sero
1423 1487 1537 1586 tamen
1564 1507 1600 1560 so
1618 1507 1694 1580 per·

141 1601 263 1676 fidiam
300 1603 477 1680 admisisse
512 1604 698 1697 dinoscere,
727 1605 763 1679 in
790 1607 1057 1700 desperationem
1084 1629 1212 1697 versus,
1249 1607 1289 1680 de
1325 1606 1558 1680 consciscenda
1589 1607 1695 1680 morte

140 1723 280 1798 ratione
306 1723 403 1816 inita,
432 1725 537 1800 accito
565 1725 739 1818 familiari,
768 1728 807 1799 ut
834 1749 869 1800 so
896 1727 1110 1817 interficeret,
1145 1726 1333 1820 imperauit.
1380 1725 1443 1819 Qui
1471 1726 1562 1800 iussa
1589 1729 1694 1800 teme·

141 1843 239 1918 rarie
266 1868 446 1937 exequere,
476 1849 596 1940 sponte
623 1846 1006 1922 cervicemtondontcm
1033 1868 1199 1938 mucrone,
1228 1847 1338 1922 alieno
1366 1869 1401 1920 se
1423 1847 1605 1938 inquinans
1623 1867 1695 1921 sce·

141 1965 228 2056 lere,
257 1965 432 2060 praecidit.
461 1967 582 2042 Erexit
608 1969 782 2061 praefatus
808 1969 984 2042 Boleslaus
1011 1967 1093 2042 Pius
1120 1965 1330 2042 dalissiensis
1357 1968 1435 2041 Dux
1462 1967 1528 2042 tria
1555 1966 1624 2042 alia
1642 1989 1695 2042 ca·

141 2087 223 2161 stra
248 2089 310 2160 sub
337 2110 374 2162 eo
401 2090 561 2182 tempore,
589 2111 696 2162 onum
723 2089 855 2181 quidem
875 2089 910 2162 in
929 2088 1069 2182 uillegio
1097 2088 1235 2164 comitis
1261 2087 1436 2179 Scaedrioi,
1465 2089 1552 2180 quod
1579 2089 1695 2182 appel-

141 2206 236 2280 lavit
261 2209 386 2301 Domo,
424 2207 614 2303 alterum³l
641 2209 787 2283 invilla
819 2209 1042 2303 aneuomiri
1078 2209 1141 2282 filii
1178 2209 1402 2304 Trzebpeslai,
1440 2211 1526 2301 quod
1564 2205 1697 2283 vocavit

143 2328 314 2421 Nposlusa
329 2328 368 2422 ι),
396 2330 537 2405 tertium
565 2329 710 2404 interra
736 2329 885 2404 Rudenei
912 2330 981 2404 sive
1008 2330 1207 2405 Welunensi
1234 2351 1334 2423 super
1361 2331 1553 2422 Preoenam,
1582 2330 1634 2405 cui
1653 2351 1696 2404 ex

141 2449 282 2524 nomine
308 2472 366 2524 suo
393 2451 636 2545 Boleelaupeoa
664 2474 782 2527 nornen
811 2451 920 2526 dedit:
950 2451 1037 2542 quod
1056 2452 1176 2542 solum,
1205 2451 1332 2524 duobus
1360 2449 1525 2544 prioribus
1552 2450 1695 2524 dissolu·

143 2569 207 2659 tis,
235 2570 386 2647 ridemus
413 2594 433 2645 a
459 2563 803 2648 Kczimiro'socundo
835 2571 994 2648 Poloniae
1029 2573 1124 2666 Rege
1160 2573 1251 2648 cocto
1287 2572 1394 2646 latere
1421 2571 1593 2647 firmatum
1620 2574 1695 2646 ten·

143 2692 320 2768 tummodo
347 2715 533 2787 superesse.

624 3059 770 3132 blomans
799 3063 934 3150 uranus
960 3059 1047 3150 rape
1074 3058 1221 3132 moritur.

252 3296 385 3372 Ultima
415 3297 607 3372 Decembris
643 3297 708 3388 dic,
747 3297 798 3372 uir
833 3297 924 3372 uitae
960 3297 1191 3372 sanctissimae
1228 3297 1379 3371 blomans
1414 3297 1507 3389 Papa
1543 3295 1695 3386 quartus,

146 3417 295 3513 insignis
335 3417 456 3492 iurista
492 3420 528 3492 et
555 3418 765 3512 praedicator
800 3417 968 3513 egregiae,
1006 3418 1063 3492 diu
1101 3417 1258 3492 carnibus
1293 3415 1477 3506 abstinens,
1514 3415 1696 3508 asperrimo

144 3541 236 3614 lecto
261 3560 462 3634 prosemper,
492 3539 642 3615 vestibus
669 3562 745 3614 vero
773 3539 872 3614 lineis
899 3540 941 3614 ad
961 3561 1094 3614 carnem
1110 3538 1138 3632 ⁵)
1165 3559 1336 3629 nunquam
1365 3537 1399 3610 in
1427 3537 1558 3629 Papatu
1586 3537 1695 3625 utens,

143 3660 292 3736 Viterbii
328 3659 482 3750 moritur,
521 3681 597 3735 cum
633 3660 731 3734 anuis
759 3683 861 3754 prope
895 3659 1003 3734 tribus
1039 3658 1194 3749 sedisset,
1231 3660 1266 3732 et
1303 3657 1337 3731 in
1373 3655 1513 3732 ecelesia
1553 3656 1697 3738 fratrum

144 3781 423 3856 Praedicatorum
451 3779 596 3856 Viterbii
614 3781 795 3856 honorifice
813 3780 987 3875 sepelitur.
1016 3781 1096 3854 Post
1123 3778 1218 3852 cuius
1245 3779 1385 3853 mortem
1412 3776 1526 3851 scissis
1549 3776 1584 3850 in
1602 3774 1697 3850 varia

147 3904 228 3976 vota
253 3901 499 3993 Gardiualibus,
528 3901 625 3977 stetit
643 3901 794 3976 Ecclesia
820 3903 983 3992 acinano,
1013 3925 1079 3976 non
1097 3899 1170 3975 sine
1198 3922 1257 3973 suo
1276 3902 1311 3973 et
1329 3898 1435 3974 totius
1458 3897 1573 3992 populi
1601 3895 1696 3970 cbri-

147 4021 254 4096 stiani
280 4021 403 4118 grandi
430 4022 615 4122 dispendio,
644 4022 743 4098 annis
770 4021 903 4098 circiter
930 4021 1041 4096 tribus
1068 4021 1201 4115 pastore
1228 4019 1378 4095 uiduata.

149 4385 359 4477 satrapem
385 4385 591 4462 Pomerauiae
618 4387 689 4459 ltu
717 4387 892 4460 neuturus
919 4384 1053 4458 mandat
1078 4385 1175 4472 tiliis,
1203 4401 1242 4456 oo
1270 4381 1450 4456 cruciferos
1477 4384 1535 4453 aut
1560 4380 1698 4454 Poloror

374 4507 550 4598 impetrat:
577 4506 721 4597 quirino
748 4507 872 4580 auxilia
899 4523 1017 4594 comm,
1046 4525 1079 4576 ro
1106 4505 1266 4594 augente,
1293 4503 1474 4596 implorent.

254 4745 381 4839 Quarta
407 4745 536 4822 decima
563 4746 644 4820 Iulii
672 4745 797 4820 mensis
824 4746 888 4836 die,
917 4745 1173 4838 Suantopellrus
1209 4742 1426 4818 Pomerauiae
1454 4742 1531 4814 Dux
1559 4738 1701 4814 moritur

148 4869 184 4940 et
211 4864 247 4938 in
275 4866 479 4940 monasterio
506 4868 596 4960 apud
622 4867 761 4942 Oliwam
790 4865 963 4960 sepelitur,
996 4864 1207 4940 Mostuinum
1235 4864 1321 4938 alias
1348 4861 1568 4954 Mecaugium,
1598 4860 1699 4936 War-

149 4987 305 5078 cislaum,
335 4987 544 5062 Samborium
572 4989 607 5061 et
633 4987 881 5076 Rathiborium,
911 4988 1054 5079 quatuor
1081 4985 1170 5059 filios
1198 4984 1408 5076 relinquens:
1438 4981 1560 5073 quibus
1587 4980 1622 5052 in
1640 5001 1699 5052 er·

148 5106 269 5182 tremis
296 5129 410 5202 agens,
439 5107 532 5183 dedit
559 5109 728 5201 mandata,
758 5111 924 5202 quatenus
951 5129 1111 5202 aguerra
1129 5105 1308 5182 Oruciforis
1335 5103 1507 5194 mouenda,
1536 5102 1702 5193 quantum

259 5382 283 5463 ¹)
307 5385 445 5446 Semoviti
473 5385 543 5447 Cod.
566 5387 658 5446 Roer.
689 5383 715 5462 Ω)
737 5385 936 5446 Theodosious
953 5402 1060 5459 genere
1078 5383 1230 5445 Rutheuus
1258 5383 1329 5444 dod.
1353 5383 1444 5444 Roer.
1476 5377 1503 5458 ³)
1526 5378 1606 5439 uliud
1625 5375 1696 5440 Ood.

146 5490 243 5552 Beer.
283 5485 310 5566 ⁴)
332 5491 474 5551 Niesluch
500 5489 571 5551 God.
594 5492 687 5551 Roas.
722 5485 748 5561 5)
771 5496 802 5550 et
824 5507 911 5550 carne
938 5487 1011 5549 Ood.
1037 5491 1132 5550 Roar.

200 5625 223 5670 J.
236 5626 330 5680 Dlufloa.
345 5627 432 5670 Ilietor.
446 5627 516 5666 Polou
540 5627 565 5668 Τ.
581 5627 614 5670 11.
1515 5609 1547 5656 52
