4162 6288
987 559 1098 609 nnana
1125 557 1318 610 seramus.
1663 537 1723 630 (Α.
1744 537 1790 613 D.
1811 537 1948 631 1256.)

384 955 553 1026 telesinus
574 955 691 1026 taleas
718 955 789 1026 ltux
814 953 1040 1046 tegrinsensis
1058 955 1212 1026 thomam
1230 954 1419 1044 episcopum
1437 953 1732 1026 wratislaviensem
1751 973 1825 1024 cum
1844 974 1930 1046 prae·

384 1076 495 1166 posito
523 1078 557 1146 et
584 1075 737 1146 canonice
766 1077 921 1166 captivat,
953 1094 1047 1166 quem
1074 1075 1185 1148 decern
1212 1075 1356 1148 millilrus
1382 1094 1560 1148 marcarum
1586 1078 1692 1163 taxat,
1719 1079 1754 1148 et
1780 1079 1819 1146 ut
1847 1075 1932 1147 deci-

386 1216 456 1269 mae
484 1197 701 1289 manipulares
732 1197 765 1268 in
793 1199 935 1268 fertones
958 1199 1226 1285 transmutentur,
1253 1196 1361 1268 iulet:
1392 1200 1521 1288 propter
1548 1195 1634 1288 pund
1661 1197 1730 1288 ipre
1758 1201 1792 1270 et
1818 1197 1932 1270 Princi-

783 1322 881 1410 patus
908 1318 1134 1409 tegrinsensis
1161 1317 1333 1391 interdicto
1361 1318 1538 1390 subiicitur.

491 1593 705 1668 Pormeranico
733 1594 831 1684 bella,
870 1593 959 1684 quod
995 1615 1055 1686 pro
1082 1594 1192 1667 castro
1219 1593 1331 1667 Nakel
1358 1615 1379 1667 a
1406 1593 1686 1687 Suantopellrone
1715 1592 1933 1667 Porneraniae

388 1717 478 1798 Duce
506 1715 703 1820 intercepto,
739 1716 810 1787 tarn
845 1713 966 1787 animis
1002 1735 1104 1806 qulam
1131 1713 1216 1788 ediis
1243 1713 1388 1806 infestis,
1427 1714 1560 1808 integro
1588 1716 1657 1788 fere
1684 1713 1818 1788 biennio
1846 1714 1934 1788 inter

388 1836 538 1931 proprios
565 1838 700 1930 gestum
727 1837 789 1925 est,
827 1859 887 1929 per
913 1834 1186 1928 compositionem
1222 1836 1384 1925 extincto,
1423 1835 1457 1908 in
1493 1834 1602 1910 Slesia
1637 1857 1770 1908 rursum
1806 1835 1934 1909 bellurn

388 1980 472 2031 ausu
499 1957 665 2050 sacrilego
701 1956 803 2028 Ducis
839 1956 1078 2050 Legnicnemsis
1114 1955 1264 2030 Boleslai
1284 1957 1306 2050 ¹)
1333 1956 1427 2031 Calvi
1454 1957 1611 2030 renatum
1637 1958 1701 2029 est.
1746 1955 1811 2049 Qui
1838 1953 1935 2048 quasi

388 2079 563 2168 iacturam,
605 2099 707 2168 quam
733 2077 886 2151 Gunrado
912 2077 1012 2150 fratri
1040 2077 1126 2151 Duci
1153 2076 1370 2171 Glogoriensi
1397 2076 1573 2151 dimidium
1599 2076 1839 2171 Legnicnensis
1864 2077 1934 2150 Du·

389 2202 484 2274 oatuas
520 2199 599 2273 dore
636 2199 780 2288 coactus,
820 2199 1018 2292 pertulerat,
1056 2199 1317 2287 instauraturus
1355 2201 1489 2292 patrum
1526 2220 1662 2272 suorum
1697 2198 1934 2271 nonnullorum

389 2323 521 2414 Regum
548 2322 583 2394 et
610 2319 805 2414 Principum
833 2320 992 2394 Poloniae
1020 2319 1143 2393 itinera
1172 2341 1274 2414 praua
1301 2321 1499 2409 sectaturus,
1534 2319 1613 2392 duan
1640 2318 1753 2392 mimus
1779 2339 1935 2412 prospere

389 2443 479 2515 bella
505 2464 580 2516 curm
608 2441 836 2514 saecularibus
864 2442 940 2514 acta
967 2441 1214 2532 successissent,
1244 2461 1318 2514 cum
1346 2439 1583 2513 ecelesiasticis
1600 2461 1640 2513 ea
1659 2440 1735 2533 plus
1758 2438 1933 2530 utilitatis,

391 2562 502 2636 nninus
528 2561 699 2656 impensae
716 2564 751 2635 et
771 2561 939 2655 dispendii
961 2560 1151 2652 habiturus,
1180 2583 1296 2656 gerere
1323 2559 1443 2654 eoepit.
1472 2561 1634 2633 Thermum
1651 2559 1818 2650 siquidem
1836 2559 1935 2634 Wra-

390 2683 619 2758 tislarieusenr
654 2683 867 2777 episcopum,
907 2682 1016 2756 virum
1051 2684 1086 2757 et
1122 2704 1181 2776 pro
1217 2681 1404 2776 pontificali
1439 2680 1662 2772 excellentia,
1698 2682 1734 2755 et
1760 2701 1821 2774 pro
1847 2679 1936 2755 uitae

392 2803 634 2896 sanctimonia,
672 2828 738 2896 qna
774 2804 863 2879 inter
898 2806 1047 2879 caeteros
1082 2803 1259 2878 Polemieae
1295 2802 1454 2877 ecclesiae
1481 2801 1656 2896 pontifices
1681 2801 1875 2896 splenduit,
1903 2803 1937 2876 et

392 2926 526 3020 publico
553 2928 589 3000 et
615 2926 745 3022 privato
773 2926 882 3000 officie
909 2925 974 2999 sibi
1001 2926 1238 3014 venerandum,
1271 2925 1307 2997 in
1334 2923 1448 2999 Gorka
1475 2923 1609 3017 praedio
1636 2923 1768 2998 abbatis
1795 2923 1937 2997 Sanctae

391 3047 518 3121 Mariae
544 3047 585 3121 de
611 3043 733 3136 Arena,
762 3047 799 3119 in
826 3047 913 3140 quod
941 3068 1062 3120 noram
1089 3045 1264 3120 ecclesiane
1292 3045 1505 3119 dedicaturus
1535 3045 1726 3134 aduenerat,
1764 3043 1936 3134 quiescen-

392 3171 482 3256 tern,
519 3169 615 3242 nocte
643 3189 717 3241 cum
746 3167 817 3240 suis
843 3166 1055 3256 Teutonicis,
1084 3189 1225 3257 quorum
1251 3187 1354 3240 suasu
1380 3168 1415 3240 et
1441 3164 1579 3240 consilio
1605 3163 1642 3238 im
1669 3163 1703 3238 id
1730 3163 1862 3238 lacinus
1888 3165 1937 3238 f-

393 3291 538 3379 rebatur,
568 3288 818 3382 superveniens,
847 3311 922 3362 eum
950 3287 1151 3381 Bognphalo
1178 3287 1368 3382 praeposito
1396 3289 1431 3360 et
1461 3286 1630 3360 Heccerdo
1658 3285 1814 3360 canonico
1838 3286 1937 3362 Wra-

393 3409 646 3484 tislavionsibus
682 3411 780 3484 sexta
820 3408 972 3483 Octobris
1000 3407 1053 3482 die
1080 3407 1241 3502 captivat,
1280 3429 1460 3498 omnesque
1487 3429 1552 3497 res,
1588 3429 1702 3498 equos,
1737 3406 1940 3482 vestimenta

395 3534 429 3604 et
456 3531 608 3604 fortunas
635 3530 842 3624 episcopales
874 3529 946 3603 illic
974 3551 1086 3604 secum
1122 3528 1344 3604 consistentes
1379 3527 1509 3621 diripit,
1547 3530 1582 3601 et
1608 3526 1740 3602 nonnisi
1768 3526 1941 3602 camisiola

394 3675 472 3742 nna,
502 3651 537 3724 in
565 3673 632 3742 qua
659 3651 910 3740 dormitaverat,
948 3652 1087 3741 tectum,
1125 3671 1208 3742 equo
1244 3649 1399 3744 imponit.
1445 3649 1549 3743 Quem
1585 3671 1662 3724 enm
1696 3651 1854 3742 satrapae
1888 3649 1940 3722 sui

394 3771 568 3846 Teutonici
604 3771 819 3862 didicissent,
857 3771 1030 3864 equitandi
1066 3771 1149 3863 (ianm
1185 3770 1275 3846 enirm
1311 3770 1362 3844 vir
1389 3771 1599 3864 grandaevus
1626 3771 1714 3863 erat)
1750 3791 1849 3844 nsum
1874 3793 1939 3844 non

395 3894 528 3983 habere,
566 3915 650 3984 equo
677 3893 731 3967 cui
759 3893 925 3966 insidebat
961 3895 1199 3982 transmutato,
1228 3893 1265 3965 in
1291 3893 1436 3966 alterum
1472 3914 1595 3982 equum
1631 3892 1814 3966 trotantem
1828 3891 1869 3984 Ἰ),
1897 3891 1940 3964 il·

395 4015 477 4104 lum,
507 4014 703 4107 ampliorem
730 4015 877 4088 laborem
904 4017 939 4088 et
967 4015 1113 4088 dolorem
1139 4014 1203 4088 sibi
1232 4013 1408 4102 adiecturi,
1436 4013 1674 4107 transponunt.
1703 4012 1801 4086 Unus
1824 4011 1941 4086 deinde

396 4136 628 4226 latruncnlnS,
665 4136 807 4210 caeteris
842 4136 996 4209 omnibus
1032 4135 1224 4210 Teutoniois
1259 4135 1407 4210 Boleslai
1443 4133 1589 4228 satrapis
1625 4132 1814 4208 nuditatem
1849 4133 1942 4208 illius

397 4258 431 4329 et
458 4255 622 4348 dentium,
659 4257 717 4349 qui
744 4279 787 4331 ex
814 4257 941 4351 frigida
967 4279 1049 4331 aura
1064 4254 1093 4351 3)
1128 4258 1286 4330 causatus
1312 4259 1375 4348 est,
1414 4255 1590 4330 stridorem
1618 4253 1848 4344 irridentibus,
1878 4253 1941 4327 mi-

397 4379 516 4466 sertus,
546 4379 681 4450 vetusta
703 4379 737 4451 et
756 4378 929 4472 virgulata
955 4377 1081 4467 tunica,
1109 4377 1346 4467 veteribusque
1373 4376 1444 4449 sois
1470 4375 1586 4466 ocreis,
1616 4375 1796 4468 nerigore
1822 4374 1943 4449 hiemis

398 4499 656 4588 consumeretur,
687 4498 785 4571 illurn
813 4499 927 4573 restit.
972 4497 1022 4572 Ac
1049 4497 1097 4572 sic
1124 4499 1251 4572 tectum
1278 4497 1321 4569 in·
1341 4498 1490 4570 castrum
1515 4495 1675 4586 Boleslai,
1704 4496 1809 4591 Wlay
1836 4495 1941 4570 nomi·

399 4641 451 4708 ne,
480 4619 678 4712 perducunt,
707 4622 741 4693 et
768 4621 839 4693 tam
867 4617 1059 4713 episcopum
1088 4641 1189 4710 quam
1216 4617 1442 4712 praepositum
1470 4619 1506 4692 et
1531 4617 1726 4692 canonicum
1745 4637 1859 4692 secum
1877 4637 1944 4690 una

399 4741 525 4832 captos,
555 4740 645 4813 Duce
672 4741 826 4814 Boleslao
854 4741 990 4814 iubente
1026 4739 1099 4831 (qui
1126 4739 1331 4814 deeimarum
1367 4733 1641 4832 manipularium,
1678 4759 1763 4829 quae
1789 4737 1943 4832 episeopo

398 4864 433 4932 et
460 4859 615 4934 universo
643 4861 732 4934 clero
759 4859 1032 4948 Wratislariensi
1061 4882 1151 4933 rmore
1177 4858 1309 4953 patriae
1335 4859 1513 4933 Polonicae
1540 4858 1575 4930 in
1602 4857 1729 4952 campis
1753 4857 1943 4951 manipula·

399 4978 461 5051 tirn
497 4980 537 5052 de
573 4978 663 5052 omni
700 5002 805 5073 grano
841 4981 1073 5071 solvebantur,
1112 4979 1147 5052 in
1182 4980 1367 5054 fortunales
1408 4979 1723 5052 transmutationem
1762 4980 1798 5051 et
1830 4977 1944 5054 dorem

401 5097 547 5171 millium
584 5121 768 5173 marcarum
805 5099 1006 5174 solutionem
1042 5101 1216 5174 aTlroma
1251 5099 1404 5194 episcopo
1440 5099 1613 5193 exigebat)
1649 5097 1683 5172 in
1720 5119 1884 5174 arcerem
1911 5100 1946 5174 et

509 5373 916 5452 ¹)B01es1oraeaeeea00a.
939 5376 1011 5440 Aac.
1043 5375 1208 5456 ²)gravius
1230 5383 1396 5452 portantem
1423 5374 1494 5442 Ood.
1517 5379 1610 5442 Rosr.
1642 5373 1670 5453 ³)
1692 5373 1943 5440 suadeamur.

402 5496 492 5542 causa
513 5498 603 5545 aurae
625 5483 685 5544 Eat.
708 5481 795 5561 Lips.
