4208 6282
393 547 442 618 60
1009 561 1121 614 urrann
1147 559 1319 624 oumrus.
1675 531 1803 640 (AD.
1824 531 1928 626 1162.)

393 753 573 850 praedictis
609 753 710 842 facta,
747 750 868 826 asuis
904 747 1160 854 proximioribus
1180 718 1204 843 ΙΙ)
1244 750 1279 822 et
1305 745 1457 843 cognatis
1492 747 1603 840 posset
1638 741 1835 821 labefactari
1870 741 1931 816 aut

394 876 546 970 infringi,
575 874 772 969 suppliciter
799 873 893 946 illam
921 871 1022 967 petiit
1057 871 1262 946 aBoleslao
1298 869 1413 964 Grispo
1448 869 1646 943 Polonorum
1681 867 1771 940 Duce
1797 865 1833 940 et
1859 866 1930 938 blo-

393 1000 519 1074 marcha
545 996 745 1074 confirmari.
791 994 893 1070 Ouios
928 992 1228 1090 praestantissimis
1263 991 1416 1088 precibus
1442 992 1520 1065 Dux
1546 988 1722 1066 Boleslous
1749 988 1932 1082 permotus,

395 1125 429 1198 et
455 1120 546 1216 operi
574 1123 689 1194 sancto
717 1116 1008 1195 confirmationem
1044 1115 1226 1211 praestitit,
1259 1118 1294 1191 et
1320 1117 1407 1190 bona
1442 1112 1617 1207 utriusque
1653 1109 1846 1186 monasterii
1874 1131 1934 1204 per

395 1247 516 1318 Iaxarn
543 1243 677 1333 collato,
714 1265 735 1316 a
769 1241 943 1316 ducalibus
979 1237 1137 1328 seruitiis,
1174 1237 1328 1314 oneribus
1364 1238 1399 1312 et
1425 1235 1563 1310 tributis
1597 1233 1773 1310 liberavit:
1810 1229 1935 1306 statuit

396 1366 571 1458 siquidem,
600 1367 639 1438 ut
665 1363 817 1440 homines
843 1363 1001 1437 villarum
1027 1359 1217 1436 huiusmodi
1243 1359 1286 1434 ad
1304 1358 1549 1454 expeditionem
1565 1357 1593 1452 ⁹)
1620 1379 1686 1432 non
1705 1356 1794 1444 eant,
1824 1353 1936 1428 castre

397 1513 463 1564 nou
490 1487 679 1578 aedificent,
716 1487 880 1560 Poradlne
912 1487 946 1560 et
972 1484 1129 1558 Strosane
1163 1507 1230 1558 non
1265 1483 1407 1574 solvont,
1445 1479 1627 1556 monetario
1663 1501 1729 1554 non
1765 1474 1934 1566 obediant,
1987 1477 1991 1490 '

397 1613 512 1685 Pouoz
539 1611 574 1684 et
600 1609 778 1683 Poduodas
813 1608 891 1682 dare
926 1630 992 1680 non
1028 1605 1251 1700 stringantur.
1297 1606 1347 1678 Ea
1372 1602 1505 1697 quidem
1541 1601 1641 1676 biduo
1657 1598 1684 1694 ³)
1720 1595 1934 1685 monasteria,

398 1735 480 1808 tunc
507 1755 565 1826 par
591 1731 701 1805 virum
737 1729 905 1825 insignem
930 1729 1050 1804 Iaxanr
1076 1725 1310 1822 in'aliquot⁴)
1336 1725 1430 1800 uillis
1456 1725 1609 1814 fundata,
1646 1723 1767 1818 expost
1792 1721 1935 1809 Ducum,

399 1854 692 1950 episcoporumque
719 1854 753 1928 et
779 1851 942 1926 nobilium
969 1850 1235 1926 Grecoviensium
1262 1848 1449 1939 donatione,
1487 1845 1633 1936 decimis,
1670 1841 1814 1938 oppidis,
1842 1839 1937 1916 villis

399 1983 434 2052 et
460 1975 665 2050 notabilibus
691 1973 853 2050 reditibus
880 1972 1086 2068 amplificata
1112 1974 1213 2066 atque
1241 1971 1451 2068 impinguata
1477 1971 1567 2044 sunt.
1595 1965 1697 2043 Guius
1724 1965 1837 2074 autem
1857 1961 1938 2037 stir-

400 2099 453 2193 pis
480 2099 540 2172 aut
567 2120 707 2189 quorum
734 2119 900 2171 armorum
926 2096 1024 2169 miles
1050 2096 1135 2169 laxa
1161 2093 1273 2184 fuerit,
1302 2116 1420 2188 parurn
1447 2115 1490 2168 ex
1516 2089 1684 2166 ueteribus
1710 2085 1884 2162 autoribus
1902 2086 1938 2159 et

401 2219 578 2314 seripturis
592 2219 620 2314 ⁵)
647 2221 789 2310 constat,
828 2217 907 2292 licet
933 2215 1040 2311 aliqui
1054 2217 1084 2314 6)
1110 2217 1262 2292 astruere
1289 2215 1387 2290 illum
1413 2215 1573 2290 conentur
1600 2213 1640 2288 de
1666 2209 1852 2286 Griffonum
1879 2207 1937 2292 do·

401 2365 454 2417 mo
480 2344 516 2417 et
541 2340 741 2438 genealogia
767 2338 932 2416 extitisse.

677 2707 841 2783 badvono
867 2707 1076 2782 Posnaniensi
1103 2707 1252 2802 episcopo
1280 2708 1427 2782 succedit
1452 2708 1661 2783 lombardus.

507 2953 697 3028 Raduanus
723 2950 959 3027 Posnaniensis
986 2949 1171 3046 episcopus
1200 2973 1274 3026 cum
1301 2951 1399 3026 annis
1425 2954 1498 3026 octo
1514 2949 1543 3046 ⁷)
1570 2951 1722 3042 sedisset,
1750 2949 1945 3046 apassione

405 3075 505 3152 iliaca
531 3075 702 3169 correptus
730 3073 870 3148 moritur
897 3075 931 3148 et
958 3073 993 3147 in
1019 3073 1237 3148 Posnaniensi
1264 3073 1403 3149 eeclesia
1430 3073 1603 3169 sepelitur.
1644 3073 1705 3149 Oui
1727 3073 1945 3150 Bernhardus

406 3197 535 3292 primus
571 3196 748 3272 canonicus
779 3195 1028 3288 Posnaniensis,
1055 3196 1111 3271 via
1137 3195 1293 3272 scrutinii
1326 3197 1453 3272 electus
1480 3196 1638 3288 succedit,
1666 3219 1687 3270 a
1712 3195 1863 3272 Ianislao
1890 3217 1944 3268 ar-

406 3318 616 3414 chiepiscopo
634 3317 829 3410 Gnesnensi,
849 3318 1028 3414 Mpoczslai
1055 3318 1157 3394 Ducis
1182 3318 1318 3396 Maioris
1344 3317 1501 3394 Poloniae
1519 3317 1750 3414 patrocinante
1770 3340 1944 3410 consensu,

406 3441 622 3518 confirmatus
649 3441 683 3515 et
710 3442 932 3517 consecratus.

509 3565 573 3637 Pro
600 3561 779 3657 tyrannide
805 3565 839 3637 et
862 3561 1014 3652 saevitia,
1045 3584 1144 3654 quam
1171 3560 1207 3635 in
1233 3562 1434 3636 Lombardos
1461 3564 1496 3637 et
1522 3563 1647 3638 Tuscos
1664 3561 1857 3638 Friderious
1875 3563 1946 3636 Im·

406 3687 540 3780 perator
567 3685 751 3774 exercebat,
780 3685 822 3758 ab
849 3683 1042 3759 Alexandro
1068 3685 1159 3778 Papa
1186 3682 1284 3758 tertio
1310 3683 1540 3778 reprehensus,
1573 3684 1608 3758 in
1636 3707 1796 3780 magnum
1824 3683 1949 3760 furoris

406 3805 598 3900 niroilenb
626 3805 815 3882 Fridericus
841 3807 1028 3902 Imperator
1063 3805 1305 3880 excandescens
1319 3804 1359 3900 9),
1397 3806 1475 3880 dum
1501 3808 1536 3881 et
1563 3829 1583 3880 a
1609 3807 1779 3901 plerisque
1805 3805 1949 3880 insimu-

407 3928 599 4023 laretur¹⁰),
629 3927 944 4018 Mediolanensibus,
974 3925 1179 4020 caeterisque
1205 3926 1321 4000 Tuscis
1347 3929 1448 4020 atque
1465 3929 1659 4004 Lomoordis
1686 3931 1802 4004 contra
1829 3928 1949 4003 Gaesa-

407 4074 477 4126 rern
504 4049 693 4144 favisse¹¹),
723 4049 942 4124 Octauianum
968 4048 1188 4138 Gordinalem
1226 4048 1284 4140 qui
1310 4049 1345 4122 et
1371 4048 1443 4144 ipse
1469 4071 1490 4123 a
1515 4049 1637 4124 minori
1664 4053 1761 4145 parte
1788 4050 1949 4126 bardinu-

407 4173 491 4245 liurn
518 4173 644 4246 electus
672 4172 793 4262 fuerat,
831 4173 948 4248 contra
983 4169 1214 4244 Alexandrum
1240 4169 1352 4264 erigit,
1390 4170 1447 4262 qui
1480 4193 1516 4246 se
1542 4171 1711 4248 Victorem
1749 4168 1950 4260 nominavit

408 4293 466 4386 qui
493 4295 606 4367 farore
637 4292 856 4388 Imperatoris
884 4291 984 4366 focile
1011 4292 1200 4366 universum
1235 4292 1418 4386 temporale
1445 4292 1480 4365 in
1507 4293 1612 4367 Italia
1638 4293 1835 4386 dominium,
1874 4317 1953 4370 vero

407 4419 502 4509 Papa
529 4414 722 4489 Alexandro
749 4414 904 4510 spoliato,
938 4415 1078 4508 adeptus
1105 4416 1167 4487 est.
1213 4413 1331 4486 Tentis
1357 4413 1493 4508 insuper
1521 4416 1807 4509 persecutionibus
1834 4418 1870 4492 et
1898 4415 1951 4491 in·

408 4538 503 4612 sidiis
530 4535 722 4610 Alexander
753 4538 844 4631 Papa
878 4537 950 4610 turn
978 4537 1019 4609 ab
1046 4535 1251 4628 Imperatore
1286 4533 1464 4626 Friderico,
1502 4537 1575 4610 turn
1610 4539 1653 4612 ab
1681 4537 1864 4613 Octauiano
1892 4561 1953 4612 suo

411 4659 638 4754 competitore,
677 4659 863 4752 petebatur,
893 4658 979 4748 quod
1006 4658 1139 4730 coactus
1165 4659 1217 4730 est
1243 4657 1383 4730 Romam
1410 4659 1444 4730 et
1471 4657 1608 4732 Italiam
1635 4659 1825 4754 relinquere
1854 4662 1890 4736 et
1918 4661 1954 4734 in

408 4781 586 4855 Franciam
613 4802 647 4854 se
675 4781 836 4854 conferre.
882 4779 1053 4873 Quocum
1080 4775 1298 4872 pervenisset,
1326 4801 1346 4852 a
1371 4779 1594 4874 Irodouigo¹²l
1621 4783 1829 4858 Francorum
1857 4785 1955 4878 Rege

409 4901 588 4978 honorifice
615 4904 777 4998 exceptus
804 4904 905 4992 atque
932 4899 1173 4974 humanissime
1200 4899 1336 4974 habitus
1362 4901 1397 4975 et
1422 4902 1589 4977 tractatus
1617 4907 1681 4978 est.

517 5128 540 5206 ¹)
562 5129 732 5204 propinquis
759 5125 829 5188 Cori.
852 5127 944 5187 Rorr.
970 5124 998 5204 Ω)
1015 5127 1052 5185 ad
1068 5127 1280 5200 expeditionem
1297 5131 1399 5186 contre
1417 5127 1517 5187 hostes
1544 5125 1614 5190 ocu.
1638 5131 1731 5190 Rorr.
1758 5127 1860 5209 ³)du0
1883 5131 1955 5193 Coa.

409 5235 500 5294 Rorr.
539 5230 565 5310 ⁴)
588 5234 733 5307 aliquibus
755 5233 814 5293 Ed.
838 5233 931 5291 Dobr.
971 5226 997 5307 ⁵)
1021 5232 1136 5304 scriptis
1163 5229 1232 5291 (lod.
1256 5231 1345 5291 Beer.
1375 5233 1567 5306 scriptoribus
1594 5235 1655 5294 Eoi.
1679 5235 1774 5296 Dobr.
1814 5231 1840 5312 ο)
1864 5237 1958 5311 aliqui

409 5339 549 5397 nobilium
571 5337 630 5396 Ed.
654 5337 745 5396 Dobr.
786 5334 811 5414 ⁷)
835 5353 886 5395 sex
912 5331 982 5394 Occi.
999 5335 1091 5394 Reor.
1132 5331 1284 5411 ⁸)molem
1306 5335 1367 5394 Ed.
1390 5335 1485 5396 Dobr.
1524 5333 1551 5414 ⁹)
1575 5339 1739 5398 excanduit.
1767 5338 1838 5401 God.
1862 5341 1959 5400 Roer.

415 5439 457 5514 ¹⁰)
480 5442 551 5501 Cum
573 5459 643 5502 vero
667 5443 743 5501 idem
765 5441 932 5500 Alexander
953 5439 1035 5512 Papa
1055 5439 1133 5513 apud
1157 5437 1311 5498 Caesarem
1334 5441 1512 5520 aplerisque
1528 5441 1754 5517 insimularetur,
1779 5445 1858 5520 quod
1885 5443 1958 5508 eoo.

410 5545 501 5610 Ilorr.
545 5543 583 5627 ¹¹)
606 5544 726 5609 lavisset
751 5543 820 5611 (iod.
843 5545 934 5608 uozr.
973 5539 1015 5622 ¹²)
1038 5543 1186 5602 Ludovioo
1209 5541 1268 5608 Eo.
1291 5542 1384 5602 Dobr.
