4208 6282
383 527 458 598 140
1013 543 1125 596 urana
1151 542 1303 597 suxrus.
1384 489 1388 498 ⁵
1673 523 1735 619 (Α
1756 524 1802 604 D.
1823 525 1934 634 libb.)

379 731 574 808 Kaaimirus
592 753 701 826 nuper
718 732 871 807 mortuus
889 730 1098 824 censebatur,
1127 731 1188 806 aut
1205 733 1413 827 Mpecuslaue
1436 733 1626 830 Opoliensis
1644 735 1679 810 et
1692 734 1931 814 Rathiborien·

381 854 428 930 sis
454 857 534 930 Dux
560 852 771 929 sufficiatur:
805 874 881 928 cum
907 856 969 930 sub
996 853 1140 929 alterius
1165 876 1209 928 ex
1235 853 1289 928 his
1315 855 1514 952 Principatu
1541 859 1576 932 et
1602 856 1766 955 regimine
1793 880 1931 952 speran-

381 977 461 1051 dum
488 976 545 1069 sit,
583 975 732 1070 patriam
757 975 912 1052 meliores
948 999 1050 1070 quam
1085 979 1148 1052 sub
1175 999 1278 1070 puero
1313 978 1451 1054 effectus
1486 978 1692 1054 habiturum.
1740 981 1933 1056 Probabunt

380 1096 537 1174 nonnulli
564 1097 770 1174 sententiam
795 1098 915 1174 taliter
942 1098 1185 1194 depromptam,
1201 1098 1407 1193 pedetentim
1434 1099 1593 1176 inillam
1621 1101 1728 1194 ibant,
1756 1102 1792 1176 et
1818 1103 1933 1196 plures

381 1219 613 1295 verisimiliter
631 1220 852 1296 credebantur
872 1221 895 1315 ¹)
922 1220 959 1295 in
985 1220 1093 1313 illam,
1124 1219 1234 1315 prima
1261 1243 1346 1313 quae
1372 1222 1558 1297 aPulcone
1585 1221 1740 1318 episcopo
1763 1223 1934 1318 explicata

382 1343 466 1434 erat,
494 1343 638 1434 deserta,
676 1342 769 1433 ituri,
806 1342 843 1416 ni
869 1343 957 1418 idom
980 1343 1085 1418 Pulco
1120 1342 1296 1438 episcopus
1311 1342 1340 1437 2)
1374 1344 1579 1418 sententiam
1613 1343 1724 1438 ipsam
1749 1344 1933 1421 refellendo

382 1463 666 1556 demonstrasset,
703 1486 762 1555 ea,
800 1486 886 1557 quae
914 1467 993 1540 baro
1020 1463 1256 1554 disseruisset,
1293 1466 1368 1539 turn
1404 1466 1537 1540 demum
1564 1487 1644 1540 vera
1669 1466 1758 1557 fore,
1797 1466 1855 1541 ubi
1882 1465 1936 1540 ius

383 1584 579 1678 electionis,
616 1585 670 1659 ios
701 1585 940 1676 successionis,
978 1610 1045 1660 non
1080 1586 1271 1682 perimeret.
1317 1587 1558 1681 inpraesenti
1594 1609 1671 1662 vero
1706 1607 1786 1661 casu
1802 1585 1842 1682 ³),
1870 1608 1935 1681 quo

383 1707 617 1782 tantummodo
644 1707 685 1782 de
711 1706 783 1782 iure
810 1707 1018 1800 succedendi,
1047 1731 1115 1782 non
1142 1707 1301 1802 eligendi,
1331 1707 1484 1801 quaestio
1510 1707 1707 1800 ventilatur,
1728 1708 1875 1784 rationes
1901 1710 1936 1783 et

384 1828 617 1924 persuasiones
632 1827 660 1924 ί)
687 1829 877 1924 propositas
913 1831 1024 1906 locum
1061 1830 1254 1926 legitimum
1282 1852 1348 1905 non
1375 1831 1509 1922 habere,
1547 1853 1623 1906 cum
1653 1832 1808 1906 acerbum
1835 1830 1936 1905 nimis

385 1951 572 2044 durumque
599 1953 687 2027 esset
702 1950 740 2045 ⁵),
769 1952 939 2045 quandam
965 1974 1097 2046 quoque
1124 1953 1343 2027 inhumanam
1370 1953 1534 2028 redoleret
1560 1952 1773 2048 tyrannidem
1799 1954 1835 2026 et
1860 1974 1936 2028 cru·

384 2073 571 2164 delitutem,
600 2071 630 2146 si
657 2071 805 2148 filiorum
831 2073 1037 2169 ducalium⁶)‘
1064 2076 1107 2149 ad
1124 2073 1251 2148 iustam
1277 2076 1423 2150 aetatem
1450 2074 1542 2150 brevi
1561 2077 1837 2168 perventurorum
1856 2074 1935 2150 hee-

386 2193 515 2270 reditas
540 2193 667 2268 exteris
693 2193 914 2269 hereditanda
941 2195 1143 2284 traductum
1171 2218 1248 2273 cum
1265 2195 1391 2287 divina,
1420 2195 1578 2270 canonica
1605 2197 1640 2272 et
1671 2195 1842 2290 imperiali
1861 2196 1938 2289 lege

386 2315 468 2389 filiis
495 2338 563 2390 nou
589 2316 718 2390 adultis
745 2317 962 2408 solummodo,
992 2319 1051 2392 sed
1077 2317 1181 2392 etiam
1208 2316 1410 2412 posthumis,
1439 2319 1599 2412 paternae
1625 2317 1790 2412 portionis
1807 2338 1937 2394 succes·

386 2437 436 2511 sio
463 2437 636 2512 debeatur.
674 2440 738 2512 Pro
764 2437 942 2514 retinenda
968 2462 1045 2515 vero
1072 2441 1183 2515 salute
1211 2439 1351 2534 patriae,
1380 2461 1440 2533 pro
1466 2440 1715 2515 manutenenda
1741 2439 1814 2514 eius
1840 2439 1937 2514 auto-

386 2558 502 2651 ritate,
531 2581 591 2653 pro
619 2561 858 2655 benegerendis
885 2560 958 2636 eius
985 2565 1097 2654 rebus,
1126 2561 1395 2656 repellendisque
1421 2560 1696 2652 adversitatibus,
1725 2559 1807 2653 quid
1833 2560 1938 2651 vetat,

388 2683 568 2774 curatores,
605 2682 857 2778 provisoresque
884 2683 978 2778 eligi,
1009 2685 1045 2758 et
1071 2683 1144 2756 illis
1174 2685 1246 2758 tam
1281 2682 1429 2757 filiorum
1457 2682 1639 2775 ducalium,
1676 2705 1778 2776 quem
1804 2681 1938 2777 patriae

387 2804 535 2878 salutem
562 2807 597 2878 et
623 2803 776 2899 regimen
803 2805 979 2880 mandarit
1015 2827 1091 2880 cum
1118 2805 1229 2900 Reges
1256 2807 1292 2880 et
1317 2804 1492 2899 Principes
1518 2804 1729 2896 frequentius
1755 2827 1815 2900 per
1833 2802 1938 2879 admi·

388 2925 605 3001 nistratorias
623 2927 810 3021 potestates
836 2928 872 3002 ot
890 2927 1121 3022 magistratus,
1151 2949 1251 3020 quam
1279 2950 1339 3022 per
1364 2949 1400 3003 se
1426 2926 1529 3022 ipsos,
1557 2926 1661 3002 etiam
1687 2927 1821 3003 virilem
1847 2927 1939 3002 ueta·

388 3049 459 3124 tem
486 3047 667 3140 consecuti,
704 3049 826 3144 Regna
852 3051 888 3125 et
913 3049 1130 3144 Principetus
1164 3048 1415 3126 administrent.
1460 3047 1608 3143 Accepta
1643 3049 1696 3126 est
1730 3049 1813 3124 baec
1848 3047 1940 3122 illico

390 3170 597 3267 pontificalis
624 3170 811 3263 sententia,
840 3172 876 3247 et
902 3171 1068 3263 omuibus,
1105 3194 1191 3264 quae
1218 3171 1254 3246 in
1280 3170 1488 3246 contrarium
1514 3171 1763 3266 allegabantur,
1800 3171 1939 3265 abroga-

388 3293 446 3384 tis,
475 3293 685 3387 consurgunt
711 3315 864 3387 proceres
890 3293 1029 3385 milites,
1054 3294 1089 3369 et
1114 3315 1194 3369 voce
1221 3293 1412 3368 coelotenus
1439 3292 1563 3368 emissa
1589 3292 1798 3368 acclamant:
1828 3291 1938 3381 Vivat,

390 3414 483 3491 vivut
508 3415 635 3488 Lestko
662 3415 741 3489 Dux
767 3416 802 3490 et
829 3415 905 3491 Rex
932 3417 1046 3490 noster
1073 3414 1109 3488 in
1136 3415 1327 3490 aeternum!
1364 3413 1414 3488 do
1441 3413 1489 3489 sic
1514 3414 1623 3508 gradu
1650 3412 1779 3490 concito
1806 3412 1841 3488 in
1864 3413 1939 3486 tha·

392 3538 520 3612 lamum
547 3535 703 3631 ingressi,
741 3560 881 3632 puerum
908 3537 1082 3632 splendide
1108 3538 1319 3627 exornatum,
1348 3537 1427 3610 alba
1453 3536 1607 3611 caesarie
1625 3558 1701 3611 eum
1727 3535 1941 3626 venustante,

391 3660 529 3754 propter
556 3680 659 3752 quam
685 3659 721 3733 et
746 3657 855 3734 Albus
880 3661 1007 3734 Lestko
1034 3659 1320 3753 nuncupationem
1347 3657 1488 3733 sortitus
1515 3660 1578 3750 est,
1608 3657 1645 3730 in
1663 3657 1835 3753 publicum
1862 3658 1942 3732 edu-

391 3782 484 3873 cunt,
514 3782 617 3873 atque
643 3780 680 3854 in
706 3783 783 3856 sede
810 3782 953 3877 paterna
979 3783 1180 3856 collocatum
1212 3780 1405 3874 Principem
1440 3780 1664 3870 constituunt,
1703 3781 1851 3874 duosque
1879 3778 1943 3854 sibi

391 3905 427 3979 et
452 3902 705 3998 Principatibus
730 3901 801 3976 suis
829 3906 1016 3994 curatores,
1054 3903 1212 3979 videlicet
1247 3903 1430 3978 Fulconem
1465 3901 1716 3978 cracoviensem
1751 3901 1945 3996 episcopum

392 4026 427 4100 et
453 4023 630 4100 Nicolaum
665 4047 866 4121 germanum
902 4048 1000 4100 suum
1036 4025 1228 4119 palatinum
1256 4023 1508 4100 Oracoviensem
1534 4023 1706 4118 deligunt,
1736 4025 1770 4099 et
1797 4022 1871 4098 illis
1897 4043 1944 4112 se,

393 4149 497 4224 donec
523 4147 684 4242 Princeps
719 4149 900 4238 adolescat,
939 4147 975 4222 in
1010 4146 1158 4242 singulis
1193 4146 1364 4240 parituros
1391 4145 1621 4242 obstringunt.
1667 4147 1716 4220 De
1742 4146 1807 4219 hec
1833 4145 1947 4219 autem

393 4272 555 4346 baronum
583 4269 619 4343 et
645 4269 794 4344 militum
820 4270 981 4346 uniformi
1007 4269 1192 4360 concordia,
1222 4267 1371 4343 omnium
1398 4268 1533 4362 pectora
1559 4266 1783 4363 singularis7)
1810 4266 1947 4342 exulta·

393 4391 442 4466 tio
469 4390 630 4484 pervasit,
659 4391 914 4484 gratulantibus
941 4390 1119 4483 universis,
1148 4392 1360 4485 premortuo
1387 4388 1544 4483 Principe
1571 4389 1695 4464 olivam
1722 4390 1793 4462 tam
1819 4385 1948 4481 specio·

394 4534 467 4586 sam
493 4511 559 4587 sibi
586 4511 797 4607 prolusisse:
826 4535 926 4605 quam
944 4512 1104 4588 Nicotaus
1132 4512 1305 4607 palatinus
1332 4510 1572 4600 cracoviensis,
1602 4509 1651 4584 vir
1677 4532 1717 4584 ea
1743 4510 1948 4603 tempestate

395 4632 580 4729 plurimum
607 4635 762 4710 oculatus
788 4636 823 4710 et
850 4633 1048 4726 industrius,
1078 4635 1226 4729 amplius
1262 4634 1458 4708 firmaturus
1494 4633 1648 4724 (noverat
1675 4630 1765 4706 euim
1790 4631 1948 4725 vulgares

395 4755 526 4831 animos
562 4755 661 4832 facile
696 4779 780 4832 aura
815 4757 929 4852 frangi
956 4759 991 4831 et
1019 4756 1154 4851 averti),
1187 4755 1333 4850 primum
1361 4754 1496 4848 quidem
1531 4753 1685 4830 omnibus
1712 4753 1749 4826 in
1776 4775 1949 4827 commune

396 4877 526 4974 gratias
553 4877 638 4973 agit,
676 4880 764 4972 quod
790 4879 862 4953 tam
889 4878 1031 4974 patriae,
1069 4900 1170 4971 quam
1186 4877 1213 4971 ⁸)
1241 4876 1410 4952 ducalium
1447 4875 1594 4972 filiorum
1630 4875 1795 4951 rationem
1821 4875 1948 4950 haben-

397 5002 438 5077 do
451 5001 492 5096 9),
520 5001 661 5096 dignum
697 5002 733 5077 et
768 5022 804 5077 se
839 5002 1020 5078 honestum
1055 4998 1275 5096 Reipublicae
1311 5001 1441 5074 statum
1476 5000 1619 5074 formare
1655 4997 1877 5090 studuissent,
1915 4997 1956 5074 et·

506 5192 529 5272 ¹)
553 5196 755 5256 concedebant
777 5195 836 5256 Ed.
859 5196 953 5256 Dobr.
994 5191 1199 5272 ²)episcopus
1226 5191 1429 5252 cracoviensis
1455 5191 1526 5251 Ood.
1550 5190 1642 5251 Roar,
1681 5187 1708 5267 3)
1733 5190 1856 5250 consilio
1878 5187 1948 5250 coc.

397 5301 489 5362 Reae.
529 5293 557 5376 ⁴)
579 5299 797 5373 propositiones
819 5301 880 5360 Ed.
901 5299 997 5359 Dobr.
1038 5293 1064 5374 5)
1087 5299 1127 5356 sit
1160 5295 1231 5358 Ood.
1254 5297 1348 5358 Rorr.
1387 5293 1413 5374 θ)
1437 5297 1563 5356 filiorum
1592 5294 1686 5354 Ducis
1711 5293 1853 5354 Karimirr'
1878 5291 1947 5354 (lod.

398 5406 491 5466 Rosr.
531 5399 686 5482 ⁷)magna
714 5403 774 5465 Ed.
796 5403 890 5464 Dobr.
929 5401 1089 5482 ⁸)gratias
1112 5401 1175 5478 agit
1195 5417 1250 5478 pro
1272 5402 1385 5476 patriae
1410 5407 1440 5462 et
1462 5400 1522 5462 dli.
1545 5399 1639 5462 Dobr.
1678 5395 1708 5478 ⁹)
1730 5398 1846 5460 radone
1867 5398 1948 5464 babi-

400 5513 440 5584 ta,
463 5509 542 5586 quod
563 5509 624 5572 Ed.
648 5508 743 5572 Dobr.
