4246 6274
420 550 469 622 46
679 655 683 666 ⁵
1028 577 1139 629 urana
1165 577 1334 640 sumnus
1690 557 1752 651 (Α.
1770 557 1818 652 D.
1837 555 1944 650 1150.)

418 757 565 832 Boleslai
590 757 697 854 drispi
723 760 878 837 Poloniae
904 763 1004 838 Ducis
1031 765 1066 838 et
1091 765 1284 840 Monarchae
1302 765 1451 861 provisus
1471 767 1494 860 ¹)
1520 767 1679 843 successit
1694 765 1739 860 Ἰ);
1767 767 1829 841 sub
1848 766 1945 840 ouius

419 878 580 978 regimine
607 882 699 959 sedes
725 883 765 960 de
791 884 898 981 prisco
924 886 1144 964 Orusvicieusi
1170 888 1239 963 loco
1267 888 1302 962 in
1328 888 1584 965 Wladislariam
1610 891 1777 964 translata
1802 890 1866 964 est.

586 1255 734 1328 Boleslao
761 1255 871 1348 triaue
898 1256 1085 1329 dolenorum
1104 1198 1296 1330 ¹llonarollao
1323 1259 1466 1331 uescitur
1491 1257 1577 1331 ttius
1603 1259 1779 1332 tolerlau.

523 1494 704 1572 Anastasia
737 1496 878 1574 Ducissa
912 1495 1059 1573 Boleslai
1093 1498 1200 1594 Crispi
1232 1499 1429 1574 Polonorum
1455 1499 1556 1574 Ducis
1582 1501 1616 1575 et
1642 1499 1840 1576 Mouarohae
1866 1520 1947 1573 eon·

421 1640 492 1692 sors
519 1617 676 1714 primario
704 1621 804 1714 partu
829 1619 938 1694 filium
964 1619 1098 1711 effudit,
1136 1621 1176 1697 do
1202 1620 1295 1696 euius
1321 1623 1395 1696 ortu
1423 1625 1518 1717 pater
1543 1621 1674 1697 laetitia
1700 1620 1866 1716 singulari
1893 1643 1948 1696 re·

422 1741 543 1836 pletas,
572 1764 690 1816 nomen
717 1741 770 1815 illi
797 1764 893 1816 suum
919 1743 1093 1817 Boleslaus
1120 1742 1290 1838 imposuit.
1470 1826 1471 1840 χ

522 1863 659 1939 Veteres
685 1863 889 1940 hostilitates
900 1861 936 1959 ³)·
954 1865 1122 1939 Isuaslaus
1147 1865 1345 1961 Kyoviensis
1372 1865 1449 1939 Dux
1475 1867 1585 1940 ultum
1611 1864 1652 1939 iri
1671 1868 1839 1960 satagens,
1868 1884 1948 1939 con·

422 1987 476 2058 tra
502 1982 610 2058 filium
636 1985 912 2060 Wlodimirlronis
937 1987 1061 2061 Ducem
1088 1983 1331 2062 Haliozieusem
1358 1990 1466 2062 mouet
1492 1988 1627 2062 bellum.
1655 1985 1815 2079 Utrisque
1830 1984 1859 2080 ι)
1887 2007 1950 2059 au-

422 2109 491 2181 tem
518 2105 621 2200 copiis
655 2107 697 2180 ad
724 2106 861 2182 durium
897 2107 1015 2182 Sereth
1050 2107 1329 2199 conuenientibus,
1358 2108 1398 2182 fit
1424 2108 1605 2199 conflictus,
1638 2130 1749 2200 aquo
1776 2107 1949 2182 abstinere

421 2230 455 2302 et
481 2226 516 2301 in
542 2227 660 2303 Halica
687 2229 793 2304 redire
819 2229 1095 2305 Wlodimirlronis
1126 2229 1217 2305 filius
1254 2231 1383 2324 (unicus
1411 2229 1498 2304 euim
1525 2233 1612 2325 erat)
1647 2231 1767 2324 rogatu
1803 2229 1951 2304 militiae

421 2372 500 2424 suae
526 2351 658 2425 coactus
683 2353 745 2424 est.
774 2351 935 2442 Utrisque
962 2354 1074 2426 autem
1100 2375 1159 2446 pro
1186 2351 1324 2427 victorie
1350 2351 1586 2442 adnitentibus,
1618 2350 1658 2425 fit
1685 2351 1799 2427 caedes
1825 2350 1950 2446 ingens

419 2475 455 2546 et
480 2473 578 2546 tauta
603 2471 777 2562 involutio,
818 2476 855 2546 ut
883 2495 918 2547 se
945 2473 1086 2548 inuicem
1114 2497 1180 2548 non
1206 2475 1423 2568 agnoscerent
1438 2472 1465 2567 ⁵)
1499 2475 1534 2548 et
1560 2471 1691 2566 utrique
1728 2472 1862 2547 abirent
1889 2495 1950 2567 pro

419 2594 529 2669 uictis
557 2595 603 2668 m
628 2594 788 2688 captivati
815 2598 895 2669 sunt
920 2596 1035 2689 plures
1061 2619 1104 2671 eu
1121 2595 1387 2670 Halicuiensibus
1406 2618 1462 2690 per
1480 2595 1605 2670 milites
1631 2594 1782 2686 Isaaslai,
1810 2597 1846 2670 et
1873 2595 1952 2690 plu·

422 2737 474 2790 res
501 2715 641 2790 Iszoslai
667 2715 793 2790 milites
820 2738 879 2810 por
904 2717 1145 2792 Halicaienses.
1191 2717 1452 2811 Diffugientibus
1479 2717 1589 2792 autem
1616 2716 1779 2790 fratribus
1810 2716 1953 2791 Isasslai

421 2837 676 2931 Suanthopellro
704 2838 737 2911 et
764 2837 971 2930 Wlodimiro,
999 2841 1034 2913 et
1060 2838 1129 2912 filio
1156 2860 1214 2913 suo
1240 2839 1424 2931 Mscuislao‚
1455 2838 1615 2912 remansit
1641 2839 1808 2912 Isuaslaus
1835 2839 1871 2912 iu
1899 2839 1951 2913 lo-

421 2981 458 3034 co
477 2958 667 3034 certaminis
693 2981 768 3034 cum
794 2981 899 3054 pauca
925 2959 1058 3034 militia.
1086 2961 1150 3036 Sed
1176 2961 1310 3052 timeus,
1337 2983 1379 3035 ne
1405 2959 1539 3035 interim
1565 2962 1782 3055 occuparetur
1800 2983 1858 3055 per
1878 2961 1952 3034 Hs-

421 3081 603 3174 lieuieuses,
639 3081 738 3156 iussit
764 3081 867 3157 occidi
892 3081 1050 3178 captivos,
1081 3083 1230 3177 exeeptis
1256 3081 1518 3174 notabilioribus,
1555 3103 1636 3176 quos
1672 3104 1784 3158 secum
1815 3081 1952 3158 delusit

423 3203 459 3280 iu
485 3204 600 3300 Kyou.

728 3569 904 3644 Alexandro
932 3569 1096 3642 llocransi
1123 3570 1271 3662 episcopo
1298 3569 1444 3643 suoecdit
1466 3571 1640 3644 wernerus.

525 3809 717 3886 Alexander
742 3810 932 3886 Ploorensis
958 3809 1142 3904 episcopus,
1179 3808 1375 3883 comannis
1402 3812 1529 3904 septem
1555 3812 1589 3885 et
1616 3809 1740 3906 viginti
1771 3811 1952 3906 pontifica-

423 3937 496 4008 tum
522 3932 692 4028 gessisset,
727 3932 810 4006 obiit
836 3935 870 4006 et
896 3932 931 4006 iu
957 3930 1127 4006 Plocueusi
1154 3930 1291 4006 eeclesia
1316 3931 1444 4026 aceepit
1478 3933 1671 4026 seputuram
1685 3932 1734 4026 6);
1772 3933 1826 4008 cui
1853 3933 1956 4008 War-

422 4077 523 4130 uerus
548 4053 765 4130 scholasticus
791 4053 989 4145 Ploczeusis,
1029 4075 1149 4148 genere
1186 4051 1306 4127 nobilis
1341 4054 1380 4127 de
1415 4053 1509 4126 domo
1548 4054 1653 4127 Rosue
1669 4053 1707 4148 ⁷),
1749 4055 1958 4130 concorditer
2017 4065 2020 4070 ’

422 4179 548 4254 electus
587 4175 744 4252 succedit.
785 4175 886 4250 Ouios
912 4175 1105 4250 electionem
1131 4173 1299 4248 ladislaus
1325 4174 1529 4249 Guesneusis
1556 4175 1824 4270 archiepiscopus
1853 4177 1955 4251 facile

423 4299 463 4373 de
490 4319 652 4373 consensu
678 4297 786 4392 drispi
812 4295 914 4371 Ducis
949 4295 1102 4370 Poloniae
1138 4295 1203 4386 (uir
1229 4295 1317 4370 enirn
1342 4298 1414 4370 erat
1448 4295 1590 4370 eximiae
1625 4297 1800 4392 religionis
1827 4299 1863 4372 et
1891 4298 1952 4372 de-

423 4418 566 4496 uotionis
593 4419 628 4491 in
653 4420 775 4513 Deum)
801 4417 1007 4493 confirmavit
1032 4419 1067 4492 et
1086 4417 1180 4511 ,apud
1206 4416 1449 4492 Irancicionsem
1476 4417 1647 4493 ecclesiam
1678 4417 1714 4492 iu
1732 4419 1950 4496 Plooueuscm

425 4540 590 4617 ordinarit
617 4539 818 4635 episcopum.

532 4834 555 4912 ¹)
578 4837 662 4898 datus
688 4837 758 4896 (lod,
781 4836 871 4896 Roar.
910 4831 938 4911 ῃ)
961 4833 1102 4892 successit
1122 4833 1198 4893 deest
1218 4834 1253 4892 ia
1277 4831 1346 4894 Coei.
1369 4830 1441 4893 Act.
1477 4829 1503 4910 ³)
1527 4835 1688 4894 simultates
1712 4852 1747 4894 ec
1769 4835 1956 4896 hostilitates

429 4941 498 5004 Ood.
520 4943 611 5003 Reae.
649 4935 675 5017 ⁴)
697 4939 854 5013 Utriusque
878 4937 935 4998 Ed.
957 4937 1043 5013 laps.
1078 4932 1103 5015 ὖ)
1126 4942 1332 5010 cognoscerent
1350 4935 1426 5016 Geel.
1449 4937 1540 4998 Roar.
1572 4934 1598 5016 Θ)
1622 4939 1764 5012 sepelitur
1781 4939 1844 5000 Ed.
1863 4941 1957 5000 Dobr

429 5044 454 5127 7)
477 5047 573 5107 Besae
598 5042 667 5110 Geel.
690 5045 781 5108 Reor.
