4208 6282
400 535 472 615 146
1029 557 1141 614 arana
1168 557 1319 616 snxdos.
1692 533 1949 634 (Aestima)

398 749 501 825 celeri
528 771 628 824 cursa
655 747 696 823 ad
725 749 950 843 occupandam
976 747 1168 824 Cracoviam
1195 747 1406 824 contendere.
1434 745 1590 823 Nondum
1617 746 1647 822 is
1674 746 1874 823 relationem
1891 769 1947 822 su·

369 893 452 944 em
480 871 676 965 expleverat
698 870 731 963 ¹),
769 871 803 945 et
830 892 918 944 anus
945 869 1034 946 alias
1049 869 1088 964 ⁹),
1127 870 1274 963 itemque
1307 868 1396 944 alias
1422 871 1458 944 et
1484 868 1572 942 olias
1607 868 1774 944 diversum
1801 871 1947 944 ferentes

396 993 595 1067 successisse
622 1013 748 1082 casum,
778 990 972 1067 adveniant.
1018 993 1124 1066 Falco
1150 993 1266 1066 autem
1293 991 1480 1086 episcopas,
1518 989 1599 1083 quid
1625 990 1753 1066 veritas
1779 990 1949 1066 contineat

396 1113 549 1208 gestiens
575 1135 767 1208 agnoscere,
796 1136 900 1186 annm
928 1135 946 1186 e
974 1112 1179 1208 presbyteris
1205 1112 1276 1186 suis
1303 1115 1365 1187 sab
1392 1111 1605 1187 dissimulato
1631 1111 1752 1187 habitu
1778 1111 1815 1186 in
1841 1114 1948 1188 certa·

397 1234 497 1310 minis
523 1236 645 1324 locam,
683 1235 820 1329 singula
847 1255 932 1326 qaae
959 1237 994 1309 et
1020 1233 1114 1326 quali
1141 1233 1256 1309 ordine
1283 1233 1487 1326 acciderint,
1524 1235 1559 1308 ot
1585 1233 1662 1327 quis
1687 1253 1860 1309 successam
1886 1255 1945 1328 pa·

395 1355 565 1451 latinosb
592 1356 843 1431 cracoviensem
870 1357 905 1430 et
932 1355 1246 1447 Sandomirionsern,
1279 1355 1471 1448 Ducemque
1496 1355 1686 1429 Romanurn
1713 1358 1859 1446 maneat,
1886 1375 1944 1430 onr-

261 1503 264 1510 ’
395 1481 606 1574 ploraturam
633 1477 743 1552 mittit
758 1477 797 1572 ⁴),
826 1476 945 1552 iubens
972 1477 1071 1550 illam
1098 1477 1293 1572 impigram,
1324 1476 1522 1570 diligentem
1548 1477 1583 1552 ot
1610 1478 1744 1552 cautum
1771 1499 1855 1552 esso.
1882 1476 1946 1571 Qui

395 1623 471 1675 cam
499 1599 645 1695 pedestri
673 1599 795 1674 itinero
822 1599 857 1671 in
873 1598 902 1693 ⁵)
929 1598 1049 1693 praelii
1074 1599 1185 1674 locum
1212 1600 1292 1673 anto
1318 1619 1471 1674 occasum
1497 1598 1579 1673 solis
1605 1599 1824 1694 pervenisset,
1841 1599 1887 1673 et
1904 1599 1946 1672 ab

395 1721 450 1796 bis
477 1722 533 1815 qui
562 1719 744 1795 semineces
772 1719 882 1795 rolicti
920 1723 1028 1810 erant,
1067 1723 1103 1795 et
1129 1721 1171 1794 ab
1197 1719 1253 1794 his
1279 1719 1337 1813 qui
1364 1719 1618 1794 interfectorum
1644 1721 1704 1794 aut
1730 1719 1861 1794 animas
1886 1741 1945 1794 ex-

394 1842 588 1918 halantium
614 1842 775 1936 legebant
801 1841 921 1936 spolia,
950 1843 1178 1935 percunctata,
1208 1841 1394 1934 roscitaqua
1417 1840 1571 1933 veritato,
1600 1842 1643 1917 ad
1669 1841 1862 1936 episcopum
1889 1861 1945 1914 sa-

393 1987 452 2038 am
479 1965 661 2038 Falconem
688 1984 852 2053 reversas,
891 1963 1029 2057 singula
1055 1985 1093 2038 co
1120 1963 1246 2055 ordine,
1281 1985 1345 2055 quo
1371 1961 1572 2054 acciderant,
1600 1962 1750 2057 exponit,
1786 1962 1944 2037 referens.

393 2085 618 2180 Mpeozslaam
645 2083 765 2158 Senem
792 2083 928 2158 Maioris
956 2083 1115 2158 Poloniaa
1142 2084 1279 2175 Ducem,
1308 2086 1423 2177 obpro
1448 2107 1527 2159 nece
1553 2083 1619 2157 filii
1645 2083 1697 2158 sui
1723 2081 1883 2173 Boleslai,
1911 2083 1946 2157 ot

393 2229 453 2300 pro
480 2207 618 2280 vulnere
632 2205 671 2299 ⁶),
710 2227 770 2299 pro
800 2204 890 2279 victo
925 2204 1127 2296 discessisse,
1167 2204 1386 2281 dovorioiurn
1422 2205 1728 2280 Sandorniriensem
1755 2203 1945 2299 palatinum

393 2350 414 2401 a
440 2327 628 2422 Mpocnslao
656 2325 828 2420 Opoliensi
854 2327 946 2400 Duce
973 2327 1008 2401 ot
1035 2348 1095 2401 suo
1122 2325 1284 2417 exercitu,
1321 2325 1380 2419 qui
1407 2328 1654 2420 supervenerat,
1691 2325 1883 2401 conflictum
1910 2325 1946 2398 et

393 2449 531 2542 captam
558 2468 642 2538 osse,
671 2447 859 2521 Muranum
886 2447 1101 2522 bistislauion
1128 2446 1255 2522 Ducem
1282 2445 1317 2520 in
1344 2445 1503 2521 Rassiarn
1522 2447 1721 2538 sauciatum,
1749 2445 1942 2540 meterem),

392 2570 494 2663 prout
520 2590 685 2661 quemquo
712 2587 808 2642 casus
835 2568 929 2659 tulit,
967 2567 1003 2642 in
1038 2569 1112 2644 loca
1147 2568 1243 2643 varia
1270 2567 1405 2643 abiisse.
1450 2569 1497 2642 Ed
1522 2569 1627 2644 Falco
1655 2568 1790 2662 quidem
1815 2567 1942 2662 opisco-

392 2711 456 2785 pus
484 2711 632 2764 moerore
659 2688 763 2763 nimio
790 2691 1034 2780 consternatus,
1063 2689 1247 2785 pupilliall
1274 2690 1310 2765 et
1336 2689 1468 2784 patriae
1494 2692 1723 2782 consulturus,
1749 2691 1846 2765 nocta
1863 2690 1941 2764 sab·

392 2809 549 2902 sequenti
577 2811 701 2884 Ducem
729 2811 918 2885 Romanurn
944 2814 1151 2903 consecutas,
1180 2811 1302 2886 obnixo
1329 2813 1448 2906 rogat:
1476 2815 1643 2903 quatenus
1669 2835 1745 2888 cam
1763 2811 1828 2902 bis,
1857 2832 1942 2904 quaa

393 2931 490 3006 illam
519 2933 756 3024 sequebantur,
786 2931 951 3024 reliquiis,
980 2931 1171 3007 Gracoviam
1199 2933 1324 3022 redeat,
1353 2954 1462 3008 arcem
1490 2935 1525 3008 et
1551 2933 1640 3008 filios
1666 2921 1801 3009 ducales
1827 2934 1942 3007 contra

391 3053 568 3129 saevitiam
594 3052 771 3147 Mpeoaslai
800 3053 907 3145 Senis,
936 3075 1036 3146 quem
1062 3055 1219 3149 sperabat
1242 3054 1477 3148 supplemento
1504 3055 1652 3130 militnm
1671 3054 1798 3145 habito,
1827 3054 1869 3128 ed
1887 3073 1939 3128 oo-

391 3176 582 3270 cupandam
608 3173 800 3250 Graeculam
827 3197 1050 3268 reversurum,
1088 3176 1296 3250 defensurus.
1343 3176 1408 3251 Sed
1434 3176 1606 3250 Romanus
1632 3177 1712 3250 Dux
1752 3174 1939 3270 dupliciae

391 3297 624 3392 praepeditum
651 3317 751 3372 causa
776 3297 966 3392 respondet,
1005 3300 1041 3373 et
1067 3297 1199 3372 defectu
1231 3296 1384 3388 militiae,
1420 3319 1506 3391 qaae
1532 3301 1592 3373 aut
1618 3297 1745 3393 praelio
1772 3297 1939 3372 corruerat

391 3420 451 3492 aut
477 3417 561 3512 faga
587 3417 785 3508 defluxerat,
814 3418 849 3492 ot
876 3418 1022 3514 acceptis
1050 3417 1288 3512 vulnoribasb
1317 3441 1402 3511 quae
1428 3420 1659 3495 tumescebant
1678 3418 1732 3514 ¹⁰).
1761 3415 1938 3514 Quaerenti

390 3539 509 3614 deinde
535 3538 701 3633 episcopo,
730 3538 811 3631 quid
837 3539 873 3612 in
900 3540 972 3614 mm
999 3539 1185 3634 periculoso
1211 3539 1424 3615 necessitatis
1450 3541 1596 3616 articulo
1619 3540 1787 3636 agendum
1810 3539 1937 3633 proin·

389 3659 585 3735 calamitate
612 3659 743 3754 patriae
767 3660 932 3755 optimum
959 3662 994 3736 et
1020 3661 1244 3736 necessariam
1270 3662 1341 3736 fore
1368 3664 1529 3753 censeret,
1558 3661 1753 3756 respondet:
1781 3661 1822 3735 de
1848 3659 1937 3754 capi·

389 3784 424 3858 ta
451 3803 582 3856 omnem
610 3802 724 3855 earam
752 3783 940 3857 habendam
967 3805 1056 3874 asso,
1093 3784 1128 3857 et
1162 3783 1353 3858 dracoviam
1381 3783 1627 3878 provinciaram
1655 3782 1804 3858 omniurn
1832 3781 1936 3858 doni·
2002 3857 2015 3866 ,

388 3925 467 3978 nam
493 3905 529 3979 ab
555 3901 741 3997 prinoipem
767 3905 810 3978 ab
836 3903 954 3978 hostili
981 3903 1153 3979 invasione
1180 3904 1371 3994 tutandam,
1401 3925 1467 3997 qua
1493 3905 1589 3979 salva
1615 3905 1650 3979 ot
1677 3902 1837 3979 incolumi
1863 3924 1938 3978 cae·

388 4027 462 4100 tera
488 4025 600 4100 omnia
626 4024 760 4100 felicius
787 4028 954 4101 secutura.
983 4026 1023 4099 ld
1048 4025 1225 4100 consiliam
1253 4026 1358 4099 Falco
1385 4026 1539 4120 pontifex
1562 4029 1707 4118 secutae,
1736 4026 1815 4099 dam
1833 4025 1939 4099 altero

388 4146 442 4221 die
468 4147 627 4221 Nicolans
654 4146 828 4240 palatinus
863 4147 1090 4222 cracoviensis
1126 4147 1314 4222 instamato
1346 4146 1507 4239 exercitu,
1547 4147 1679 4242 magnis
1694 4187 1696 4196 ι
1713 4147 1806 4222 ausis
1841 4145 1937 4242 igno·

388 4266 527 4341 miniam
555 4268 726 4361 acceptam
753 4267 796 4341 ad
823 4267 1044 4362 lloszgavarn
1080 4269 1283 4359 detersuras,
1320 4268 1545 4362 Myeeaslaum
1572 4260 1703 4360 Senem,
1736 4291 1779 4344 ne
1805 4266 1938 4360 insequi
2031 4339 2033 4343 .

388 4391 544 4483 pergeret
570 4387 670 4461 illum
696 4388 880 4482 prohibuit,
918 4391 953 4464 et
980 4411 1023 4464 ne
1049 4411 1111 4463 arx
1138 4392 1174 4464 et
1200 4389 1321 4464 civitas
1355 4389 1582 4464 dracoviensis
1614 4389 1650 4464 in
1676 4389 1813 4483 aliquod
1848 4389 1937 4484 peri-

387 4509 501 4584 culum
526 4508 698 4601 reciderat,
727 4531 840 4584 socam
868 4533 934 4583 una
960 4510 1150 4586 draooviam
1178 4510 1289 4602 rediit,
1323 4513 1358 4584 et
1384 4511 1532 4584 militam
1560 4511 1735 4605 praesidio,
1764 4533 1831 4586 non
1859 4510 1937 4586 (lra-

386 4631 573 4707 oovieasom
600 4631 709 4705 solam
736 4653 858 4723 arcem,
887 4633 945 4707 sad
963 4636 998 4708 et
1015 4633 1152 4727 singula
1170 4632 1308 4706 ditionis
1328 4633 1534 4727 pupillorum
1560 4635 1682 4724 castra,
1711 4655 1754 4708 uo
1780 4633 1938 4707 nuntiata

386 4751 499 4827 clades
534 4751 684 4846 aliquam
719 4753 901 4847 procellam
928 4753 1057 4830 exciret
1076 4753 1138 4847 ¹¹),
1175 4753 1340 4846 munivit,
1378 4756 1413 4828 ot
1439 4774 1482 4829 no
1508 4755 1651 4830 novandi
1679 4777 1732 4830 res
1757 4754 1937 4849 quisquam

385 4895 488 4948 ausas
514 4875 672 4964 sumeret,
701 4873 861 4968 providit.

493 5064 517 5144 ¹)
540 5067 708 5127 absolverat
729 5065 789 5126 Ed.
811 5065 905 5127 chr.
930 5063 1087 5143 ²)qaidam
1112 5065 1171 5126 Ed.
1193 5065 1289 5126 Dobr.
1313 5061 1342 5147 ⁸)
1357 5065 1435 5141 apud
1456 5067 1603 5141 palatinos
1624 5065 1685 5126 Ed.
1707 5061 1855 5148 Debai)
1870 5066 1934 5126 mit·

384 5171 558 5232 mommio
572 5169 643 5232 (lod.
656 5169 730 5231 Aac.
770 5166 799 5248 ⁶)
821 5169 859 5230 ad
884 5168 954 5230 Ood.
977 5171 1070 5230 Roar.
1109 5168 1212 5249 ‘lpro
1228 5172 1347 5232 vulnere
1363 5177 1485 5244 accepto
1511 5169 1582 5232 Ood.
1605 5172 1698 5232 Roer.
1737 5167 1933 5247 bawaros·

386 5291 442 5349 qne
466 5275 527 5335 Ed,
549 5275 645 5334 Dobr.
684 5270 713 5352 8)
735 5291 869 5334 moerore
891 5275 982 5334 nimio
1004 5273 1155 5334 coniectus
1178 5276 1373 5335 consternatis
1402 5276 1522 5349 pupillis
1556 5273 1626 5335 Ood.
1649 5276 1743 5336 Beer.
1782 5271 1813 5352 ⁹)
1834 5275 1932 5335 vabre·

385 5380 466 5440 mbas
488 5379 520 5438 in
542 5395 665 5458 corporo
691 5377 762 5440 Cori.
788 5377 870 5439 Calo.
914 5376 953 5456 ¹⁰)
976 5396 1009 5440 se
1030 5380 1137 5438 iturum
1168 5381 1294 5452 negabat
1326 5378 1396 5440 eoa.
1423 5377 1505 5439 daco.
1549 5377 1589 5458 ¹¹)
1612 5381 1721 5440 excitet
1745 5378 1816 5440 dod.
1839 5379 1930 5441 Rosa.
