4162 6288
160 564 224 660 (Α.
245 565 292 643 Ι).
312 567 432 664 rrae.)
773 595 885 646 crana
911 595 1105 650 snrnrmus.
1633 585 1706 656 401

212 897 326 970 llario!
351 898 490 973 turrira
516 900 594 990 llox,
621 901 676 994 qul
703 905 780 994 port
805 903 1013 994 impetratam
1044 923 1197 978 coronam
1224 923 1244 977 r
1272 909 1401 980 Scurra
1428 907 1593 999 lontilco,
1619 907 1661 982 ad

611 1022 769 1112 pristinos
797 1043 922 1098 orrorm
949 1025 1098 1115 redierat,
1125 1027 1270 1100 moritur.

265 1259 474 1355 Absumptae
500 1263 553 1337 est
589 1265 659 1339 fere
694 1266 757 1339 sub
792 1265 906 1340 eodem
940 1267 1091 1360 tompore
1127 1266 1361 1342 schismaticus
1396 1267 1556 1363 Princeps
1590 1268 1712 1346 Daniel

156 1380 305 1456 Russiao
332 1383 418 1474 Rex,
447 1383 529 1458 duos
556 1384 645 1460 filios
672 1385 880 1478 relinquens,
909 1387 1067 1461 uidelicet
1092 1388 1237 1462 Leonem
1265 1390 1300 1462 ot
1326 1389 1527 1462 Romanum.
1558 1389 1623 1483 Qui
1649 1393 1710 1465 du·

156 1502 242 1576 dum
262 1502 285 1596 ¹)
312 1505 437 1579 scelere
464 1505 625 1599 perfidiae
652 1506 688 1580 in
715 1508 824 1582 Deum
851 1508 963 1582 luerat
990 1507 1198 1602 inquinatus,
1236 1531 1314 1583 nam
1330 1508 1356 1602 ²)
1385 1510 1551 1603 spondens
1578 1495 1710 1586 soltu-

155 1623 296 1698 thenico
323 1625 393 1699 ritu
428 1626 568 1719 abiecto,
606 1649 720 1704 reram
756 1627 955 1723 religionem
983 1632 1018 1702 et
1044 1629 1201 1704 unionem
1236 1631 1338 1723 atque
1373 1631 1495 1724 dogma
1526 1632 1711 1706 catholicae

154 1745 194 1816 et
223 1744 394 1820 Romanae
420 1747 591 1822 Ecclesiae
618 1749 811 1823 cumomni
838 1771 900 1824 sua
917 1752 1019 1844 gente
1038 1753 1256 1840 sectaturum,
1284 1751 1426 1844 adeptus
1452 1773 1617 1843 coronam,
1645 1775 1712 1848 qua
1842 1847 1845 1853 Ι

157 1864 230 1938 luit
256 1867 298 1941 ob
324 1889 398 1941 eam
424 1867 524 1943 fidem
550 1872 586 1944 ot
612 1869 822 1945 devotionem
858 1871 1017 1945 mandato
1053 1870 1237 1966 apostolico
1273 1870 1458 1965 insignitus
1485 1875 1520 1944 et
1546 1874 1623 1950 Rex
1649 1896 1710 1967 ap-

158 1987 321 2079 pellatus,
350 1989 394 2062 ad
419 1989 582 2064 uomitum
609 1989 752 2082 rediens,
791 1991 827 2064 in
854 1991 1080 2066 Ruthonicum
1119 1992 1233 2083 ritum,
1267 2015 1288 2066 a
1315 1992 1483 2067 catholica
1509 1992 1712 2088 religione³)

155 2109 370 2201 apostatans,
399 2110 511 2185 rediit.
557 2113 690 2185 Extant
716 2112 752 2185 in
779 2112 919 2188 ecclesia
954 2112 1174 2204 cracoviensi,
1210 2111 1398 2188 Alexandri
1426 2113 1551 2204 quarti,
1588 2114 1712 2205 quibus

156 2227 261 2300 illum
288 2229 329 2303 de
356 2231 420 2305 hac
446 2231 618 2326 apostasia
644 2231 769 2327 arguit,
800 2232 984 2327 originales
1011 2235 1141 2309 literae.
1170 2231 1317 2326 Quarum
1344 2235 1440 2308 tenor
1466 2233 1548 2307 talis
1574 2237 1646 2309 est:

270 2347 482 2437 „Alexander
509 2351 695 2446 Episcopus
722 2353 845 2427 Servus
872 2374 1041 2427 servorum
1060 2353 1133 2444 Dei,
1162 2352 1295 2427 Danieli
1323 2353 1412 2447 Regi
1439 2353 1584 2429 Russiae
1610 2353 1710 2428 timo·

162 2489 258 2558 ,rem
284 2469 389 2545 divini
417 2471 564 2546 nominis
591 2475 626 2547 et
645 2495 810 2579 amorem.
856 2473 1049 2548 lateralia
1081 2496 1166 2566 quae
1194 2472 1290 2548 nobis
1317 2497 1360 2546 ex
1387 2473 1539 2548 iniuncto
1564 2473 1711 2570 Aposto-

162 2591 279 2678 ,latus
305 2591 504 2668 incumbunt
531 2593 651 2684 officio,
689 2594 879 2668 animarum
906 2617 966 2668 nos
994 2593 1149 2669 conuenit
1183 2594 1361 2690 praecipuo
1388 2594 1569 2690 inuigilare
1595 2595 1711 2687 saluti,

163 2713 228 2798 ,ut
254 2731 311 2786 eas
337 2712 470 2807 Regum
496 2713 596 2809 Regi,
626 2715 685 2806 qui
712 2737 773 2790 nos
800 2716 938 2790 illarum
964 2716 1061 2807 (licet
1087 2715 1288 2810 immeritos)
1314 2715 1425 2790 voluit
1450 2738 1604 2810 praeesse
1622 2716 1712 2811 regi·

163 2832 283 2923 ,mini
311 2833 520 2926 lucrifacere,
557 2857 619 2910 sua
645 2836 741 2911 nobie
768 2838 967 2933 cooperante
993 2836 1117 2931 gratia,
1155 2838 1338 2911 ualeamus.
1385 2837 1509 2913 Verum
1537 2837 1711 2929 quianon

162 2956 240 3042 ,est
265 2955 335 3029 Duo
361 2958 534 3050 acceptum
561 2957 768 3050 obsequium,
807 2957 894 3051 quod
930 2957 1004 3031 sine
1039 2957 1105 3032 fide
1132 2959 1336 3050 praestatur,
1365 2979 1426 3032 nec
1451 2957 1606 3051 pervenit
1631 2979 1711 3051 ope·

163 3095 262 3164 ,rum
288 3075 477 3151 aedificatio
503 3077 546 3151 ad
573 3077 730 3168 salutem,
768 3079 855 3170 qnod
891 3101 994 3172 supra
1028 3077 1225 3152 firmitatem
1257 3076 1334 3152 fidei
1361 3101 1428 3152 non
1455 3077 1640 3172 consurgit,
1670 3077 1712 3152 ad

163 3197 439 3291 ,propagandam
466 3217 540 3272 earn
568 3197 603 3273 et
630 3199 906 3274 corroborandam
933 3199 969 3271 in
996 3198 1166 3273 mentibus
1192 3197 1352 3289 omnium,
1381 3199 1417 3273 ot
1434 3197 1626 3292 specialiter
1644 3197 1712 3272 Re·

162 3337 268 3410 ,gum
287 3319 322 3392 et
339 3317 546 3412 Principum,
576 3318 764 3395 intentione
792 3321 876 3411 tota,
905 3319 1063 3411 omnique
1089 3319 1329 3409 sollicitudine,
1357 3340 1397 3394 ac
1422 3318 1515 3394 uerbi
1541 3320 1576 3393 et
1603 3318 1712 3412 operis

163 3435 337 3525 ,efficacia
361 3439 515 3515 laborare
550 3440 720 3532 debemus,
757 3441 797 3516 ut
823 3440 1016 3516 Christiana
1049 3439 1214 3535 religione
1248 3439 1354 3514 latius
1369 3438 1397 3532 ⁴)
1423 3439 1546 3514 diffusa
1573 3461 1631 3533 per
1658 3461 1710 3514 or·

163 3561 272 3650 ,bem,
300 3560 415 3635 Patris
441 3561 570 3638 aeterni
597 3561 718 3654 Eilius,
748 3561 985 3657 multiplicatis
1009 3561 1238 3651 servitoribus,
1268 3559 1402 3654 plenius
1429 3561 1621 3636 honoretur.
1650 3561 1711 3634 Sa-

164 3701 230 3768 ,ne
256 3681 295 3755 tu
322 3681 404 3756 olim
430 3683 568 3778 cupiens
594 3683 634 3759 de
662 3682 877 3759 infidelitatis
912 3682 1072 3773 tenebris,
1110 3703 1196 3773 quae
1222 3683 1401 3776 postquam
1438 3681 1542 3756 etiam
1573 3683 1712 3756 renatus

163 3801 285 3889 ,fuisti
311 3803 405 3879 fonte
430 3804 666 3899 Baptismatis,
704 3806 818 3881 oculos
844 3807 924 3880 tuae
951 3804 1075 3879 mentis
1102 3803 1324 3894 involverant,
1357 3802 1399 3875 ad
1425 3803 1541 3878 lumen
1566 3801 1710 3876 catholi-

163 3943 243 4010 ,cae
269 3921 358 4015 fidei,
396 3923 469 3998 sine
505 3947 571 4018 qua
606 3949 702 4001 nemo
739 3927 901 4017 saluatur,
938 3927 974 4000 et
999 3925 1042 3999 ad
1069 3923 1294 3999 obedientiam
1320 3923 1492 3998 Ecclesiae
1527 3923 1710 4014 Romanae,

163 4065 253 4131 ,non
280 4043 395 4138 sine⁶)
422 4045 536 4121 diuina
562 4045 785 4140 inspiratione
812 4045 930 4138 redire,
964 4045 1152 4120 iuramento
1180 4043 1343 4138 praestito
1370 4042 1567 4138 promisisti,
1595 4044 1710 4118 Eccle-

163 4163 257 4251 ,siae
284 4166 472 4259 praedictae
498 4169 662 4261 tanquam
687 4166 799 4242 fidelis
826 4167 898 4241 eius
925 4167 1018 4240 filins
1045 4165 1189 4257 obedire,
1221 4187 1260 4240 ao
1286 4164 1387 4239 fidem
1414 4163 1635 4255 catholicam,
1664 4163 1711 4238 si·

164 4285 286 4380 ,cut⁶)
313 4287 373 4360 alii
401 4287 578 4362 orthodoxi
605 4287 722 4362 mundi
748 4287 935 4382 Principes,
964 4290 1148 4363 obseruare.
1193 4287 1335 4380 Propter
1362 4285 1451 4376 quod
1476 4284 1628 4360 Ecclesia
1655 4307 1711 4360 ea·

164 4406 273 4498 ,dem,
301 4408 416 4482 rolens
443 4410 478 4483 te
504 4408 541 4482 in
568 4409 621 4483 sui
640 4409 814 4484 devotione
841 4409 998 4503 congruis
1020 4409 1154 4482 firmare
1173 4406 1343 4481 furoribus
1370 4408 1405 4481 et
1431 4405 1606 4500 condignis
1634 4427 1712 4500 gra-

163 4527 246 4615 ,tiis
286 4528 477 4620 confovere,
519 4551 696 4624 personam
739 4534 833 4604 tuam
873 4529 916 4604 ad
951 4529 1086 4624 regalis·
1113 4527 1295 4623 dignitatis
1331 4526 1460 4621 apicem
1501 4515 1709 4617 sublimarit,

163 4647 337 4736 ,faciendo
364 4651 399 4722 te
426 4649 547 4745 inungi
574 4651 660 4724 sacri
687 4649 881 4725 chrismatis
909 4651 991 4740 oleo,
1020 4652 1145 4740 tuoque
1172 4647 1297 4743 imponi
1326 4645 1432 4740 capiti
1458 4646 1571 4740 Regni
1597 4645 1710 4720 diada-

164 4791 251 4857 ,ma
280 4770 346 4844 Sed
372 4770 422 4860 tu,
451 4770 540 4846 sicut
567 4771 610 4845 ad
636 4771 845 4846 audientiam
871 4772 1021 4843 nostram
1048 4794 1114 4844 non
1141 4769 1214 4843 sine
1241 4767 1348 4843 cordis
1374 4767 1567 4840 turbatione
1593 4789 1711 4861 perre-

163 4887 249 4980 ,nit,
277 4889 350 4963 tam
375 4889 607 4983 spiritualium
634 4913 736 4981 quam
753 4889 990 4984 temporalium
1007 4889 1242 4964 beneficiorum
1269 4887 1377 4982 ipsius
1396 4885 1568 4961 Ecclesiae
1595 4887 1712 4962 imme-

164 5031 268 5101 ,mor,
297 5011 480 5104 tantaeque
506 5011 639 5106 gratiae
666 5033 803 5107 prorsus
838 5009 1005 5105 ingratus,
1045 5009 1202 5104 praestiti
1233 5008 1415 5083 iuramenti
1442 5006 1606 5101 religione
1633 5029 1711 5082 con·

163 5123 326 5224 ,tempta
355 5129 390 5204 id
417 5131 505 5222 quod
532 5132 621 5208 circa
647 5131 872 5208 obedientiam
899 5131 1047 5207 eiusdem
1067 5129 1247 5221 Ecclesiae,
1276 5151 1315 5204 aa
1342 5127 1532 5222 praedictae
1559 5129 1712 5203 observa·

266 5406 291 5486 ¹)
314 5410 381 5470 dum
403 5409 463 5471 Ed.
488 5411 574 5487 rapo.
614 5406 642 5486 ⁹)
665 5426 731 5470 nam
754 5411 832 5472 deest
853 5412 890 5470 a'u
915 5409 986 5471 Ood.
1010 5408 1082 5470 Act.
1115 5406 1142 5486 ³)
1165 5407 1222 5468 fide
1245 5407 1305 5468 Ed.
1329 5407 1417 5483 Lips.
1449 5401 1476 5482 ⁴)
1499 5405 1616 5480 planius
1641 5403 1703 5466 Ood

156 5511 250 5574 Roar.
292 5509 320 5592 ⁵)
343 5515 460 5575 nonnisi
488 5513 559 5576 coc.
583 5515 676 5576 Roar.
715 5511 742 5592 ⁶)
765 5521 853 5589 prout
879 5513 949 5576 Ood.
972 5515 1065 5574 Rozr.

207 5649 230 5691 r.
244 5647 339 5701 nrussoa.
351 5649 436 5692 niara.
452 5651 529 5692 aaron.
545 5650 571 5692 r.
584 5651 616 5696 rr.
1523 5633 1553 5682 5¹
