4172 6278
155 512 219 616 (ll.
240 513 288 590 D.
309 510 434 624 1227.)
781 526 893 588 urnas
919 534 1068 590 sarnus.

604 925 814 1040 ANNUS
848 924 1073 1039 DOMINI
1109 921 1245 1038 rati.

155 1211 407 1304 dveutopellus
434 1213 544 1285 elatus
570 1211 655 1303 petit
682 1229 702 1284 e
728 1211 889 1284 tertione
916 1209 1154 1283 temerariam:
1190 1227 1253 1300 qua
1281 1212 1418 1299 negata,
1445 1211 1545 1299 negat
1572 1213 1606 1282 et
1632 1207 1702 1299 ipsu

153 1333 323 1407 tributum.
369 1334 413 1406 lio
440 1334 582 1424 cognito,
609 1333 730 1405 rastro
757 1332 872 1406 indicit
898 1335 1090 1405 conuentum
1118 1334 1153 1402 et
1180 1330 1269 1402 iudet
1295 1330 1403 1404 uenire
1430 1331 1702 1421 suantopelturq

153 1455 208 1548 qui
236 1455 407 1530 intellecta
433 1474 485 1546 re,
512 1475 585 1528 cun
613 1455 749 1528 consilio
778 1454 949 1527 wladislai
976 1453 1123 1542 dttonis,
1159 1453 1353 1526 lectionem
1379 1451 1491 1526 illum
1519 1470 1592 1524 curu
1617 1453 1702 1526 liure

150 1576 287 1650 llenrim
315 1577 347 1652 in
373 1577 491 1650 balneo
519 1575 707 1668 aggreditur
734 1579 768 1649 et
784 1577 903 1668 buren
930 1575 1125 1648 lectionem
1152 1574 1319 1665 inopinato
1347 1573 1509 1663 interluit,
1535 1573 1704 1646 deuricum

620 1697 824 1770 uulneratum
842 1695 905 1773 dde
931 1696 1016 1768 serui
1043 1695 1234 1788 relinquens.

261 1937 309 2010 Et
334 1935 517 2028 affinitate,
544 1958 644 2029 qnam
671 1957 747 2010 cum
774 1935 963 2012 Wladislao
990 1934 1125 2012 Ottonis
1160 1934 1297 2042 Maioris
1333 1934 1491 2010 Poloniae
1526 1937 1618 2010 Duco
1645 1957 1705 2029 per

153 2077 304 2132 sororem
331 2057 478 2133 habebat
498 2057 521 2151 ¹)
547 2057 804 2152 Suantopelkus
840 2059 1100 2133 Pomeranorum
1135 2056 1342 2151 capitaneus,
1380 2058 1416 2131 et
1448 2056 1604 2150 plurimis
1631 2056 1704 2151 opi·
1799 2144 1803 2149 g

152 2179 217 2252 bus
235 2179 330 2254 terra
347 2178 497 2270 marique
518 2178 552 2252 in
571 2178 782 2272 praefectura
805 2178 1020 2254 Pomeraniae
1047 2177 1221 2270 quaesitis,
1250 2199 1310 2252 nec
1337 2201 1404 2253 non
1430 2179 1465 2252 et
1491 2199 1704 2254 successuum

155 2299 338 2392 felicitate,
366 2300 424 2391 qui
452 2300 486 2375 et
513 2299 577 2374 sibi
605 2303 640 2374 et
666 2300 858 2376 Wladislao
885 2300 1018 2375 Ottonis
1045 2303 1280 2394 provenerant,
1312 2299 1348 2374 in
1375 2300 1582 2394 singularem
1610 2322 1704 2394 poma

157 2442 236 2515 pam
264 2421 396 2512 elatus,
433 2421 602 2496 dominum
635 2423 671 2496 et
696 2421 886 2517 Pnincipem
922 2444 1020 2496 suurn
1055 2423 1258 2498 lestkonem
1293 2420 1419 2496 Album
1455 2420 1704 2498 limcouieusem

156 2545 192 2616 et
219 2542 523 2619 Sandomiriensern
546 2529 688 2634 Ducem,
716 2543 811 2618 cuius
838 2543 910 2620 rice
936 2546 971 2619 et
998 2543 1182 2620 autoritate
1208 2545 1332 2620 honore
1358 2543 1590 2639 praefecturae
1616 2544 1706 2638 apud

157 2665 360 2740 Pomeranos
387 2665 602 2760 fungebatur,
641 2687 700 2760 per
726 2688 761 2740 se
789 2667 825 2741 et
850 2667 981 2742 crebras
1007 2665 1195 2761 legationes
1222 2665 1406 2741 sollicitare
1433 2663 1553 2759 coepit,
1586 2667 1705 2758 quate·

158 2808 224 2860 nus
250 2785 351 2860 illurn
378 2786 414 2860 in
439 2787 565 2862 Ducem
592 2787 810 2862 Pomeraniae
846 2809 957 2864 creare
984 2789 1020 2861 et
1046 2787 1112 2862 sibi
1147 2809 1245 2862 usum
1281 2809 1460 2884 purpurae,
1498 2786 1705 2880 titulumque

158 2906 377 3002 Principatua
403 2907 631 3001 Pomeraniae,
669 2908 832 3002 superiori
869 2907 1015 2982 dominio
1042 2908 1106 2984 sibi
1134 2912 1312 3000 reseruata,
1345 2909 1522 2983 concedere
1548 2907 1706 3002 dignare-

158 3029 236 3102 tur:
265 3028 474 3122 Boguslaum
490 3028 518 3123 ²)
545 3029 585 3104 da
611 3029 715 3103 armis
742 3029 940 3120 (initlorum,
969 3052 1068 3123 quern
1094 3029 1245 3105 inferiori
1272 3029 1488 3106 Pomeraniae
1515 3030 1549 3105 ei
1576 3029 1706 3105 Kasso-

158 3148 241 3223 bitis
256 3147 285 3243 ³)
311 3149 501 3225 liberalitas
535 3151 684 3226 Boleslai
720 3152 941 3246 Krcpuoustp
969 3152 1168 3226 Polonorum
1199 3151 1312 3244 Ducis,
1350 3150 1415 3224 filii
1441 3150 1635 3242 wladislai,
1663 3174 1707 3226 ex
1741 3132 1744 3140 ¹

159 3273 283 3345 barone
310 3271 346 3344 in
373 3271 564 3366 Principem
591 3274 773 3362 creaverat,
803 3272 961 3365 cuiusque
989 3271 1078 3348 lilios
1095 3275 1131 3347 et
1149 3275 1285 3367 nepotes
1311 3271 1346 3346 in
1373 3271 1474 3346 terris
1500 3272 1585 3366 ipsis
1607 3273 1706 3349 Prin-

159 3392 311 3487 cipatum
337 3415 453 3486 gerere
478 3394 624 3486 uidebat,
662 3394 727 3468 sibi
756 3397 791 3469 et
817 3395 901 3470 Duci
929 3394 1092 3470 Lostkoni
1119 3417 1307 3489 proponens
1334 3393 1602 3490 inexemplum.
1643 3395 1709 3470 Sed

160 3513 242 3588 duur
267 3514 393 3590 Lestlro
419 3513 529 3590 Albus
555 3515 754 3610 petitionem
782 3515 890 3610 ipsam
917 3516 1012 3590 uelut
1038 3515 1194 3590 friuolam
1221 3518 1256 3591 et
1283 3515 1495 3590 temerariam
1522 3516 1706 3607 damnaret,

159 3637 196 3711 et
222 3635 407 3730 plurimum
434 3639 475 3711 ob
502 3635 536 3710 id
563 3639 680 3712 contra
715 3637 1028 3732 Suantopolkonem
1063 3637 1188 3712 irarum
1215 3637 1413 3732 conciperet,
1450 3637 1708 3732 Suantopellrus

160 3757 300 3852 repulsa
335 3757 490 3832 irritatus
525 3757 568 3832 ad
596 3758 815 3834 delectionem
850 3760 1000 3853 spectare
1036 3757 1163 3854 coepit,
1200 3759 1395 3850 tributaque
1431 3781 1474 3833 ex
1509 3758 1709 3834 Pomerania

160 3877 325 3952 Lestlroni
351 3877 438 3954 Albo
464 3879 551 3954 solui
578 3879 689 3970 solita,
718 3880 853 3956 mittere
880 3879 1075 3955 intermisit.
1104 3879 1207 3954 (iuius
1227 3880 1444 3956 rebellionem
1471 3882 1506 3956 et
1532 3880 1707 3956 contuma-

160 3998 249 4074 cium
276 3999 402 4074 Lestko
428 3997 548 4092 Albus,
585 4003 767 4094 antequam
793 4001 898 4076 altius
926 4003 1086 4096 serperet,
1123 3991 1397 4093 coalesceretquo,
1426 4001 1462 4074 in
1488 4000 1572 4095 ipsis
1598 4000 1708 4076 initiis

160 4141 394 4214 oppressurus,
432 4120 676 4197 communicato
703 4144 778 4197 cum
806 4121 951 4198 Henrico
983 4144 1059 4198 cum
1085 4124 1189 4197 barba
1215 4121 1345 4196 Slesiae
1372 4124 1407 4196 et
1432 4121 1708 4201 Wratislauiensi

160 4240 253 4316 Duco
279 4241 331 4333 (in
357 4263 423 4332 quo
449 4263 561 4318 rerum
596 4245 631 4318 et
666 4244 837 4318 actionum
871 4263 1009 4317 suarum
1040 4265 1083 4318 ox
1110 4242 1345 4319 familiaritate
1380 4242 1509 4337 pridem
1536 4245 1710 4318 contracta

161 4366 366 4456 sumpserat,
395 4363 630 4458 locaveratque
656 4362 828 4458 fiduciam)
855 4364 1006 4455 consilio,
1030 4365 1119 4459 apud
1151 4363 1368 4439 Sanscauarn
1382 4365 1411 4459 ⁴)
1438 4365 1611 4459 praedium
1637 4387 1708 4439 ruo·
1752 4403 1756 4414 -

161 4482 305 4559 nestorii
331 4483 622 4560 Traemescnonsis
640 4508 743 4580 prope
762 4485 922 4580 oppidum
940 4485 1103 4560 Zneiuam
1118 4485 1146 4578 6)
1174 4485 1289 4577 situm,
1318 4507 1378 4580 pro
1405 4485 1458 4562 die
1484 4486 1602 4562 Sancti
1619 4487 1709 4561 Mar·

161 4605 227 4680 tini
244 4604 375 4698 indicit,
403 4606 616 4700 celebratque
643 4609 854 4699 conuentum,
884 4607 1002 4683 iubens
1029 4608 1342 4702 Suantopellronem
1369 4607 1585 4684 Pomeraniae
1612 4629 1709 4702 prae·

160 4727 288 4803 fectum
315 4726 370 4800 ilii
396 4727 620 4822 personaliter
655 4728 837 4820 interesse,
874 4728 985 4823 specie
1020 4727 1167 4822 quidem,
1204 4731 1242 4802 ut
1269 4730 1368 4804 rebus
1391 4729 1536 4823 publicis
1551 4728 1581 4822 6)
1608 4730 1707 4804 Ρο10·

159 4870 280 4924 norum
319 4849 413 4924 uolut
452 4850 634 4925 Monarcha
660 4849 834 4945 provideat
871 4853 906 4924 et
933 4849 1005 4924 illis
1040 4849 1310 4924 stabilimentum
1345 4849 1609 4940 firmitatemque
1645 4849 1709 4922 irn-

14 5003 18 5008 ,
152 4957 286 5068 'ponat3
316 4992 352 5044 re
379 4971 493 5046 autem
520 4993 610 5062 uera,
642 4973 681 5044 ut
708 4971 1022 5066 Suantopelkonern
1049 4969 1133 5044 illuc
1158 4969 1231 5046 sine
1258 4969 1446 5065 suspicione
1476 4969 1710 5046 aduenientem

160 5092 343 5188 opprimat,
372 5091 607 5186 corripiatque,
636 5094 671 5167 et
697 5092 797 5168 terris
824 5091 1053 5184 Pomeraniae,
1081 5090 1265 5184 inquibus
1292 5113 1327 5168 se
1353 5091 1530 5166 admodum
1557 5091 1710 5170 firmaue-

185 5317 191 5330 ·
270 5367 439 5450 ¹)luabebat
461 5369 595 5432 01000110
622 5368 693 5431 Ood.
716 5368 789 5434 Aret.
823 5367 850 5450 α)
865 5369 922 5432 Η10
945 5369 1004 5432 nd.
1027 5370 1121 5431 Dobr.
1153 5364 1180 5446 ³)
1196 5367 1360 5430 Kaszubiae
1387 5363 1457 5430 0001.
1471 5367 1562 5430 Rorr.
1593 5362 1620 5448 ι)
1635 5367 1709 5433 Zald-

159 5491 264 5538 ranam
291 5473 365 5536 C'oat.
388 5475 480 5536 Roar.
521 5470 547 5552 ⁶)
569 5475 697 5536 Znenam
723 5474 795 5536 cca.
818 5475 909 5538 Reae.
946 5471 1385 5552 6)1101001)11000Ει1.1)010.
