<?xml version="1.0" encoding="UTF-8"?>
<!DOCTYPE html PUBLIC "-//W3C//DTD XHTML 1.0 Transitional//EN"
    "http://www.w3.org/TR/xhtml1/DTD/xhtml1-transitional.dtd">
<html xmlns="http://www.w3.org/1999/xhtml" xml:lang="en" lang="en">
 <head>
  <title>
</title>
<meta http-equiv="Content-Type" content="text/html;charset=utf-8" />
  <meta name='ocr-system' content='tesseract 3.04.00' />
  <meta name='ocr-capabilities' content='ocr_page ocr_carea ocr_par ocr_line ocrx_word'/>
</head>
<body>
  <div class='ocr_page' id='page_1' title='image "./operaomnia02paulgoog_0326.png"; bbox 0 0 4140 6298; ppageno 0'>
   <div class='ocr_carea' id='block_1_1' title="bbox 378 542 1927 647">
    <p class='ocr_par' dir='ltr' id='par_1_1' title="bbox 378 542 1927 647">
     <span class='ocr_line' id='line_1_1' title="bbox 378 542 1927 647; baseline 0.001 -26"><span class='ocrx_word' id='word_1_1' title='bbox 378 549 457 622; x_wconf 83' lang='lat'>310·</span> <span class='ocrx_word' id='word_1_2' title='bbox 983 567 1095 620; x_wconf 81' lang='lat' dir='ltr'>urana</span> <span class='ocrx_word' id='word_1_3' title='bbox 1122 566 1315 620; x_wconf 79' lang='lat' dir='ltr'>auruncus.</span> <span class='ocrx_word' id='word_1_4' title='bbox 1642 542 1710 647; x_wconf 85' lang='grc' dir='ltr'>(Α.</span> <span class='ocrx_word' id='word_1_5' title='bbox 1731 544 1927 647; x_wconf 71' lang='grc' dir='ltr'>Β.1246,)</span> 
     </span>
    </p>
   </div>
   <div class='ocr_carea' id='block_1_2' title="bbox 375 705 1929 1096">
    <p class='ocr_par' dir='ltr' id='par_1_2' title="bbox 375 705 1929 1096">
     <span class='ocr_line' id='line_1_2' title="bbox 376 705 1929 852; baseline 0 -22"><span class='ocrx_word' id='word_1_6' title='bbox 376 753 653 850; x_wconf 82' lang='lat' dir='ltr'>promissionibus</span> <span class='ocrx_word' id='word_1_7' title='bbox 688 705 863 830; x_wconf 84' lang='lat' dir='ltr'>temeratis</span> <span class='ocrx_word' id='word_1_8' title='bbox 883 756 927 850; x_wconf 87' lang='lat'>¹),</span> <span class='ocrx_word' id='word_1_9' title='bbox 956 756 991 830; x_wconf 90' lang='lat' dir='ltr'>et</span> <span class='ocrx_word' id='word_1_10' title='bbox 1017 753 1176 851; x_wconf 82' lang='lat' dir='ltr'>religioni</span> <span class='ocrx_word' id='word_1_11' title='bbox 1211 756 1346 831; x_wconf 88' lang='lat' dir='ltr'>nostrae</span> <span class='ocrx_word' id='word_1_12' title='bbox 1373 757 1408 830; x_wconf 91' lang='lat' dir='ltr'>et</span> <span class='ocrx_word' id='word_1_13' title='bbox 1433 754 1570 831; x_wconf 85' lang='lat' dir='ltr'>Summo</span> <span class='ocrx_word' id='word_1_14' title='bbox 1603 753 1760 832; x_wconf 86' lang='lat' dir='ltr'>Pontifici</span> <span class='ocrx_word' id='word_1_15' title='bbox 1795 779 1836 834; x_wconf 92' lang='lat' dir='ltr'>ac</span> <span class='ocrx_word' id='word_1_16' title='bbox 1861 753 1929 852; x_wconf 91' lang='lat' dir='ltr'>ipsi</span> 
     </span>
     <span class='ocr_line' id='line_1_3' title="bbox 375 875 1927 977; baseline -0.001 -23"><span class='ocrx_word' id='word_1_17' title='bbox 375 879 504 972; x_wconf 83' lang='lat' dir='ltr'>Legato</span> <span class='ocrx_word' id='word_1_18' title='bbox 543 875 685 970; x_wconf 83' lang='lat' dir='ltr'>Opinoni</span> <span class='ocrx_word' id='word_1_19' title='bbox 721 877 891 953; x_wconf 88' lang='lat' dir='ltr'>fallaciter</span> <span class='ocrx_word' id='word_1_20' title='bbox 906 876 934 971; x_wconf 72' lang='lat'>²)</span> <span class='ocrx_word' id='word_1_21' title='bbox 971 878 1188 972; x_wconf 68' lang='lat' dir='ltr'>illusurumy:</span> <span class='ocrx_word' id='word_1_22' title='bbox 1236 879 1386 973; x_wconf 87' lang='lat' dir='ltr'>Legatus</span> <span class='ocrx_word' id='word_1_23' title='bbox 1419 879 1532 954; x_wconf 87' lang='lat' dir='ltr'>tamen</span> <span class='ocrx_word' id='word_1_24' title='bbox 1569 877 1775 973; x_wconf 90' lang='lat' dir='ltr'>apostolicus</span> <span class='ocrx_word' id='word_1_25' title='bbox 1811 878 1927 977; x_wconf 78' lang='lat' dir='ltr'>Opino,</span> 
     </span>
     <span class='ocr_line' id='line_1_4' title="bbox 377 997 1929 1096; baseline 0 -21"><span class='ocrx_word' id='word_1_26' title='bbox 377 1000 447 1075; x_wconf 92' lang='lat' dir='ltr'>sive</span> <span class='ocrx_word' id='word_1_27' title='bbox 474 997 557 1075; x_wconf 74' lang='lat' dir='ltr'>fidei.</span> <span class='ocrx_word' id='word_1_28' title='bbox 578 1000 614 1074; x_wconf 91' lang='lat' dir='ltr'>et</span> <span class='ocrx_word' id='word_1_29' title='bbox 640 999 798 1094; x_wconf 92' lang='lat' dir='ltr'>religioni</span> <span class='ocrx_word' id='word_1_30' title='bbox 827 999 1032 1075; x_wconf 87' lang='lat' dir='ltr'>christianae</span> <span class='ocrx_word' id='word_1_31' title='bbox 1063 999 1190 1094; x_wconf 89' lang='lat' dir='ltr'>optime</span> <span class='ocrx_word' id='word_1_32' title='bbox 1225 1002 1452 1091; x_wconf 88' lang='lat' dir='ltr'>consulturus,</span> <span class='ocrx_word' id='word_1_33' title='bbox 1489 999 1559 1075; x_wconf 93' lang='lat' dir='ltr'>sive</span> <span class='ocrx_word' id='word_1_34' title='bbox 1599 1001 1804 1096; x_wconf 78' lang='lat' dir='ltr'>legationem</span> <span class='ocrx_word' id='word_1_35' title='bbox 1832 1021 1929 1084; x_wconf 83' lang='lat' dir='ltr'>suam</span> 
     </span>
    </p>
   </div>
   <div class='ocr_carea' id='block_1_3' title="bbox 377 1120 2068 1220">
    <p class='ocr_par' dir='ltr' id='par_1_3' title="bbox 377 1120 2068 1220">
     <span class='ocr_line' id='line_1_5' title="bbox 377 1120 2068 1220; baseline 0.001 -23"><span class='ocrx_word' id='word_1_36' title='bbox 377 1145 419 1198; x_wconf 86' lang='lat' dir='ltr'>ex</span> <span class='ocrx_word' id='word_1_37' title='bbox 447 1120 661 1196; x_wconf 80' lang='lat' dir='ltr'>coronatione</span> <span class='ocrx_word' id='word_1_38' title='bbox 687 1121 878 1196; x_wconf 90' lang='lat' dir='ltr'>huiusmodi</span> <span class='ocrx_word' id='word_1_39' title='bbox 915 1121 1170 1215; x_wconf 75' lang='lat' dir='ltr'>illustratione,</span> <span class='ocrx_word' id='word_1_40' title='bbox 1209 1122 1279 1220; x_wconf 84' lang='lat' dir='ltr'>sive</span> <span class='ocrx_word' id='word_1_41' title='bbox 1305 1125 1393 1216; x_wconf 84' lang='lat' dir='ltr'>quod</span> <span class='ocrx_word' id='word_1_42' title='bbox 1420 1121 1596 1218; x_wconf 86' lang='lat' dir='ltr'>pontifices</span> <span class='ocrx_word' id='word_1_43' title='bbox 1622 1123 1781 1199; x_wconf 89' lang='lat' dir='ltr'>Poloniaa</span> <span class='ocrx_word' id='word_1_44' title='bbox 1809 1143 1929 1218; x_wconf 85' lang='lat' dir='ltr'>pamm</span> <span class='ocrx_word' id='word_1_45' title='bbox 2067 1151 2068 1156; x_wconf 21' lang='grc' dir='ltr'>ι</span> 
     </span>
    </p>
   </div>
   <div class='ocr_carea' id='block_1_4' title="bbox 377 1243 1932 1831">
    <p class='ocr_par' dir='ltr' id='par_1_4' title="bbox 377 1243 1932 1831">
     <span class='ocr_line' id='line_1_6' title="bbox 377 1243 1931 1341; baseline 0.004 -23"><span class='ocrx_word' id='word_1_46' title='bbox 377 1243 524 1319; x_wconf 86' lang='lat' dir='ltr'>fideliter</span> <span class='ocrx_word' id='word_1_47' title='bbox 552 1244 587 1319; x_wconf 91' lang='lat' dir='ltr'>et</span> <span class='ocrx_word' id='word_1_48' title='bbox 614 1243 723 1340; x_wconf 87' lang='lat' dir='ltr'>magis</span> <span class='ocrx_word' id='word_1_49' title='bbox 750 1267 794 1320; x_wconf 85' lang='lat' dir='ltr'>ox</span> <span class='ocrx_word' id='word_1_50' title='bbox 820 1244 950 1321; x_wconf 88' lang='lat' dir='ltr'>invidia</span> <span class='ocrx_word' id='word_1_51' title='bbox 976 1245 1195 1320; x_wconf 80' lang='lat' dir='ltr'>existimabat</span> <span class='ocrx_word' id='word_1_52' title='bbox 1222 1246 1466 1322; x_wconf 77' lang='lat' dir='ltr'>dissuasionem</span> <span class='ocrx_word' id='word_1_53' title='bbox 1493 1245 1687 1341; x_wconf 79' lang='lat' dir='ltr'>ingessisse,</span> <span class='ocrx_word' id='word_1_54' title='bbox 1714 1244 1931 1325; x_wconf 79' lang='lat' dir='ltr'>asentontic</span> 
     </span>
     <span class='ocr_line' id='line_1_7' title="bbox 378 1365 1931 1463; baseline 0.004 -23"><span class='ocrx_word' id='word_1_55' title='bbox 378 1365 538 1442; x_wconf 81' lang='lat' dir='ltr'>dimoveri</span> <span class='ocrx_word' id='word_1_56' title='bbox 566 1389 632 1441; x_wconf 91' lang='lat' dir='ltr'>non</span> <span class='ocrx_word' id='word_1_57' title='bbox 660 1366 794 1461; x_wconf 89' lang='lat' dir='ltr'>potuit;</span> <span class='ocrx_word' id='word_1_58' title='bbox 824 1367 881 1442; x_wconf 93' lang='lat' dir='ltr'>sed</span> <span class='ocrx_word' id='word_1_59' title='bbox 910 1367 945 1441; x_wconf 93' lang='lat' dir='ltr'>in</span> <span class='ocrx_word' id='word_1_60' title='bbox 971 1366 1173 1459; x_wconf 86' lang='lat' dir='ltr'>Drobicuin,</span> <span class='ocrx_word' id='word_1_61' title='bbox 1203 1391 1289 1460; x_wconf 87' lang='lat' dir='ltr'>quae</span> <span class='ocrx_word' id='word_1_62' title='bbox 1316 1371 1397 1443; x_wconf 92' lang='lat' dir='ltr'>tunc</span> <span class='ocrx_word' id='word_1_63' title='bbox 1423 1367 1527 1444; x_wconf 90' lang='lat' dir='ltr'>Ducis</span> <span class='ocrx_word' id='word_1_64' title='bbox 1553 1367 1704 1444; x_wconf 86' lang='lat' dir='ltr'>Danielis</span> <span class='ocrx_word' id='word_1_65' title='bbox 1730 1366 1931 1463; x_wconf 81' lang='lat' dir='ltr'>principalis</span> 
     </span>
     <span class='ocr_line' id='line_1_8' title="bbox 378 1487 1930 1586; baseline 0 -22"><span class='ocrx_word' id='word_1_66' title='bbox 378 1487 474 1564; x_wconf 90' lang='lat' dir='ltr'>sedes</span> <span class='ocrx_word' id='word_1_67' title='bbox 500 1490 584 1580; x_wconf 89' lang='lat' dir='ltr'>erat,</span> <span class='ocrx_word' id='word_1_68' title='bbox 614 1488 823 1584; x_wconf 87' lang='lat' dir='ltr'>perveniens,</span> <span class='ocrx_word' id='word_1_69' title='bbox 853 1491 979 1564; x_wconf 80' lang='lat' dir='ltr'>Ducem</span> <span class='ocrx_word' id='word_1_70' title='bbox 1008 1491 1198 1584; x_wconf 87' lang='lat' dir='ltr'>praefatum</span> <span class='ocrx_word' id='word_1_71' title='bbox 1225 1490 1411 1583; x_wconf 89' lang='lat' dir='ltr'>Danielem,</span> <span class='ocrx_word' id='word_1_72' title='bbox 1440 1491 1574 1565; x_wconf 88' lang='lat' dir='ltr'>astante</span> <span class='ocrx_word' id='word_1_73' title='bbox 1599 1490 1794 1586; x_wconf 90' lang='lat' dir='ltr'>Principum</span> <span class='ocrx_word' id='word_1_74' title='bbox 1818 1493 1855 1565; x_wconf 92' lang='lat' dir='ltr'>et</span> <span class='ocrx_word' id='word_1_75' title='bbox 1871 1491 1930 1564; x_wconf 90' lang='lat' dir='ltr'>ba·</span> 
     </span>
     <span class='ocr_line' id='line_1_9' title="bbox 378 1611 1932 1707; baseline 0.001 -21"><span class='ocrx_word' id='word_1_76' title='bbox 378 1633 498 1687; x_wconf 87' lang='lat' dir='ltr'>ronum</span> <span class='ocrx_word' id='word_1_77' title='bbox 533 1611 677 1687; x_wconf 81' lang='lat' dir='ltr'>Russiae</span> <span class='ocrx_word' id='word_1_78' title='bbox 714 1612 818 1686; x_wconf 92' lang='lat' dir='ltr'>adid</span> <span class='ocrx_word' id='word_1_79' title='bbox 845 1611 1038 1707; x_wconf 78' lang='lat' dir='ltr'>specialiter</span> <span class='ocrx_word' id='word_1_80' title='bbox 1066 1611 1212 1687; x_wconf 88' lang='lat' dir='ltr'>invitata</span> <span class='ocrx_word' id='word_1_81' title='bbox 1238 1615 1273 1687; x_wconf 93' lang='lat' dir='ltr'>et</span> <span class='ocrx_word' id='word_1_82' title='bbox 1300 1613 1462 1689; x_wconf 87' lang='lat' dir='ltr'>accersita</span> <span class='ocrx_word' id='word_1_83' title='bbox 1497 1611 1727 1705; x_wconf 92' lang='lat' dir='ltr'>multitudino,</span> <span class='ocrx_word' id='word_1_84' title='bbox 1756 1611 1793 1686; x_wconf 93' lang='lat' dir='ltr'>in</span> <span class='ocrx_word' id='word_1_85' title='bbox 1820 1615 1932 1688; x_wconf 90' lang='lat' dir='ltr'>castro</span> 
     </span>
     <span class='ocr_line' id='line_1_10' title="bbox 379 1731 1932 1831; baseline 0 -24"><span class='ocrx_word' id='word_1_86' title='bbox 379 1731 559 1808; x_wconf 86' lang='lat' dir='ltr'>Drobicnin</span> <span class='ocrx_word' id='word_1_87' title='bbox 586 1735 716 1829; x_wconf 86' lang='lat' dir='ltr'>Regem</span> <span class='ocrx_word' id='word_1_88' title='bbox 742 1756 843 1829; x_wconf 88' lang='lat' dir='ltr'>super</span> <span class='ocrx_word' id='word_1_89' title='bbox 874 1733 1035 1808; x_wconf 87' lang='lat' dir='ltr'>Russiam</span> <span class='ocrx_word' id='word_1_90' title='bbox 1071 1735 1207 1809; x_wconf 91' lang='lat' dir='ltr'>coronat</span> <span class='ocrx_word' id='word_1_91' title='bbox 1234 1735 1269 1808; x_wconf 89' lang='lat' dir='ltr'>ot</span> <span class='ocrx_word' id='word_1_92' title='bbox 1296 1733 1444 1831; x_wconf 89' lang='lat' dir='ltr'>inungit,</span> <span class='ocrx_word' id='word_1_93' title='bbox 1483 1734 1636 1830; x_wconf 85' lang='lat' dir='ltr'>praefato</span> <span class='ocrx_word' id='word_1_94' title='bbox 1670 1735 1761 1810; x_wconf 92' lang='lat' dir='ltr'>Duce</span> <span class='ocrx_word' id='word_1_95' title='bbox 1787 1733 1932 1809; x_wconf 86' lang='lat' dir='ltr'>Daniele</span> 
     </span>
    </p>
   </div>
   <div class='ocr_carea' id='block_1_5' title="bbox 380 1855 1932 1951">
    <p class='ocr_par' dir='ltr' id='par_1_5' title="bbox 380 1855 1932 1951">
     <span class='ocr_line' id='line_1_11' title="bbox 380 1855 1932 1951; baseline -0.001 -21"><span class='ocrx_word' id='word_1_96' title='bbox 380 1855 566 1932; x_wconf 88' lang='lat' dir='ltr'>solenniter</span> <span class='ocrx_word' id='word_1_97' title='bbox 591 1855 810 1950; x_wconf 86' lang='lat' dir='ltr'>promittente</span> <span class='ocrx_word' id='word_1_98' title='bbox 837 1857 935 1930; x_wconf 90' lang='lat' dir='ltr'>etse</span> <span class='ocrx_word' id='word_1_99' title='bbox 962 1855 1176 1930; x_wconf 89' lang='lat' dir='ltr'>iureiurando</span> <span class='ocrx_word' id='word_1_100' title='bbox 1203 1855 1238 1929; x_wconf 90' lang='lat' dir='ltr'>in</span> <span class='ocrx_word' id='word_1_101' title='bbox 1266 1857 1422 1930; x_wconf 90' lang='lat' dir='ltr'>manibus</span> <span class='ocrx_word' id='word_1_102' title='bbox 1449 1856 1596 1950; x_wconf 88' lang='lat' dir='ltr'>praefati</span> <span class='ocrx_word' id='word_1_103' title='bbox 1623 1855 1781 1951; x_wconf 87' lang='lat' dir='ltr'>Opiconis</span> <span class='ocrx_word' id='word_1_104' title='bbox 1808 1855 1932 1951; x_wconf 82' lang='lat' dir='ltr'>Legati</span> 
     </span>
    </p>
   </div>
   <div class='ocr_carea' id='block_1_6' title="bbox 379 1977 2068 2074">
    <p class='ocr_par' dir='ltr' id='par_1_6' title="bbox 379 1977 2068 2074">
     <span class='ocr_line' id='line_1_12' title="bbox 379 1977 2068 2074; baseline 0 -23"><span class='ocrx_word' id='word_1_105' title='bbox 379 1977 603 2074; x_wconf 88' lang='lat' dir='ltr'>astringente,</span> <span class='ocrx_word' id='word_1_106' title='bbox 632 1999 668 2052; x_wconf 90' lang='lat' dir='ltr'>se</span> <span class='ocrx_word' id='word_1_107' title='bbox 695 1999 770 2053; x_wconf 93' lang='lat' dir='ltr'>cum</span> <span class='ocrx_word' id='word_1_108' title='bbox 798 1977 954 2052; x_wconf 90' lang='lat' dir='ltr'>omnibus</span> <span class='ocrx_word' id='word_1_109' title='bbox 977 1977 1192 2072; x_wconf 86' lang='lat' dir='ltr'>Principibus</span> <span class='ocrx_word' id='word_1_110' title='bbox 1211 1979 1246 2052; x_wconf 88' lang='lat' dir='ltr'>et</span> <span class='ocrx_word' id='word_1_111' title='bbox 1264 1978 1455 2070; x_wconf 89' lang='lat' dir='ltr'>baronibus,</span> <span class='ocrx_word' id='word_1_112' title='bbox 1484 1979 1585 2052; x_wconf 88' lang='lat' dir='ltr'>terris</span> <span class='ocrx_word' id='word_1_113' title='bbox 1611 1981 1646 2053; x_wconf 92' lang='lat' dir='ltr'>ot</span> <span class='ocrx_word' id='word_1_114' title='bbox 1673 1977 1831 2052; x_wconf 91' lang='lat' dir='ltr'>dominiis</span> <span class='ocrx_word' id='word_1_115' title='bbox 1849 1978 1932 2068; x_wconf 85' lang='lat' dir='ltr'>suls,</span> <span class='ocrx_word' id='word_1_116' title='bbox 2067 1995 2068 1998; x_wconf 65' lang='lat'>‘</span> 
     </span>
    </p>
   </div>
   <div class='ocr_carea' id='block_1_7' title="bbox 315 2098 1992 3050">
    <p class='ocr_par' dir='ltr' id='par_1_7' title="bbox 380 2098 1934 2439">
     <span class='ocr_line' id='line_1_13' title="bbox 380 2098 1934 2191; baseline 0 -17"><span class='ocrx_word' id='word_1_117' title='bbox 380 2099 490 2191; x_wconf 88' lang='lat' dir='ltr'>fidem,</span> <span class='ocrx_word' id='word_1_118' title='bbox 519 2099 623 2174; x_wconf 90' lang='lat' dir='ltr'>ritum</span> <span class='ocrx_word' id='word_1_119' title='bbox 651 2100 686 2175; x_wconf 88' lang='lat' dir='ltr'>et</span> <span class='ocrx_word' id='word_1_120' title='bbox 713 2098 933 2174; x_wconf 86' lang='lat' dir='ltr'>caerimonias</span> <span class='ocrx_word' id='word_1_121' title='bbox 959 2101 1133 2175; x_wconf 87' lang='lat' dir='ltr'>Romanae</span> <span class='ocrx_word' id='word_1_122' title='bbox 1159 2100 1321 2175; x_wconf 91' lang='lat' dir='ltr'>ecclesiae</span> <span class='ocrx_word' id='word_1_123' title='bbox 1349 2101 1546 2176; x_wconf 86' lang='lat' dir='ltr'>decaetero</span> <span class='ocrx_word' id='word_1_124' title='bbox 1573 2099 1719 2175; x_wconf 89' lang='lat' dir='ltr'>fideliter</span> <span class='ocrx_word' id='word_1_125' title='bbox 1745 2102 1780 2176; x_wconf 93' lang='lat' dir='ltr'>et</span> <span class='ocrx_word' id='word_1_126' title='bbox 1804 2100 1934 2175; x_wconf 89' lang='lat' dir='ltr'>sincere</span> 
     </span>
     <span class='ocr_line' id='line_1_14' title="bbox 380 2221 1931 2316; baseline 0 -20"><span class='ocrx_word' id='word_1_127' title='bbox 380 2224 599 2313; x_wconf 89' lang='lat' dir='ltr'>sectaturum,</span> <span class='ocrx_word' id='word_1_128' title='bbox 628 2223 663 2296; x_wconf 91' lang='lat' dir='ltr'>et</span> <span class='ocrx_word' id='word_1_129' title='bbox 691 2221 889 2297; x_wconf 90' lang='lat' dir='ltr'>Innocentio</span> <span class='ocrx_word' id='word_1_130' title='bbox 916 2225 1037 2316; x_wconf 86' lang='lat' dir='ltr'>quarto</span> <span class='ocrx_word' id='word_1_131' title='bbox 1056 2223 1193 2297; x_wconf 87' lang='lat' dir='ltr'>Summo</span> <span class='ocrx_word' id='word_1_132' title='bbox 1220 2221 1377 2297; x_wconf 88' lang='lat' dir='ltr'>Pontifici</span> <span class='ocrx_word' id='word_1_133' title='bbox 1408 2224 1572 2314; x_wconf 89' lang='lat' dir='ltr'>Romano,</span> <span class='ocrx_word' id='word_1_134' title='bbox 1597 2221 1735 2314; x_wconf 89' lang='lat' dir='ltr'>eiusque</span> <span class='ocrx_word' id='word_1_135' title='bbox 1761 2243 1931 2298; x_wconf 88' lang='lat' dir='ltr'>suecesso-</span> 
     </span>
     <span class='ocr_line' id='line_1_15' title="bbox 380 2344 1356 2439; baseline 0 -21"><span class='ocrx_word' id='word_1_136' title='bbox 380 2345 473 2419; x_wconf 85' lang='lat' dir='ltr'>ribus</span> <span class='ocrx_word' id='word_1_137' title='bbox 500 2344 701 2439; x_wconf 88' lang='lat' dir='ltr'>pariturum.</span> <span class='ocrx_word' id='word_1_138' title='bbox 1355 2427 1356 2430; x_wconf 5' lang='grc' dir='ltr'><strong>Ἴ</strong></span> 
     </span>
    </p>

    <p class='ocr_par' dir='ltr' id='par_1_8' title="bbox 315 2465 1992 3050">
     <span class='ocr_line' id='line_1_16' title="bbox 454 2465 1934 2564; baseline 0.001 -24"><span class='ocrx_word' id='word_1_139' title='bbox 454 2467 580 2564; x_wconf 30' lang='lat' dir='ltr'>,misit</span> <span class='ocrx_word' id='word_1_140' title='bbox 614 2469 676 2541; x_wconf 92' lang='lat' dir='ltr'>sub</span> <span class='ocrx_word' id='word_1_141' title='bbox 712 2465 831 2542; x_wconf 90' lang='lat' dir='ltr'>iisdem</span> <span class='ocrx_word' id='word_1_142' title='bbox 867 2465 1075 2560; x_wconf 88' lang='lat' dir='ltr'>temporibus</span> <span class='ocrx_word' id='word_1_143' title='bbox 1112 2468 1284 2562; x_wconf 85' lang='lat' dir='ltr'>praelatus</span> <span class='ocrx_word' id='word_1_144' title='bbox 1321 2467 1479 2541; x_wconf 84' lang='lat' dir='ltr'>Summus</span> <span class='ocrx_word' id='word_1_145' title='bbox 1516 2467 1677 2542; x_wconf 83' lang='lat' dir='ltr'>Pontifex</span> <span class='ocrx_word' id='word_1_146' title='bbox 1712 2465 1934 2542; x_wconf 87' lang='lat' dir='ltr'>Innocentius</span> 
     </span>
     <span class='ocr_line' id='line_1_17' title="bbox 380 2586 1935 2684; baseline -0.002 -20"><span class='ocrx_word' id='word_1_147' title='bbox 380 2591 523 2682; x_wconf 86' lang='lat' dir='ltr'>quartus</span> <span class='ocrx_word' id='word_1_148' title='bbox 550 2589 592 2664; x_wconf 92' lang='lat' dir='ltr'>ad</span> <span class='ocrx_word' id='word_1_149' title='bbox 620 2589 756 2684; x_wconf 87' lang='lat' dir='ltr'>gentem</span> <span class='ocrx_word' id='word_1_150' title='bbox 783 2589 818 2663; x_wconf 93' lang='lat' dir='ltr'>et</span> <span class='ocrx_word' id='word_1_151' title='bbox 841 2588 1084 2682; x_wconf 88' lang='lat' dir='ltr'>Imperatorem</span> <span class='ocrx_word' id='word_1_152' title='bbox 1111 2589 1353 2663; x_wconf 83' lang='lat' dir='ltr'>Thurtarorum</span> <span class='ocrx_word' id='word_1_153' title='bbox 1381 2590 1638 2664; x_wconf 87' lang='lat' dir='ltr'>convertendam</span> <span class='ocrx_word' id='word_1_154' title='bbox 1664 2591 1700 2664; x_wconf 90' lang='lat' dir='ltr'>ot</span> <span class='ocrx_word' id='word_1_155' title='bbox 1726 2609 1828 2662; x_wconf 87' lang='lat' dir='ltr'>asua</span> <span class='ocrx_word' id='word_1_156' title='bbox 1846 2586 1935 2662; x_wconf 82' lang='lat' dir='ltr'>furia</span> 
     </span>
     <span class='ocr_line' id='line_1_18' title="bbox 380 2705 1992 2806; baseline 0 -22"><span class='ocrx_word' id='word_1_157' title='bbox 380 2709 616 2806; x_wconf 86' lang='lat' dir='ltr'>mitigandam,</span> <span class='ocrx_word' id='word_1_158' title='bbox 644 2711 770 2784; x_wconf 87' lang='lat' dir='ltr'>fratros</span> <span class='ocrx_word' id='word_1_159' title='bbox 796 2709 1046 2784; x_wconf 88' lang='lat' dir='ltr'>Praedicatores</span> <span class='ocrx_word' id='word_1_160' title='bbox 1073 2712 1107 2784; x_wconf 93' lang='lat' dir='ltr'>et</span> <span class='ocrx_word' id='word_1_161' title='bbox 1133 2705 1290 2801; x_wconf 88' lang='lat' dir='ltr'>Minores,</span> <span class='ocrx_word' id='word_1_162' title='bbox 1311 2711 1422 2786; x_wconf 85' lang='lat' dir='ltr'>colum</span> <span class='ocrx_word' id='word_1_163' title='bbox 1449 2711 1511 2784; x_wconf 90' lang='lat' dir='ltr'>Dei</span> <span class='ocrx_word' id='word_1_164' title='bbox 1538 2712 1712 2802; x_wconf 88' lang='lat' dir='ltr'>babentes,</span> <span class='ocrx_word' id='word_1_165' title='bbox 1742 2709 1833 2784; x_wconf 89' lang='lat' dir='ltr'>iuter</span> <span class='ocrx_word' id='word_1_166' title='bbox 1850 2729 1934 2801; x_wconf 87' lang='lat' dir='ltr'>quos</span> <span class='ocrx_word' id='word_1_167' title='bbox 1986 2709 1992 2727; x_wconf 88' lang='lat'>&#39;</span> 
     </span>
     <span class='ocr_line' id='line_1_19' title="bbox 315 2830 1932 2928; baseline -0.001 -22"><span class='ocrx_word' id='word_1_168' title='bbox 315 2917 316 2920; x_wconf 7' lang='lat' dir='ltr'>p</span> <span class='ocrx_word' id='word_1_169' title='bbox 381 2833 446 2908; x_wconf 92' lang='lat' dir='ltr'>duo</span> <span class='ocrx_word' id='word_1_170' title='bbox 475 2834 573 2908; x_wconf 87' lang='lat' dir='ltr'>erant</span> <span class='ocrx_word' id='word_1_171' title='bbox 591 2831 818 2928; x_wconf 90' lang='lat' dir='ltr'>principales:</span> <span class='ocrx_word' id='word_1_172' title='bbox 846 2855 890 2907; x_wconf 83' lang='lat' dir='ltr'>ex</span> <span class='ocrx_word' id='word_1_173' title='bbox 917 2831 1208 2907; x_wconf 88' lang='lat' dir='ltr'>Praedicatoribus</span> <span class='ocrx_word' id='word_1_174' title='bbox 1235 2833 1342 2908; x_wconf 85' lang='lat' dir='ltr'>frater</span> <span class='ocrx_word' id='word_1_175' title='bbox 1368 2831 1532 2908; x_wconf 80' lang='lat' dir='ltr'>licelinus</span> <span class='ocrx_word' id='word_1_176' title='bbox 1557 2833 1779 2923; x_wconf 80' lang='lat' dir='ltr'>bombardae,</span> <span class='ocrx_word' id='word_1_177' title='bbox 1808 2853 1853 2906; x_wconf 83' lang='lat' dir='ltr'>ex</span> <span class='ocrx_word' id='word_1_178' title='bbox 1870 2830 1932 2905; x_wconf 90' lang='lat' dir='ltr'>bli-</span> 
     </span>
     <span class='ocr_line' id='line_1_20' title="bbox 380 2953 1933 3050; baseline -0.001 -23"><span class='ocrx_word' id='word_1_179' title='bbox 380 2953 518 3028; x_wconf 90' lang='lat' dir='ltr'>noribus</span> <span class='ocrx_word' id='word_1_180' title='bbox 554 2955 659 3030; x_wconf 89' lang='lat' dir='ltr'>frater</span> <span class='ocrx_word' id='word_1_181' title='bbox 695 2954 863 3029; x_wconf 89' lang='lat' dir='ltr'>Iohannes</span> <span class='ocrx_word' id='word_1_182' title='bbox 898 2954 939 3027; x_wconf 91' lang='lat' dir='ltr'>de</span> <span class='ocrx_word' id='word_1_183' title='bbox 973 2954 1092 3028; x_wconf 92' lang='lat' dir='ltr'>Plano.</span> <span class='ocrx_word' id='word_1_184' title='bbox 1138 2955 1211 3027; x_wconf 87' lang='lat' dir='ltr'>Iam</span> <span class='ocrx_word' id='word_1_185' title='bbox 1247 2953 1413 3046; x_wconf 89' lang='lat' dir='ltr'>siquidem</span> <span class='ocrx_word' id='word_1_186' title='bbox 1450 2953 1594 3050; x_wconf 83' lang='lat' dir='ltr'>praelati</span> <span class='ocrx_word' id='word_1_187' title='bbox 1630 2953 1789 3028; x_wconf 85' lang='lat' dir='ltr'>I&#39;hartari</span> <span class='ocrx_word' id='word_1_188' title='bbox 1823 2954 1933 3035; x_wconf 62' lang='lat' dir='ltr'>¹totum</span> 
     </span>
    </p>
   </div>
   <div class='ocr_carea' id='block_1_8' title="bbox 382 3073 2068 3294">
    <p class='ocr_par' dir='ltr' id='par_1_9' title="bbox 382 3073 2068 3294">
     <span class='ocr_line' id='line_1_21' title="bbox 382 3073 2068 3178; baseline -0.001 -28"><span class='ocrx_word' id='word_1_189' title='bbox 382 3075 553 3150; x_wconf 90' lang='lat' dir='ltr'>Persidem</span> <span class='ocrx_word' id='word_1_190' title='bbox 581 3077 616 3151; x_wconf 88' lang='lat' dir='ltr'>et</span> <span class='ocrx_word' id='word_1_191' title='bbox 642 3074 835 3171; x_wconf 80' lang='lat' dir='ltr'>Assyriam,</span> <span class='ocrx_word' id='word_1_192' title='bbox 873 3075 954 3151; x_wconf 90' lang='lat' dir='ltr'>item</span> <span class='ocrx_word' id='word_1_193' title='bbox 982 3078 1090 3150; x_wconf 89' lang='lat' dir='ltr'>totam</span> <span class='ocrx_word' id='word_1_194' title='bbox 1119 3075 1320 3168; x_wconf 80' lang='lat' dir='ltr'>Purobiam,</span> <span class='ocrx_word' id='word_1_195' title='bbox 1359 3099 1446 3168; x_wconf 89' lang='lat' dir='ltr'>quae</span> <span class='ocrx_word' id='word_1_196' title='bbox 1472 3077 1553 3151; x_wconf 90' lang='lat' dir='ltr'>ante</span> <span class='ocrx_word' id='word_1_197' title='bbox 1579 3075 1671 3152; x_wconf 75' lang='lat' dir='ltr'>dluta</span> <span class='ocrx_word' id='word_1_198' title='bbox 1698 3077 1750 3150; x_wconf 87' lang='lat' dir='ltr'>est</span> <span class='ocrx_word' id='word_1_199' title='bbox 1775 3073 1937 3150; x_wconf 80' lang='lat' dir='ltr'>Armenia</span> <span class='ocrx_word' id='word_1_200' title='bbox 2067 3117 2068 3178; x_wconf 73' lang='lat'>3</span> 
     </span>
     <span class='ocr_line' id='line_1_22' title="bbox 383 3195 2068 3294; baseline -0.002 -22"><span class='ocrx_word' id='word_1_201' title='bbox 383 3195 498 3288; x_wconf 87' lang='lat' dir='ltr'>maior,</span> <span class='ocrx_word' id='word_1_202' title='bbox 524 3196 585 3272; x_wconf 92' lang='lat' dir='ltr'>ubi</span> <span class='ocrx_word' id='word_1_203' title='bbox 614 3199 649 3272; x_wconf 92' lang='lat' dir='ltr'>et</span> <span class='ocrx_word' id='word_1_204' title='bbox 675 3195 758 3271; x_wconf 79' lang='lat' dir='ltr'>Asia</span> <span class='ocrx_word' id='word_1_205' title='bbox 785 3198 904 3289; x_wconf 91' lang='lat' dir='ltr'>minor,</span> <span class='ocrx_word' id='word_1_206' title='bbox 933 3196 1037 3272; x_wconf 90' lang='lat' dir='ltr'>armis</span> <span class='ocrx_word' id='word_1_207' title='bbox 1064 3199 1099 3272; x_wconf 93' lang='lat' dir='ltr'>et</span> <span class='ocrx_word' id='word_1_208' title='bbox 1126 3197 1252 3273; x_wconf 90' lang='lat' dir='ltr'>omdeli</span> <span class='ocrx_word' id='word_1_209' title='bbox 1280 3198 1462 3294; x_wconf 75' lang='lat' dir='ltr'>tyrannide</span> <span class='ocrx_word' id='word_1_210' title='bbox 1490 3200 1744 3292; x_wconf 88' lang='lat' dir='ltr'>occupaverant,</span> <span class='ocrx_word' id='word_1_211' title='bbox 1782 3195 1936 3288; x_wconf 89' lang='lat' dir='ltr'>antiquis</span> <span class='ocrx_word' id='word_1_212' title='bbox 2012 3283 2017 3294; x_wconf 27' lang='grc' dir='ltr'>Ι</span> <span class='ocrx_word' id='word_1_213' title='bbox 2067 3201 2068 3258; x_wconf 86' lang='lat'><em>3</em></span> 
     </span>
    </p>
   </div>
   <div class='ocr_carea' id='block_1_9' title="bbox 382 3319 1935 3537">
    <p class='ocr_par' dir='ltr' id='par_1_10' title="bbox 382 3319 1935 3537">
     <span class='ocr_line' id='line_1_23' title="bbox 382 3319 1935 3416; baseline -0.001 -22"><span class='ocrx_word' id='word_1_214' title='bbox 382 3319 539 3416; x_wconf 89' lang='lat' dir='ltr'>tyrannis</span> <span class='ocrx_word' id='word_1_215' title='bbox 565 3321 601 3395; x_wconf 92' lang='lat' dir='ltr'>et</span> <span class='ocrx_word' id='word_1_216' title='bbox 627 3319 876 3394; x_wconf 88' lang='lat' dir='ltr'>habitatoribus</span> <span class='ocrx_word' id='word_1_217' title='bbox 903 3319 1029 3414; x_wconf 90' lang='lat' dir='ltr'>partim</span> <span class='ocrx_word' id='word_1_218' title='bbox 1057 3319 1197 3412; x_wconf 89' lang='lat' dir='ltr'>necatis,</span> <span class='ocrx_word' id='word_1_219' title='bbox 1235 3319 1360 3416; x_wconf 89' lang='lat' dir='ltr'>partim</span> <span class='ocrx_word' id='word_1_220' title='bbox 1387 3320 1515 3414; x_wconf 90' lang='lat' dir='ltr'>eiectis,</span> <span class='ocrx_word' id='word_1_221' title='bbox 1554 3322 1615 3396; x_wconf 89' lang='lat' dir='ltr'>aut</span> <span class='ocrx_word' id='word_1_222' title='bbox 1641 3319 1677 3394; x_wconf 93' lang='lat' dir='ltr'>in</span> <span class='ocrx_word' id='word_1_223' title='bbox 1704 3341 1804 3394; x_wconf 78' lang='lat' dir='ltr'>suurn</span> <span class='ocrx_word' id='word_1_224' title='bbox 1831 3319 1935 3393; x_wconf 89' lang='lat' dir='ltr'>ritum</span> 
     </span>
     <span class='ocr_line' id='line_1_24' title="bbox 382 3438 1132 3537; baseline 0 -21"><span class='ocrx_word' id='word_1_225' title='bbox 382 3443 419 3516; x_wconf 89' lang='lat' dir='ltr'>ot</span> <span class='ocrx_word' id='word_1_226' title='bbox 444 3440 659 3537; x_wconf 89' lang='lat' dir='ltr'>linguogium</span> <span class='ocrx_word' id='word_1_227' title='bbox 675 3438 704 3536; x_wconf 86' lang='lat'>³)</span> <span class='ocrx_word' id='word_1_228' title='bbox 731 3441 867 3516; x_wconf 88' lang='lat' dir='ltr'>traditis</span> <span class='ocrx_word' id='word_1_229' title='bbox 894 3443 929 3517; x_wconf 87' lang='lat' dir='ltr'>et</span> <span class='ocrx_word' id='word_1_230' title='bbox 955 3441 1132 3516; x_wconf 89' lang='lat' dir='ltr'>traductis.</span> 
     </span>
    </p>
   </div>
   <div class='ocr_carea' id='block_1_10' title="bbox 384 3807 2068 3902">
    <p class='ocr_par' dir='ltr' id='par_1_11' title="bbox 384 3807 2068 3902">
     <span class='ocr_line' id='line_1_25' title="bbox 384 3807 2068 3902; baseline -0.001 -20"><span class='ocrx_word' id='word_1_231' title='bbox 384 3809 474 3884; x_wconf 70' lang='lat' dir='ltr'>&#39;iles</span> <span class='ocrx_word' id='word_1_232' title='bbox 501 3809 725 3882; x_wconf 73' lang='lat' dir='ltr'>cracoviensis</span> <span class='ocrx_word' id='word_1_233' title='bbox 752 3808 897 3901; x_wconf 74' lang='lat' dir='ltr'>vydrga</span> <span class='ocrx_word' id='word_1_234' title='bbox 923 3811 956 3881; x_wconf 84' lang='lat' dir='ltr'>in</span> <span class='ocrx_word' id='word_1_235' title='bbox 983 3811 1074 3900; x_wconf 81' lang='lat' dir='ltr'>gravi</span> <span class='ocrx_word' id='word_1_236' title='bbox 1101 3811 1186 3882; x_wconf 83' lang='lat' dir='ltr'>lane</span> <span class='ocrx_word' id='word_1_237' title='bbox 1214 3807 1393 3882; x_wconf 79' lang='lat' dir='ltr'>brociloros</span> <span class='ocrx_word' id='word_1_238' title='bbox 1421 3809 1591 3902; x_wconf 77' lang='lat' dir='ltr'>mogutino</span> <span class='ocrx_word' id='word_1_239' title='bbox 1615 3807 1808 3899; x_wconf 84' lang='lat' dir='ltr'>sublevavit,</span> <span class='ocrx_word' id='word_1_240' title='bbox 1837 3829 1876 3883; x_wconf 87' lang='lat' dir='ltr'>ac</span> <span class='ocrx_word' id='word_1_241' title='bbox 1903 3827 1937 3882; x_wconf 82' lang='lat' dir='ltr'>m</span> <span class='ocrx_word' id='word_1_242' title='bbox 2067 3863 2068 3868; x_wconf 20' lang='grc' dir='ltr'>ι</span> 
     </span>
    </p>
   </div>
   <div class='ocr_carea' id='block_1_11' title="bbox 955 3930 1364 4005">
    <p class='ocr_par' dir='ltr' id='par_1_12' title="bbox 955 3930 1364 4005">
     <span class='ocr_line' id='line_1_26' title="bbox 955 3930 1364 4005; baseline 0.007 -3"><span class='ocrx_word' id='word_1_243' title='bbox 955 3931 1061 4002; x_wconf 89' lang='lat' dir='ltr'>ordini</span> <span class='ocrx_word' id='word_1_244' title='bbox 1088 3949 1198 4004; x_wconf 87' lang='lat' dir='ltr'>eorum</span> <span class='ocrx_word' id='word_1_245' title='bbox 1225 3930 1364 4005; x_wconf 83' lang='lat' dir='ltr'>addixit.</span> 
     </span>
    </p>
   </div>
   <div class='ocr_carea' id='block_1_12' title="bbox 383 4171 1939 5242">
    <p class='ocr_par' dir='ltr' id='par_1_13' title="bbox 383 4171 1939 5242">
     <span class='ocr_line' id='line_1_27' title="bbox 386 4171 1937 4268; baseline 0.002 -21"><span class='ocrx_word' id='word_1_246' title='bbox 386 4227 389 4234; x_wconf 77' lang='lat'><em>.</em></span> <span class='ocrx_word' id='word_1_247' title='bbox 488 4175 592 4248; x_wconf 81' lang='lat' dir='ltr'>Fame</span> <span class='ocrx_word' id='word_1_248' title='bbox 620 4173 803 4249; x_wconf 91' lang='lat' dir='ltr'>miserabili</span> <span class='ocrx_word' id='word_1_249' title='bbox 831 4174 1056 4265; x_wconf 82' lang='lat' dir='ltr'>(lulrnensem,</span> <span class='ocrx_word' id='word_1_250' title='bbox 1092 4172 1310 4249; x_wconf 86' lang='lat' dir='ltr'>Pomeruniae</span> <span class='ocrx_word' id='word_1_251' title='bbox 1344 4175 1380 4248; x_wconf 88' lang='lat' dir='ltr'>ot</span> <span class='ocrx_word' id='word_1_252' title='bbox 1415 4171 1572 4249; x_wconf 80' lang='lat' dir='ltr'>Prussirre</span> <span class='ocrx_word' id='word_1_253' title='bbox 1607 4175 1716 4250; x_wconf 87' lang='lat' dir='ltr'>terras</span> <span class='ocrx_word' id='word_1_254' title='bbox 1753 4177 1937 4268; x_wconf 90' lang='lat' dir='ltr'>premente,</span> 
     </span>
     <span class='ocr_line' id='line_1_28' title="bbox 384 4293 1939 4391; baseline 0 -22"><span class='ocrx_word' id='word_1_255' title='bbox 384 4297 478 4385; x_wconf 87' lang='lat' dir='ltr'>adeo,</span> <span class='ocrx_word' id='word_1_256' title='bbox 507 4297 547 4368; x_wconf 91' lang='lat' dir='ltr'>ut</span> <span class='ocrx_word' id='word_1_257' title='bbox 574 4295 728 4389; x_wconf 89' lang='lat' dir='ltr'>plerique</span> <span class='ocrx_word' id='word_1_258' title='bbox 756 4295 917 4370; x_wconf 73' lang='lat' dir='ltr'>cruciferi</span> <span class='ocrx_word' id='word_1_259' title='bbox 946 4294 1058 4369; x_wconf 88' lang='lat' dir='ltr'>inedia</span> <span class='ocrx_word' id='word_1_260' title='bbox 1084 4294 1377 4390; x_wconf 83' lang='lat' dir='ltr'>extinguerentur,</span> <span class='ocrx_word' id='word_1_261' title='bbox 1410 4293 1509 4370; x_wconf 89' lang='lat' dir='ltr'>miles</span> <span class='ocrx_word' id='word_1_262' title='bbox 1536 4294 1693 4391; x_wconf 84' lang='lat' dir='ltr'>Wydnga</span> <span class='ocrx_word' id='word_1_263' title='bbox 1719 4295 1896 4390; x_wconf 82' lang='lat' dir='ltr'>Ocyorstin</span> <span class='ocrx_word' id='word_1_264' title='bbox 1912 4297 1939 4390; x_wconf 81' lang='lat'>⁴)</span> 
     </span>
     <span class='ocr_line' id='line_1_29' title="bbox 383 4416 1939 4509; baseline -0.001 -17"><span class='ocrx_word' id='word_1_265' title='bbox 383 4439 429 4492; x_wconf 87' lang='lat' dir='ltr'>ex</span> <span class='ocrx_word' id='word_1_266' title='bbox 455 4416 666 4492; x_wconf 69' lang='lat' dir='ltr'>cracoviensi</span> <span class='ocrx_word' id='word_1_267' title='bbox 702 4420 802 4508; x_wconf 90' lang='lat' dir='ltr'>terra,</span> <span class='ocrx_word' id='word_1_268' title='bbox 840 4417 999 4492; x_wconf 93' lang='lat' dir='ltr'>dedomo</span> <span class='ocrx_word' id='word_1_269' title='bbox 1026 4419 1061 4492; x_wconf 92' lang='lat' dir='ltr'>et</span> <span class='ocrx_word' id='word_1_270' title='bbox 1088 4418 1279 4509; x_wconf 89' lang='lat' dir='ltr'>nobilitate,</span> <span class='ocrx_word' id='word_1_271' title='bbox 1309 4439 1395 4509; x_wconf 87' lang='lat' dir='ltr'>quae</span> <span class='ocrx_word' id='word_1_272' title='bbox 1423 4416 1545 4491; x_wconf 87' lang='lat' dir='ltr'>Ianina</span> <span class='ocrx_word' id='word_1_273' title='bbox 1572 4416 1707 4509; x_wconf 91' lang='lat' dir='ltr'>dicitur,</span> <span class='ocrx_word' id='word_1_274' title='bbox 1738 4420 1851 4492; x_wconf 91' lang='lat' dir='ltr'>ortum</span> <span class='ocrx_word' id='word_1_275' title='bbox 1880 4417 1939 4492; x_wconf 93' lang='lat' dir='ltr'>du·</span> 
     </span>
     <span class='ocr_line' id='line_1_30' title="bbox 386 4538 1936 4635; baseline 0.001 -21"><span class='ocrx_word' id='word_1_276' title='bbox 386 4561 475 4628; x_wconf 91' lang='lat' dir='ltr'>cens,</span> <span class='ocrx_word' id='word_1_277' title='bbox 513 4538 662 4612; x_wconf 90' lang='lat' dir='ltr'>ordinem</span> <span class='ocrx_word' id='word_1_278' title='bbox 691 4539 934 4614; x_wconf 82' lang='lat' dir='ltr'>Orucilororum</span> <span class='ocrx_word' id='word_1_279' title='bbox 972 4539 1197 4634; x_wconf 88' lang='lat' dir='ltr'>ingressurus,</span> <span class='ocrx_word' id='word_1_280' title='bbox 1234 4541 1305 4614; x_wconf 89' lang='lat' dir='ltr'>tres</span> <span class='ocrx_word' id='word_1_281' title='bbox 1342 4559 1481 4635; x_wconf 89' lang='lat' dir='ltr'>magnas</span> <span class='ocrx_word' id='word_1_282' title='bbox 1516 4561 1630 4630; x_wconf 92' lang='lat' dir='ltr'>naves,</span> <span class='ocrx_word' id='word_1_283' title='bbox 1668 4539 1758 4632; x_wconf 93' lang='lat' dir='ltr'>vino,</span> <span class='ocrx_word' id='word_1_284' title='bbox 1787 4540 1936 4634; x_wconf 81' lang='lat' dir='ltr'>modom,</span> 
     </span>
     <span class='ocr_line' id='line_1_31' title="bbox 387 4659 1939 4757; baseline 0.002 -23"><span class='ocrx_word' id='word_1_285' title='bbox 387 4659 512 4750; x_wconf 88' lang='lat' dir='ltr'>tritico,</span> <span class='ocrx_word' id='word_1_286' title='bbox 541 4659 646 4752; x_wconf 89' lang='lat' dir='ltr'>lardo,</span> <span class='ocrx_word' id='word_1_287' title='bbox 675 4661 856 4751; x_wconf 88' lang='lat' dir='ltr'>frumento,</span> <span class='ocrx_word' id='word_1_288' title='bbox 895 4661 1026 4757; x_wconf 81' lang='lat' dir='ltr'>butyro,</span> <span class='ocrx_word' id='word_1_289' title='bbox 1065 4661 1273 4753; x_wconf 87' lang='lat' dir='ltr'>caeterisque</span> <span class='ocrx_word' id='word_1_290' title='bbox 1310 4660 1514 4736; x_wconf 89' lang='lat' dir='ltr'>victualibus</span> <span class='ocrx_word' id='word_1_291' title='bbox 1541 4663 1710 4753; x_wconf 87' lang='lat' dir='ltr'>oneratas,</span> <span class='ocrx_word' id='word_1_292' title='bbox 1748 4684 1820 4756; x_wconf 92' lang='lat' dir='ltr'>per·</span> <span class='ocrx_word' id='word_1_293' title='bbox 1836 4683 1939 4756; x_wconf 80' lang='lat' dir='ltr'>aquas</span> 
     </span>
     <span class='ocr_line' id='line_1_32' title="bbox 386 4781 1939 4876; baseline 0 -17"><span class='ocrx_word' id='word_1_294' title='bbox 386 4781 531 4874; x_wconf 88' lang='lat' dir='ltr'>Wislao,</span> <span class='ocrx_word' id='word_1_295' title='bbox 568 4781 715 4857; x_wconf 85' lang='lat' dir='ltr'>tricenta</span> <span class='ocrx_word' id='word_1_296' title='bbox 749 4805 825 4857; x_wconf 90' lang='lat' dir='ltr'>vero</span> <span class='ocrx_word' id='word_1_297' title='bbox 862 4805 992 4876; x_wconf 89' lang='lat' dir='ltr'>pecora,</span> <span class='ocrx_word' id='word_1_298' title='bbox 1031 4782 1189 4858; x_wconf 88' lang='lat' dir='ltr'>videlicet</span> <span class='ocrx_word' id='word_1_299' title='bbox 1225 4784 1336 4874; x_wconf 90' lang='lat' dir='ltr'>boves,</span> <span class='ocrx_word' id='word_1_300' title='bbox 1375 4803 1504 4874; x_wconf 88' lang='lat' dir='ltr'>vaccas,</span> <span class='ocrx_word' id='word_1_301' title='bbox 1540 4781 1626 4858; x_wconf 82' lang='lat' dir='ltr'>ibam</span> <span class='ocrx_word' id='word_1_302' title='bbox 1663 4783 1939 4874; x_wconf 72' lang='lat' dir='ltr'>armentalium</span> 
     </span>
     <span class='ocr_line' id='line_1_33' title="bbox 387 4903 1938 5000; baseline 0 -20"><span class='ocrx_word' id='word_1_303' title='bbox 387 4925 503 4997; x_wconf 86' lang='lat' dir='ltr'>equos,</span> <span class='ocrx_word' id='word_1_304' title='bbox 532 4925 592 4998; x_wconf 88' lang='lat' dir='ltr'>por</span> <span class='ocrx_word' id='word_1_305' title='bbox 618 4906 744 4978; x_wconf 86' lang='lat' dir='ltr'>terrem</span> <span class='ocrx_word' id='word_1_306' title='bbox 772 4926 879 4995; x_wconf 91' lang='lat' dir='ltr'>usque</span> <span class='ocrx_word' id='word_1_307' title='bbox 906 4903 941 4976; x_wconf 93' lang='lat' dir='ltr'>in</span> <span class='ocrx_word' id='word_1_308' title='bbox 968 4905 1106 4978; x_wconf 85' lang='lat' dir='ltr'>Phorun</span> <span class='ocrx_word' id='word_1_309' title='bbox 1132 4903 1333 4994; x_wconf 89' lang='lat' dir='ltr'>transmisit,</span> <span class='ocrx_word' id='word_1_310' title='bbox 1367 4903 1601 5000; x_wconf 87' lang='lat' dir='ltr'>gratissimum</span> <span class='ocrx_word' id='word_1_311' title='bbox 1628 4905 1864 4981; x_wconf 88' lang='lat' dir='ltr'>laborantibus</span> <span class='ocrx_word' id='word_1_312' title='bbox 1890 4906 1938 4980; x_wconf 87' lang='lat' dir='ltr'>fa-</span> 
     </span>
     <span class='ocr_line' id='line_1_34' title="bbox 387 5025 1937 5123; baseline 0.003 -23"><span class='ocrx_word' id='word_1_313' title='bbox 387 5049 441 5100; x_wconf 93' lang='lat' dir='ltr'>me</span> <span class='ocrx_word' id='word_1_314' title='bbox 468 5047 603 5100; x_wconf 86' lang='lat' dir='ltr'>munus.</span> <span class='ocrx_word' id='word_1_315' title='bbox 632 5025 731 5100; x_wconf 85' lang='lat' dir='ltr'>Solus</span> <span class='ocrx_word' id='word_1_316' title='bbox 757 5027 919 5121; x_wconf 88' lang='lat' dir='ltr'>posthaec</span> <span class='ocrx_word' id='word_1_317' title='bbox 945 5025 1139 5116; x_wconf 91' lang='lat' dir='ltr'>adveniens,</span> <span class='ocrx_word' id='word_1_318' title='bbox 1169 5025 1205 5098; x_wconf 93' lang='lat' dir='ltr'>in</span> <span class='ocrx_word' id='word_1_319' title='bbox 1233 5026 1383 5102; x_wconf 90' lang='lat' dir='ltr'>ordinem</span> <span class='ocrx_word' id='word_1_320' title='bbox 1410 5026 1550 5102; x_wconf 89' lang='lat' dir='ltr'>comitor</span> <span class='ocrx_word' id='word_1_321' title='bbox 1576 5027 1612 5102; x_wconf 90' lang='lat' dir='ltr'>ot</span> <span class='ocrx_word' id='word_1_322' title='bbox 1638 5025 1784 5123; x_wconf 86' lang='lat' dir='ltr'>benigne</span> <span class='ocrx_word' id='word_1_323' title='bbox 1803 5049 1937 5122; x_wconf 89' lang='lat' dir='ltr'>suscep·</span> 
     </span>
     <span class='ocr_line' id='line_1_35' title="bbox 386 5146 1938 5242; baseline 0.001 -21"><span class='ocrx_word' id='word_1_324' title='bbox 386 5149 454 5240; x_wconf 88' lang='lat' dir='ltr'>tus,</span> <span class='ocrx_word' id='word_1_325' title='bbox 483 5146 703 5223; x_wconf 90' lang='lat' dir='ltr'>laudabiliter</span> <span class='ocrx_word' id='word_1_326' title='bbox 730 5146 766 5220; x_wconf 94' lang='lat' dir='ltr'>in</span> <span class='ocrx_word' id='word_1_327' title='bbox 792 5147 853 5223; x_wconf 95' lang='lat' dir='ltr'>illo</span> <span class='ocrx_word' id='word_1_328' title='bbox 881 5169 1108 5242; x_wconf 90' lang='lat' dir='ltr'>perseverans,</span> <span class='ocrx_word' id='word_1_329' title='bbox 1138 5147 1317 5223; x_wconf 82' lang='lat' dir='ltr'>defunctus</span> <span class='ocrx_word' id='word_1_330' title='bbox 1344 5148 1407 5224; x_wconf 91' lang='lat' dir='ltr'>est.</span> <span class='ocrx_word' id='word_1_331' title='bbox 1435 5146 1569 5224; x_wconf 83' lang='lat' dir='ltr'>Attulit</span> <span class='ocrx_word' id='word_1_332' title='bbox 1585 5146 1691 5224; x_wconf 87' lang='lat' dir='ltr'>etiam</span> <span class='ocrx_word' id='word_1_333' title='bbox 1717 5150 1801 5228; x_wconf 91' lang='lat' dir='ltr'>tunc</span> <span class='ocrx_word' id='word_1_334' title='bbox 1828 5170 1938 5226; x_wconf 89' lang='lat' dir='ltr'>secum</span> 
     </span>
    </p>
   </div>
   <div class='ocr_carea' id='block_1_13' title="bbox 384 5425 2068 5621">
    <p class='ocr_par' dir='ltr' id='par_1_14' title="bbox 384 5425 2068 5621">
     <span class='ocr_line' id='line_1_36' title="bbox 384 5425 2068 5511; baseline -0.008 -15"><span class='ocrx_word' id='word_1_335' title='bbox 384 5453 389 5461; x_wconf 92' lang='lat'><em>·</em></span> <span class='ocrx_word' id='word_1_336' title='bbox 484 5425 522 5506; x_wconf 87' lang='lat'>·¹)</span> <span class='ocrx_word' id='word_1_337' title='bbox 547 5429 608 5489; x_wconf 92' lang='lat' dir='ltr'>suis</span> <span class='ocrx_word' id='word_1_338' title='bbox 630 5428 816 5490; x_wconf 89' lang='lat' dir='ltr'>illusionibus</span> <span class='ocrx_word' id='word_1_339' title='bbox 847 5428 998 5488; x_wconf 84' lang='lat' dir='ltr'>temeratis</span> <span class='ocrx_word' id='word_1_340' title='bbox 1022 5433 1052 5488; x_wconf 90' lang='lat' dir='ltr'>et</span> <span class='ocrx_word' id='word_1_341' title='bbox 1073 5429 1315 5503; x_wconf 87' lang='lat' dir='ltr'>promissionibus</span> <span class='ocrx_word' id='word_1_342' title='bbox 1339 5427 1398 5491; x_wconf 81' lang='lat' dir='ltr'>Ed.</span> <span class='ocrx_word' id='word_1_343' title='bbox 1421 5429 1508 5507; x_wconf 82' lang='lat' dir='ltr'>Lipe.</span> <span class='ocrx_word' id='word_1_344' title='bbox 1548 5425 1577 5511; x_wconf 74' lang='lat'>²)</span> <span class='ocrx_word' id='word_1_345' title='bbox 1600 5427 1729 5493; x_wconf 84' lang='lat' dir='ltr'>faciliter</span> <span class='ocrx_word' id='word_1_346' title='bbox 1754 5427 1826 5501; x_wconf 78' lang='lat' dir='ltr'>Ood.</span> <span class='ocrx_word' id='word_1_347' title='bbox 1849 5429 1938 5495; x_wconf 69' lang='lat' dir='ltr'>mon.</span> <span class='ocrx_word' id='word_1_348' title='bbox 2067 5425 2068 5502; x_wconf 64' lang='lat'><em>3</em></span> 
     </span>
     <span class='ocr_line' id='line_1_37' title="bbox 390 5517 2068 5621; baseline -0.024 -28"><span class='ocrx_word' id='word_1_349' title='bbox 390 5529 417 5609; x_wconf 65' lang='grc'>3)</span> <span class='ocrx_word' id='word_1_350' title='bbox 446 5533 621 5610; x_wconf 81' lang='lat' dir='ltr'>linguarirrm</span> <span class='ocrx_word' id='word_1_351' title='bbox 647 5531 717 5596; x_wconf 79' lang='lat' dir='ltr'>Ood.</span> <span class='ocrx_word' id='word_1_352' title='bbox 740 5531 814 5594; x_wconf 80' lang='lat' dir='ltr'>Aul.</span> <span class='ocrx_word' id='word_1_353' title='bbox 853 5527 880 5616; x_wconf 89' lang='lat'>⁴)</span> <span class='ocrx_word' id='word_1_354' title='bbox 903 5531 1077 5616; x_wconf 84' lang='lat' dir='ltr'>Gzyorstbin</span> <span class='ocrx_word' id='word_1_355' title='bbox 1101 5531 1161 5592; x_wconf 80' lang='lat' dir='ltr'>Ed.</span> <span class='ocrx_word' id='word_1_356' title='bbox 1184 5533 1271 5621; x_wconf 73' lang='lat' dir='ltr'>In&#39;ps.</span> <span class='ocrx_word' id='word_1_357' title='bbox 2066 5517 2068 5552; x_wconf 71' lang='lat' dir='ltr'>s</span> 
     </span>
    </p>
   </div>
   <div class='ocr_carea' id='block_1_14' title="bbox 0 0 2090 6292">
    <p class='ocr_par' dir='ltr' id='par_1_15' title="bbox 0 0 2090 6292">
     <span class='ocr_line' id='line_1_38' title="bbox 0 0 2090 6292; baseline 0 0"><span class='ocrx_word' id='word_1_358' title='bbox 0 0 2090 6292; x_wconf 95' lang='lat' dir='ltr'> </span> 
     </span>
    </p>
   </div>
   <div class='ocr_carea' id='block_1_15' title="bbox 2066 5617 2072 6298">
    <p class='ocr_par' dir='ltr' id='par_1_16' title="bbox 2066 5617 2072 6298">
     <span class='ocr_line' id='line_1_39' title="bbox 2066 5617 2072 6298; baseline 0 0"><span class='ocrx_word' id='word_1_359' title='bbox 2066 5617 2072 6298; x_wconf 95' lang='lat' dir='ltr'> </span> 
     </span>
    </p>
   </div>
  </div>
 </body>
</html>
