4140 6298
142 542 206 637 (Α.
229 542 277 619 D.
296 541 414 639 1253.)
758 567 869 620 crasa
896 567 1090 622 sacramus.
1623 557 1697 628 339

145 751 291 842 ,literae
318 752 404 830 istae
431 753 656 848 pervenerint,
686 754 839 830 Salutem
866 757 902 831 et
919 754 1138 850 apostolicam
1165 757 1443 834 benedictionem.
1471 759 1561 835 Olim
1579 783 1600 836 a
1617 784 1700 858 gen·

145 873 287 964 ,tilium
313 875 419 951 oculis
446 877 662 950 tenebrarum
689 876 825 953 detersa
851 875 1008 973 ealigine,
1037 880 1072 953 et
1099 881 1140 954 ab
1166 901 1281 955 eorum
1304 880 1459 958 cordibus
1487 881 1702 960 infidelitatis

144 997 303 1093 ,gelidae
323 997 347 1092 ¹)
373 997 483 1074 hieme
510 997 706 1090 secedente,
745 998 892 1074 vernalis
919 1022 963 1075 ex
989 1023 1028 1076 eo
1054 1000 1215 1077 successit
1242 1002 1439 1096 amoenitas,
1476 1005 1701 1082 redolentium

145 1119 291 1210 ,tiorum
317 1122 496 1196 venustate
523 1121 659 1196 decora:
697 1122 784 1214 quod
812 1121 981 1198 Ecclesiae
1017 1123 1111 1217 prius
1146 1124 1299 1200 desertae
1326 1149 1365 1201 ac
1391 1125 1513 1218 sterili,
1551 1127 1615 1202 lilii
1642 1129 1699 1205 de·

145 1242 305 1333 ,votione
332 1242 515 1338 praecipui,
552 1243 710 1338 valloque
737 1244 949 1320 constantiae
985 1245 1191 1340 praemuniti
1219 1250 1413 1339 nascuntur,
1451 1249 1510 1342 qui
1540 1253 1579 1325 ut
1604 1251 1707 1327 flores

145 1365 347 1460 ,primaevi
377 1367 413 1440 et
439 1364 595 1440 diffusam
624 1366 758 1460 spirant
785 1365 988 1443 suavitatem
1015 1367 1136 1460 odoris,
1173 1369 1208 1444 et
1236 1367 1410 1461 uberioris,
1441 1395 1500 1466 per
1528 1370 1590 1448 Dei
1616 1396 1697 1468 gra·

145 1487 267 1580 ,tiam,
305 1489 453 1564 fructum
488 1486 554 1564 sibi
591 1491 766 1584 proferunt
802 1488 1003 1564 honestatis.
1049 1489 1171 1584 Sicque
1206 1490 1353 1566 filiorum
1388 1491 1452 1568 sibi
1481 1493 1700 1571 rnaltitudine

145 1609 388 1705 ,proveniente
425 1609 611 1702 innumera,
649 1609 767 1704 suique
795 1609 866 1686 loco
898 1633 920 1686 a
947 1610 1031 1686 mari
1069 1633 1174 1705 usque
1201 1613 1245 1687 ad
1273 1635 1363 1688 mare
1398 1615 1537 1690 tentorii
1574 1616 1699 1691 dilata-

145 1731 261 1826 ,tio²)
289 1731 380 1807 infra
407 1730 514 1827 ipsius
540 1731 687 1808 invaluit
715 1731 885 1824 terminos,
923 1756 988 1808 vox
1017 1733 1169 1826 turturis,
1207 1734 1356 1829 gemitus
1383 1757 1420 1810 ac
1448 1735 1590 1828 doloris,
1619 1738 1699 1812 dum

145 1875 271 1942 ,saeva
298 1853 477 1930 mitescens
503 1856 721 1950 tyrannorum
750 1855 943 1947 crudelitas,
972 1854 1082 1930 idolisw
1099 1855 1302 1931 exterminio
1329 1857 1476 1949 traditis,
1505 1859 1546 1932 ad
1570 1861 1699 1934 lamen·

145 1978 204 2065 ,ta
233 1976 476 2071 poenitentiae,
505 1977 714 2072 suffragante
742 1977 812 2068 illo,
842 1977 938 2052 cuius
965 1979 1133 2072 stupenda
1160 1981 1242 2053 sunt
1268 2001 1378 2073 opera,
1408 1978 1547 2056 mirifice
1565 2003 1601 2056 se
1620 2003 1698 2058 oon-

144 2099 285 2188 ,vertit
319 2098 474 2175 Gaudeat
501 2099 615 2193 itaque
642 2101 683 2175 ob
710 2099 773 2174 hoc
801 2100 874 2194 ipsa
893 2099 1054 2191 Ecclesia,
1083 2122 1169 2193 quae
1196 2103 1374 2195 probrosae
1400 2102 1603 2178 detrimenta
1629 2105 1698 2179 ste·

145 2220 312 2310 ,rilitatis
339 2221 510 2313 abiiciens,
548 2221 696 2296 salubris
732 2221 939 2298 incrementa
976 2221 1169 2297 fertilitatis
1196 2223 1356 2318 suscepit,
1385 2246 1425 2299 ae
1452 2225 1645 2320 nuptialis
1683 2267 1697 2280 -

144 2343 246 2433 ,dere
273 2366 363 2418 nune
399 2343 452 2417 illi
487 2343 637 2440 gratiosa
672 2343 900 2440 coniungitur,
939 2366 959 2420 a
996 2367 1060 2438 quo
1098 2344 1294 2440 priusquam
1329 2347 1418 2422 esset
1454 2349 1630 2443 assumpta
1657 2348 1697 2423 de

145 2465 341 2561 ,gentibus
370 2464 545 2542 invenerat
572 2489 609 2567 so
635 2464 1005 2543 desertarn..haetetur
1033 2465 1150 2562 igitur,
1180 2469 1399 2562 aemulaequs
1426 2491 1505 2544 suae
1533 2470 1573 2544 dc
1591 2472 1696 2545 torre·

145 2587 232 2678 ,stri
261 2587 387 2664 eiectae
413 2587 640 2680 Hierusalem,
670 2589 870 2686 synagogae
899 2588 1066 2680 videlicet,
1104 2589 1230 2664 dudum
1257 2589 1322 2665 sibi
1351 2590 1541 2666 huiusmodi
1569 2592 1696 2667 sterili·

144 2709 254 2800 ,tatis
281 2709 490 2787 incommoda
516 2710 732 2807 irnpiugenti,
760 2732 876 2787 secura
903 2712 1103 2807 respondeat
1119 2709 1158 2807 ³),
1186 2713 1274 2806 quod
1302 2711 1369 2787 iam
1397 2735 1476 2788 suae
1503 2713 1608 2808 prolis
1626 2714 1696 2790 foe·

145 2832 344 2923 ,canditate
370 2833 527 2930 coelestis
554 2833 641 2909 muri
667 2833 883 2910 Hierusalem
909 2833 1051 2910 cicatrix
1079 2833 1267 2926 obducitur,
1300 2837 1335 2910 et
1362 2857 1448 2928 quae
1475 2834 1607 2930 antiqui
1634 2837 1696 2911 ba·

146 2955 332 3046 ,bitatores
360 2978 465 3032 vacua
490 2956 661 3032 domicilia
687 2957 909 3050 reliquerunt,
938 2956 1014 3052 ipsa
1032 2979 1111 3033 suae
1130 2955 1364 3032 universitatis
1391 2956 1580 3032 illustrabit
1599 2981 1696 3054 prae·

146 3077 291 3169 ,sentia
323 3076 414 3152 lelici
441 3079 652 3174 postmodum
680 3078 862 3155 reiectione
889 3076 942 3153 sui
970 3081 1072 3173 atque
1099 3076 1299 3174 intcgritate
1326 3078 1506 3174 gaudente.
1529 3081 1636 3176 ¹Porro
1655 3103 1698 3156 oe

145 3198 361 3290 ,huiusmodi
389 3202 596 3276 exuberante
623 3199 767 3294 laetitia,
806 3199 974 3296 quispiam
1003 3199 1037 3274 in
1066 3200 1155 3276 valle
1184 3199 1348 3293 miseriae,
1387 3199 1600 3276 morientium
1627 3204 1696 3278 ter-

145 3344 216 3414 ,ra,
247 3321 396 3414 requiem
425 3325 540 3418 posset
566 3323 631 3398 sibi
658 3321 813 3420 polliceri
849 3322 1054 3415 continuam,
1092 3322 1190 3398 cuius
1216 3322 1289 3398 vita
1316 3323 1368 3398 ost
1395 3323 1554 3398 adversus
1582 3322 1694 3398 inimi·

145 3467 282 3534 ,corum
309 3444 506 3540 ingruentia
532 3446 632 3538 bella,
660 3448 852 3522 exterorum
880 3448 1002 3534 castra,
1032 3444 1158 3520 militia
1185 3467 1286 3541 super
1313 3447 1455 3534 terram;
1483 3467 1523 3522 ao
1541 3469 1582 3521 ne
1600 3469 1696 3541 prae-

145 3567 259 3657 ,dieta
276 3567 440 3661 Ecclesia,
469 3590 554 3660 quae
582 3570 687 3643 mater
715 3570 767 3644 est
794 3570 989 3644 cunctorum
1017 3567 1178 3658 fidelium,
1210 3569 1380 3642 maternae
1407 3567 1609 3642 conditionis
1635 3591 1695 3644 ex·

147 3711 247 3786 ,pers
274 3689 450 3783 existeret,
480 3689 509 3764 si
536 3689 667 3782 solitas,
704 3689 904 3785 praesertim
931 3689 965 3764 in
994 3691 1094 3784 partu
1126 3688 1336 3781 quorundam
1364 3687 1511 3763 liliorum
1547 3711 1694 3781 suorum,

145 3815 315 3902 ,matrum
342 3811 547 3908 parientium
567 3812 738 3889 molestias
758 3837 824 3889 non
851 3811 991 3904 subiret,
1020 3810 1190 3888 intarduru
1217 3811 1428 3886 instauratur
1454 3810 1697 3902 quodammodo

146 3933 233 4024 ,sibi
261 3932 448 4011 adversitas
475 3937 685 4031 opportuna:
722 3935 812 4009 sieut
840 3934 874 4008 in
903 3933 1057 4029 passione
1094 3932 1171 4028 piae
1199 3931 1376 4008 memoriae
1412 3931 1503 4008 beati
1531 3931 1696 4008 Stanislai

146 4055 397 4146 ,cracoviensis
423 4056 582 4152 episcopi,
611 4056 706 4132 cuius
734 4055 863 4132 meritis
891 4057 1045 4151 praefata
1063 4055 1212 4151 refulget
1230 4053 1391 4145 Ecclesia,
1421 4052 1535 4149 patuit
1560 4053 1696 4130 eviden-

146 4180 230 4268 ,ter.
276 4173 360 4253 (lum
386 4177 477 4254 enim
505 4179 593 4254 idem
622 4178 655 4252 in
684 4181 807 4254 sortem
835 4175 1041 4273 pontificalis
1081 4174 1262 4252 ministerii
1288 4174 1390 4272 digne
1417 4176 1555 4250 vocatus
1581 4197 1603 4250 a
1628 4176 1696 4250 Do·

147 4300 270 4392 ,mino,
296 4323 397 4396 super
424 4299 539 4396 gregis
565 4300 629 4376 sibi
657 4300 826 4376 commissi
842 4301 870 4395 ι)
898 4299 1080 4394 prudenter
1098 4297 1284 4373 custodiam
1303 4297 1463 4393 vigilaret
1479 4296 1518 4392 ⁵),
1548 4296 1696 4372 hostiurn

147 4422 336 4518 ,sagaciter
361 4421 554 4517 exploravit
590 4421 741 4513 insidias,
781 4419 1043 4517 malignantium
1078 4418 1280 4514 anticipavit
1307 4417 1467 4506 eonsilia;
1505 4417 1697 4510 aemulique

148 4541 275 4634 ,nostri
302 4543 554 4640 deprehendens
581 4545 731 4638 laqueos,
770 4543 879 4639 ipsius
905 4543 1003 4618 caute
1029 4540 1195 4617 retiacula
1221 4539 1437 4616 dissolvebat.
1483 4539 1550 4615 Hic
1576 4563 1697 4635 nempe

147 4689 228 4761 ,pro
256 4665 327 4742 suis
353 4665 471 4742 ovibus
505 4685 561 4741 cor
596 4689 693 4742 suurn
730 4665 917 4741 tradiderat
952 4664 994 4740 ad
1026 4662 1237 4760 vigilandum
1274 4661 1435 4754 dilaculo,
1473 4664 1512 4736 ut
1539 4660 1568 4736 si
1596 4683 1695 4756 quem
1821 4703 1822 4706 κ

147 4787 265 4885 ,gravi
292 4789 379 4864 ferte
407 4787 672 4883 deprehenderet
703 4789 852 4882 tempore
889 4807 1097 4877 concussum,
1135 4808 1213 4860 mox
1242 4787 1342 4861 ubere
1369 4783 1609 4860 consolationis
1636 4783 1694 4858 ad·

148 4909 287 5004 ,bibita
316 4933 392 4987 eum
419 4909 567 5006 erigeret
598 4911 806 4986 desolatum:
845 4911 880 4984 et
907 4931 1006 5002 quem
1042 4907 1190 4983 inbono
1227 4906 1456 5003 proficientern
1490 4906 1693 5014 adverteret,

148 5057 244 5124 ,euru
271 5031 514 5130 gratulationis
552 5035 650 5110 ubere
686 5032 840 5129 protinus
876 5032 1092 5122 confortaret,
1131 5033 1169 5105 ut
1197 5052 1263 5105 non
1291 5020 1401 5104 minu's
1437 5049 1495 5123 per
1523 5028 1585 5103 hoc
1612 5027 1695 5103 deii·
1725 5037 1729 5044 “

149 5155 335 5246 „cientibus
362 5179 463 5251 quarn
490 5154 744 5252 proficientibus
772 5153 928 5248 subditis,
958 5176 994 5229 se
1021 5152 1121 5228 claris
1148 5150 1282 5229 indiciis
1305 5150 1497 5227 osteuderet
1515 5173 1588 5227 esse
1607 5171 1695 5226 mar·

145 5329 555 5342 —n———u———u——o———n-

251 5435 275 5514 ¹)
298 5437 395 5512 gelida
421 5435 492 5499 Oocl.
515 5437 608 5500 Recr.
648 5434 674 5515 ⁹)
698 5436 821 5498 dilatato
848 5433 919 5497 Ood.
942 5435 1034 5496 Roar.
1074 5430 1103 5504 3)
1126 5450 1174 5494 res
1197 5432 1325 5508 pendeat
1351 5430 1421 5494 (iod.
1444 5431 1536 5495 Roas.
1578 5423 1607 5508 ⁴)
1629 5445 1696 5507 gre·

147 5557 210 5630 gem
232 5541 289 5616 sibi
311 5541 495 5618 commissum
519 5540 578 5616 Ed,
603 5539 690 5633 Lapa,
729 5536 756 5627 ⁵)
779 5539 941 5630 prudeqter
957 5538 1119 5612 custodiret
1145 5535 1217 5603 θοι).
1240 5537 1332 5598 Rosa.
