4208 6282
149 538 208 634 (Α.
228 537 275 613 D.
296 535 402 633 1185.)
770 560 883 613 arnna
910 559 1064 615 sexsus.
1622 543 1693 614 121

148 746 210 822 slai
238 747 420 842 comperta,
456 746 646 822 Romanum
682 745 917 824 Wladimiriao
952 748 1079 824 Ducem
1107 745 1143 821 in
1169 747 1241 824 eius
1276 748 1387 824 locum
1424 747 1699 824 substituendum

149 869 187 943 ad
213 867 384 944 Haliciam
410 867 659 944 transmiserat.
687 869 772 944 Bela
799 869 911 944 autem
939 869 1139 965 Hungariae
1164 869 1242 946 Rex
1268 870 1311 945 ad
1337 871 1568 966 usurpandum
1586 892 1647 965 pro
1666 891 1702 944 sc

150 992 182 1064 ct
207 991 328 1086 Regno
354 989 552 1086 Hungariae
580 989 831 1066 Halicnienscm
858 991 1031 1086 regionem
1059 993 1261 1086 oportunum
1280 993 1416 1088 tempus
1434 991 1566 1068 uenisse
1593 993 1700 1081 ratus,

149 1112 388 1188 Wladimirum
415 1113 551 1188 exulem
579 1112 614 1187 in
643 1112 779 1188 vincula
805 1112 952 1204 coniicit,
981 1112 1089 1188 filium
1118 1136 1195 1190 nero
1223 1135 1320 1188 suum
1346 1113 1517 1190 Andrcam
1544 1136 1617 1189 cnm
1646 1135 1700 1187 co·

150 1233 214 1329 piis
233 1233 258 1328 ¹)
285 1233 498 1326 equestribus
524 1236 559 1309 et
585 1234 803 1311 terrestribus
819 1235 846 1330 a)
874 1235 910 1308 in
936 1235 1107 1327 Russiam,
1147 1235 1225 1310 dato
1253 1236 1422 1327 mandato,
1451 1237 1490 1309 ut
1517 1257 1618 1329 quam
1646 1257 1699 1310 cc·

149 1354 282 1431 lorrims
307 1355 556 1432 Halicaicnsem
584 1378 691 1432 arcem
716 1359 865 1452 occupet,
894 1357 1112 1432 transmittit.
1141 1357 1295 1434 Ruthcni
1321 1357 1379 1450 qni
1406 1355 1620 1433 Halicziense
1647 1378 1701 1432 oa-

150 1479 258 1551 strum
293 1478 466 1569 tenebant,
504 1477 652 1552 omnium
689 1479 814 1569 eornm,
853 1500 938 1572 quae
965 1502 986 1553 a
1012 1479 1095 1556 Bela
1131 1478 1330 1574 Hungariae
1356 1479 1452 1574 Rege
1485 1479 1699 1573 gerebantur,

150 1597 272 1692 ignari,
300 1599 359 1673 sod
387 1600 421 1673 et
439 1598 651 1692 captiuitatis
670 1599 723 1673 sui
741 1598 844 1674 Ducis
870 1601 1065 1675 Wladimiri
1093 1601 1259 1694 expertes,
1287 1597 1458 1675 Andream
1476 1598 1586 1674 lilium
1603 1599 1702 1673 Hun-

150 1719 264 1815 gariae
290 1719 407 1814 Regis,
444 1721 540 1794 xslnt
566 1742 679 1795 rernm
706 1743 843 1796 suarum
869 1721 1125 1816 suffragatorem
1153 1743 1275 1816 magno
1302 1721 1425 1816 plausu
1465 1720 1643 1816 excipiunt
1669 1723 1705 1794 ct

150 1842 183 1915 in
209 1843 362 1916 castrum
387 1841 602 1918 Halicnienso
629 1841 885 1934 (Wladimirum
912 1841 1003 1916 enim
1030 1864 1065 1918 se
1092 1843 1312 1938 praecessisse
1339 1841 1506 1938 fingebat)
1532 1841 1703 1917 intromit-

148 1964 249 2037 tunt:
277 1963 338 2054 qui
356 1985 495 2038 suarum
522 1963 677 2059 gentium
696 1963 914 2040 multitudine
941 1964 1041 2040 facilc
1068 1965 1303 2042 Ruthonorum
1322 1963 1526 2060 paucitatem
1554 1963 1702 2054 vincens,

149 2083 365 2160 Halioaiense
394 2087 542 2160 castum
569 2089 721 2181 occupat,
750 2085 964 2180 exclusisque
991 2086 1170 2179 Ruthenis,
1202 2085 1375 2161 nonnullis
1401 2109 1479 2162 roro
1506 2085 1564 2178 qui
1583 2087 1626 2160 ad
1643 2108 1703 2160 nc··

150 2206 275 2282 condas
301 2226 356 2281 ros
381 2205 582 2285 ridebantur
620 2205 770 2302 procliui,
809 2207 917 2302 captis
933 2204 972 2302 ³),
1010 2209 1081 2282 tam
1112 2207 1281 2300 castrum,
1319 2231 1420 2300 quam
1454 2206 1703 2283 Halicaicnsem

149 2328 318 2402 Ducatum
345 2327 381 2402 in
409 2349 505 2403 suam
532 2328 664 2425 redegit
682 2329 896 2424 potestatem,
925 2331 960 2404 st
979 2331 1189 2424 personalem
1215 2329 1288 2406 illic
1315 2329 1444 2406 faciens
1471 2329 1702 2421 residentiam,

148 2448 305 2524 ducalem
332 2448 368 2523 in
395 2448 628 2534 Halicnienses
658 2449 925 2527 iurisdictionem
942 2452 1087 2526 exercet.
1116 2450 1237 2526 Omnia
1263 2452 1377 2528 tamen
1405 2449 1516 2527 officia
1542 2450 1579 2524 in
1605 2451 1703 2525 Hun-

149 2591 261 2666 garos,
304 2593 381 2647 cum
407 2571 585 2648 Ruthcnos
612 2595 672 2668 pro
700 2571 879 2668 ambiguae
906 2570 986 2648 fidei
1012 2571 1203 2648 hominibus
1239 2573 1376 2649 duceret
1390 2569 1430 2668 ⁴),
1468 2571 1643 2647 distribuit
1669 2573 1705 2648 et

150 2691 265 2767 omnia
292 2715 353 2788 per
378 2693 560 2789 Hungaros
587 2693 824 2783 administrat;
852 2716 874 2769 a
899 2716 1026 2769 ueneno
1053 2716 1184 2788 quoquo
1212 2716 1313 2787 qnam
1341 2693 1487 2770 maxime
1505 2695 1612 2786 caret,
1640 2715 1705 2786 quc

149 2814 368 2890 Maccimaum
395 2839 501 2911 nuper
537 2818 678 2892 noverat
715 2815 895 2892 interiisse.
940 2815 1092 2892 Rutheni
1128 2816 1252 2909 ubique
1288 2838 1324 2892 so
1359 2836 1546 2912 oppressos,
1583 2816 1706 2909 ubique

150 2937 364 3031 contemptos
390 2938 426 3012 ct
452 2936 640 3032 perditos⁶l
667 2937 783 3013 tacitis
810 2940 846 3012 ct
877 2937 1097 3015 clandestinis
1127 2937 1330 3013 tractatibus
1357 2939 1555 3029 queruntur,
1583 2937 1618 3010 et
1636 2937 1705 3010 Dn-

148 3080 185 3133 cc
210 3081 274 3135 sno
302 3057 506 3136 Wladimiro
543 3062 660 3155 capto,
698 3059 802 3136 etiam
833 3083 869 3137 se
904 3063 965 3135 snb
1003 3059 1121 3156 iugum
1157 3059 1277 3136 missos
1312 3060 1489 3156 deplorant
1524 3061 1560 3135 et
1595 3059 1705 3134 scelus
1771 3075 1773 3080 ’

148 3199 248 3254 suum
277 3179 315 3254 in
341 3179 558 3257 Macrislaum
585 3181 769 3257 admissum
796 3183 905 3258 altero
932 3182 1056 3260 scalers
1082 3181 1195 3258 luunt.

498 3547 640 3624 cademi
667 3549 873 3626 draccricnci
899 3550 1054 3642 episcopo
1082 3547 1240 3624 succedit
1255 3549 1360 3624 lnlco.

254 3786 428 3864 Vicesima
453 3787 661 3884 Septembris
687 3791 822 3868 Gedcon
848 3791 1076 3868 cracoviensis
1103 3791 1290 3888 episcopm,
1318 3790 1371 3868 uir
1397 3811 1540 3885 magnae
1566 3789 1704 3886 religio·

148 3909 203 3983 nis
230 3911 270 3986 st
299 3909 458 3985 insuam
483 3913 660 3988 ecclesiam
687 3916 789 4004 atquc
815 3937 886 3990 rem
912 3914 1082 4010 publicam
1109 3913 1225 4010 magni
1252 3913 1327 4006 aeli,
1356 3912 1508 4005 moritur,
1538 3935 1613 3988 cum
1644 3935 1705 3987 an·

147 4053 209 4104 nos
236 4031 370 4127 uiginti
396 4033 549 4125 sedisset,
578 4036 613 4108 et
639 4033 675 4108 in
703 4035 912 4111 draconisnsi
939 4036 1080 4111 ecclesia
1107 4035 1281 4131 sepelitur.
1327 4034 1393 4110 Hic
1420 4036 1535 4129 plures
1561 4033 1707 4110 decimas

147 4153 386 4248 manipulares
412 4173 550 4230 mensae
574 4157 775 4250 episcopalis
801 4157 1028 4233 cracoviensis
1055 4159 1183 4233 duobus
1211 4155 1435 4248 monasteriis,
1465 4143 1706 4232 videlicetdn·

148 4275 364 4351 draconionsi
391 4277 426 4350 et
451 4277 710 4373 Myeohoriensi,
739 4281 901 4374 perpetua
928 4279 1107 4355 donatione
1129 4279 1275 4355 contulit
1302 4281 1337 4353 et
1363 4277 1531 4373 singulari
1558 4277 1705 4353 deuotio-

146 4418 189 4472 ne
216 4399 256 4473 st
283 4420 324 4473 eo
352 4398 465 4473 forsan
491 4401 656 4494 respectu,
684 4400 772 4492 quod
785 4400 813 4494 6)
840 4403 1020 4494 utrumque
1043 4401 1283 4476 monasterinm
1310 4423 1330 4473 a
1356 4399 1523 4475 militibus
1551 4401 1585 4473 et
1612 4399 1706 4474 nobi-

146 4517 239 4593 libus
268 4518 474 4611 Griffonum,
510 4521 683 4613 aquibus
718 4521 790 4616 ipsc
826 4543 933 4617 genus
961 4524 996 4598 et
1021 4521 1187 4618 originem
1222 4523 1377 4614 ducebat,
1413 4521 1593 4596 fundatum
1619 4523 1704 4612 orat,

147 4641 324 4715 attractus
338 4639 379 4734 ⁷).
422 4641 588 4716 Successit
620 4645 734 4716 sutem
770 4642 917 4718 occeani
954 4644 1069 4736 Falco,
1106 4643 1165 4738 qui
1191 4643 1228 4718 in
1253 4642 1412 4719 Polonioo
1440 4642 1573 4737 uulgari
1601 4643 1708 4718 Pella

146 4763 236 4837 solat
259 4761 349 4854 dici,
377 4761 534 4838 canonico
560 4763 699 4856 alectus,
737 4786 858 4860 genere
894 4767 1052 4857 Polonus,
1090 4787 1134 4841 ex
1159 4765 1265 4840 nobili
1292 4765 1398 4859 stirpe
1424 4767 1460 4840 ot
1486 4765 1592 4857 domo,
1622 4785 1708 4857 qnae

147 4867 283 4960 crucem
315 4882 523 4978 geminatam
550 4884 679 4980 sagitta
705 4885 864 4981 imposita
890 4886 1000 4961 defert
1026 4910 1086 4982 pro
1113 4885 1252 4982 insigni,
1284 4887 1319 4962 et
1337 4887 1377 4961 de
1395 4885 1563 4980 Vulpibus
1589 4886 1707 4980 appol-

145 5005 253 5098 latur,
283 5004 429 5080 trahens
455 5004 632 5100 originem.
678 5006 895 5083 Confirmatio
921 5010 1036 5083 tamen
1063 5029 1125 5084 sua
1151 5009 1288 5103 proptor
1314 5007 1411 5082 Lucii
1438 5009 1561 5100 Papae,
1590 5005 1708 5098 quiin

259 5299 286 5381 1)
311 5302 376 5363 suis
399 5303 491 5377 copiis
514 5303 575 5364 Ed.
597 5303 692 5364 Dobr.
732 5301 759 5382 ⁹)
781 5306 966 5379 pedestribus
992 5275 1063 5367 Cori.
1086 5305 1178 5366 Βοῦν.
1214 5299 1242 5382 ³)
1263 5303 1417 5378 proclives,
1441 5304 1538 5378 capite
1559 5302 1708 5364 mulctatis

147 5407 207 5467 Ed.
231 5408 338 5468 Βοῦν.
378 5401 406 5484 ⁴)
428 5407 559 5468 homines
574 5408 688 5468 diceret
709 5408 769 5470 Ed.
792 5409 887 5471 Dobr.
927 5405 952 5486 β)
974 5409 1106 5484 perditos
1124 5413 1277 5471 comentes
1297 5405 1368 5471 (iod.
1391 5407 1484 5472 Βοῦν.
1523 5403 1709 5486 bononiam

147 5512 207 5576 Eoi.
233 5507 339 5573 Βοῦν.
380 5507 650 5588 ⁷)attractuscst.
674 5513 851 5576 aranon.
1643 5505 1645 5510 ’

197 5647 221 5692 d.
235 5648 339 5700 Diagon.
353 5645 439 5692 mutor.
452 5647 531 5690 Polou.
546 5646 572 5690 Β,
586 5647 618 5692 11.
1522 5637 1553 5683 lc
