4172 6278
146 561 205 660 (Α.
226 565 274 642 D.
296 566 418 662 1200.)
767 591 879 640 aruns
905 589 1057 642 sexsus,
1117 587 1120 600 ¹
1618 563 1689 638 157

143 773 260 865 itaquo
285 774 438 849 Helenae
464 775 645 865 Duoissae,
682 776 785 868 atque
811 776 951 867 suadet,
986 778 1025 850 ut
1051 777 1203 871 potiatur
1228 776 1292 851 sibi
1319 775 1534 871 Principatus
1560 777 1595 852 et
1621 778 1692 852 Mo·

144 894 303 970 narcbias
331 897 532 970 Polouoruvn
559 897 668 970 fasces
695 896 835 987 deferri,
865 897 1060 972 stabilitura
1085 921 1129 972 err
1156 899 1218 972 hoc
1245 899 1402 992 Regnum
1428 897 1530 989 filiis,
1559 901 1595 973 et
1621 919 1693 972 ma·

142 1014 253 1090 ximus
280 1017 532 1093 commoditates
559 1019 594 1093 et
621 1019 790 1112 profectus
818 1020 1028 1114 perceptura.
1056 1020 1099 1093 Se
1118 1019 1263 1110 quidour,
1292 1021 1464 1110 adquam,
1492 1020 1587 1094 volut
1610 1021 1694 1094 natu

144 1134 314 1228 maiorem,
342 1138 556 1214 Monarchiae
584 1139 760 1214 devolutus
787 1142 943 1215 censetur
969 1139 1205 1234 Principatus,
1234 1139 1475 1230 dissentiente,
1503 1164 1570 1215 non
1597 1162 1694 1235 possa

141 1257 231 1332 filios
258 1258 426 1333 Karimiri
453 1280 560 1350 neque
587 1260 745 1354 pacifice,
774 1283 882 1352 nequo
909 1261 1063 1355 legitime
1090 1262 1126 1335 in
1152 1261 1351 1355 Principatu
1378 1261 1607 1352 cracoviensi,
1635 1261 1694 1354 qui

141 1379 227 1453 solio
255 1380 469 1456 Monarchiae
496 1384 687 1456 reservatus
714 1383 787 1473 est,
815 1381 1008 1473 consistere,
1037 1383 1096 1458 sed
1122 1405 1181 1476 pro
1209 1382 1303 1456 illius
1330 1382 1541 1476 ademptione
1567 1381 1696 1456 iniusta

143 1521 316 1594 nunquam
343 1523 380 1576 se
406 1503 442 1575 et
468 1501 557 1577 filios
584 1524 662 1576 suos
689 1502 895 1594 quieturum.
932 1503 1000 1577 Ubi
1027 1505 1143 1578 tamen
1169 1502 1310 1579 Ducissa
1335 1503 1469 1578 Helena
1494 1504 1535 1577 de
1561 1504 1695 1577 Ducatu

143 1622 299 1715 praefato
325 1622 440 1698 cedere
467 1622 684 1714 consenserit,
708 1624 797 1698 velle
824 1645 861 1696 se
888 1625 923 1699 at
949 1623 1040 1698 filios
1067 1623 1245 1713 Kazimiri,
1274 1624 1480 1698 lestkonem
1506 1625 1542 1698 et
1568 1624 1694 1698 01111-

142 1743 234 1834 dum,
264 1744 404 1838 nepotes
430 1765 508 1818 suos
535 1743 680 1838 primum
708 1745 868 1838 adoptare
895 1745 931 1818 in
958 1743 1066 1836 filios,
1096 1745 1206 1820 balteo
1234 1744 1312 1820 illos
1328 1745 1351 1838 ¹)
1380 1743 1521 1818 militari
1549 1744 1694 1838 cingere,

143 1863 375 1941 Guiaviensem
407 1864 587 1940 restituere
614 1864 820 1959 provinciam
855 1867 890 1939 et
924 1866 1082 1961 Regnum
1109 1865 1304 1941 Polonioum
1340 1867 1501 1960 perpetuo
1537 1864 1629 1957 illis,
1657 1867 1697 1939 ut

143 2007 177 2060 sa
196 1987 340 2076 mortuo,
369 1985 586 2082 Principatus
613 2009 727 2062 sorum
753 2009 820 2061 non
846 1986 955 2082 possit
981 2009 1090 2078 neque
1107 2009 1128 2062 a
1146 1985 1228 2061 filiis
1254 1986 1336 2078 suis,
1365 2009 1472 2080 neque
1490 2009 1511 2062 a
1527 2007 1697 2080 quoquam

143 2105 210 2182 elio
237 2106 387 2182 revocari
413 2106 449 2181 in
476 2107 634 2199 dubium,
672 2108 847 2199 stabilire,
882 2131 990 2200 neque
1025 2107 1126 2184 aliter
1154 2131 1250 2204 posse
1276 2107 1355 2182 illos
1382 2108 1472 2183 inste
1497 2110 1533 2182 et
1558 2108 1633 2182 tuta
1659 2106 1696 2181 in
1763 2181 1767 2186 .

144 2228 304 2322 Regnum
330 2229 517 2319 succedere,
546 2251 653 2322 neque
681 2230 924 2305 successionem
951 2251 1049 2324 posse
1074 2251 1147 2304 esse
1175 2229 1333 2304 stabilem
1360 2229 1395 2302 ot
1421 2228 1637 2319 diuturnam,
1666 2225 1696 2302 si

142 2350 186 2423 ab
214 2349 289 2443 ipso
316 2348 454 2425 firrusta
480 2351 515 2424 et
542 2350 699 2425 stabilita
725 2374 792 2425 uon
819 2351 934 2441 fuerit,
964 2373 1038 2426 cum
1065 2350 1256 2426 huiusmodi
1284 2349 1509 2425 stabiliruenti
1536 2351 1637 2424 robur
1654 2371 1698 2424 ex

142 2468 215 2544 eius
242 2469 384 2545 arbitrio
411 2473 447 2546 et
473 2471 675 2553 auctoritate
703 2472 867 2566 pendeat;
895 2494 935 2548 ea
952 2495 1040 2563 vero,
1068 2493 1154 2566 quae
1181 2472 1288 2546 morte
1314 2469 1481 2544 Kauimiri
1508 2469 1626 2545 fratris
1643 2469 1697 2543 sui

142 2591 259 2666 secuta
296 2590 337 2665 de
374 2590 457 2665 filiis
493 2591 564 2666 suis
591 2593 635 2667 ad
661 2591 895 2686 Principatum
927 2595 963 2667 et
989 2591 1219 2667 Monarchiam
1255 2615 1314 2687 per
1349 2592 1532 2667 Falconem
1567 2589 1695 2685 episeo-

143 2734 225 2806 pum
251 2713 288 2786 et
313 2714 456 2788 baroms
481 2712 602 2788 electio
629 2714 664 2788 et
691 2713 890 2788 substitutio
917 2713 1009 2788 facta
1034 2716 1098 2805 est,
1127 2713 1264 2808 fragilis
1290 2714 1326 2788 st
1343 2711 1534 2804 ridiculosa,
1563 2712 1697 2786 nullum

143 2831 281 2927 penitus
317 2833 573 2925 duramentum,
611 2833 641 2907 si
673 2856 756 2909 ase
782 2833 954 2909 notificata
988 2858 1055 2909 uon
1090 2833 1213 2925 fuerit,
1251 2833 1430 2924 habitura,
1468 2832 1633 2909 consistat
1655 2831 1696 2926 ²).

142 2951 312 3028 Attendat
337 2955 511 3047 praeterea
538 2975 575 3029 se
602 2977 715 3030 1111111
741 2956 777 3029 ot
803 2954 1020 3049 decrepitum,
1049 2976 1219 3049 parvoque
1245 2955 1396 3048 tempore
1421 2952 1589 3029 victurum
1612 2974 1696 3044 esse,

142 3077 177 3148 ot
202 3095 265 3168 pro
292 3074 482 3150 brevissimi
509 3074 671 3170 temporis
697 3075 808 3170 spatio
836 3099 902 3152 non
930 3077 1107 3151 cunctetur
1134 3077 1174 3150 de
1200 3077 1334 3152 Ducatu
1361 3073 1572 3150 Grucoviensi
1598 3096 1697 3150 exce-

1 3263 2 3272 ,
142 3197 240 3286 dore,
270 3196 421 3270 fructum
447 3196 651 3291 multiplicis
677 3219 799 3271 usurae
825 3197 908 3270 filiis
936 3196 1118 3273 adiectura.
1164 3196 1229 3270 His
1255 3197 1388 3272 Helena
1413 3195 1557 3271 Ducissa
1584 3197 1698 3272 crebro

142 3318 343 3411 expugnata
369 3317 597 3408 sermonibus,
633 3318 802 3393 facilitate
837 3318 992 3393 muliebri
1026 3317 1159 3408 omnia,
1188 3339 1274 3409 quae
1301 3317 1337 3391 iu
1364 3318 1439 3392 dolo
1466 3339 1487 3391 a
1512 3317 1699 3412 llyecaslao

142 3438 416 3528 disserebantur,
452 3437 489 3512 in
524 3439 759 3514 credulitatem
795 3437 996 3526 admittens,
1031 3440 1180 3514 Falcone
1216 3437 1390 3533 episcopo,
1427 3437 1567 3512 Nicolao
1602 3438 1697 3531 pala-

142 3558 215 3632 tino
251 3559 546 3650 Gracovieusibus,
582 3560 790 3652 caeterisque
822 3560 1013 3654 proceribus
1048 3560 1272 3651 nequicquam
1307 3558 1551 3649 renitentibus,
1580 3558 1697 3633 adver-

143 3679 384 3772 santibusque,
413 3681 453 3756 de
479 3680 689 3756 cracoviensi
715 3679 915 3775 Principatu
951 3704 1027 3756 cum
1063 3682 1232 3756 Lestlrone
1267 3682 1303 3756 st
1337 3680 1489 3755 (tunnado
1525 3677 1608 3753 filiis
1637 3701 1698 3753 ex·

143 3801 259 3876 oedcre
294 3803 357 3875 sub
393 3801 502 3896 pactis
538 3823 597 3896 per
632 3803 857 3897 blpeoaslaum
894 3803 1013 3877 Senem
1053 3801 1255 3896 propositis,
1297 3801 1475 3875 dummodo
1509 3800 1623 3874 tamen
1658 3821 1700 3874 eu

144 3942 179 3996 se
205 3920 422 3996 iureiurando
457 3923 710 3997 observaturum
746 3921 972 4017 astringeret,
1009 3923 1188 3998 consentit.
1242 3920 1469 3996 Constituitur
1504 3919 1622 3995 deinde
1656 3919 1700 3992 cd

144 4042 227 4118 hmo
253 4041 482 4118 confirmanda
509 4041 600 4118 beati
627 4041 878 4119 Bartholomaei
905 4042 1061 4138 Apostoli
1089 4043 1180 4130 dies;
1209 4064 1269 4137 pro
1296 4065 1363 4134 qua
1390 4042 1468 4116 dum
1496 4040 1698 4130 cracoviam,

145 4163 246 4258 prout
273 4162 363 4238 inter
389 4164 557 4238 Helenam
582 4163 761 4239 Ducissam
788 4166 822 4239 et
848 4161 1126 4258 Mpecaslaumb
1161 4168 1381 4253 convenerat,
1416 4162 1574 4255 frequens
1600 4183 1698 4255 prae-

143 4285 292 4358 latorum
329 4285 365 4358 et
399 4285 562 4359 baronum
602 4285 786 4360 multitudo
825 4284 1054 4375 convenisset,
1094 4284 1302 4379 Myecnslaus
1345 4283 1455 4358 Senex
1495 4283 1586 4357 lactc
1621 4303 1699 4375 pro-

146 4403 249 4479 missa
276 4403 436 4496 resumit,
473 4406 678 4481 Lestkouem
712 4409 748 4480 et
781 4405 972 4480 dunradum
999 4405 1035 4479 in
1062 4404 1151 4479 filios
1178 4427 1214 4479 se
1239 4404 1491 4499 adoptaturum,
1527 4401 1700 4476 (luisviam

145 4548 179 4601 se
206 4524 280 4599 illis
315 4525 565 4617 restituturum,
594 4527 749 4622 Regnum
778 4547 814 4602 se
838 4528 1014 4621 absumpto
1040 4525 1271 4601 stabiliturum
1306 4523 1557 4619 repromittens.
1610 4521 1701 4617 Quas

145 4669 209 4721 nou
237 4647 348 4721 solum
376 4669 397 4720 a
422 4648 592 4743 Mpeculao
619 4649 725 4739 Sene,
759 4649 816 4723 sed
852 4647 957 4723 etiam
983 4650 1026 4722 ab
1052 4646 1230 4744 utriusque
1257 4645 1367 4740 partis
1394 4643 1585 4739 proceribus
1611 4642 1700 4717 iure·

145 4765 285 4842 iurando
323 4769 406 4842 tune
440 4767 475 4841 in
514 4767 669 4844 manibus
709 4768 962 4863 pontificalibus
1003 4767 1134 4842 sancita
1168 4769 1267 4858 sunt,
1310 4765 1411 4857 idque
1446 4767 1590 4858 utraque
1624 4764 1700 4838 lau-

146 4888 248 4963 dante
277 4890 378 4982 parte
405 4887 599 4981 addictum,
627 4891 667 4963 ut
693 4889 723 4964 si
750 4889 875 4983 aliquis
903 4890 1003 4984 pacta
1029 4889 1147 4963 taliter
1174 4909 1331 4982 percussa
1357 4883 1601 4980 praevaricari,
1630 4883 1701 4959 vio·

143 5009 232 5100 lure,
263 5008 454 5103 infringere
480 5011 515 5085 at
543 5009 698 5101 irritare,
726 5013 787 5085 aut
814 5011 848 5084 iu
876 5033 992 5086 aarum
1024 5009 1240 5084 violationem
1267 5010 1303 5083 et
1329 5006 1556 5082 irritationem
1581 5025 1700 5079 consu·

142 5131 211 5206 lere
239 5132 276 5206 ct
299 5130 464 5206 assentire
491 5131 767 5225 praesumpserit,
796 5155 855 5226 per
873 5129 1102 5207 (insaneusem
1131 5129 1429 5224 metropolitanum
1455 5129 1491 5202 et
1517 5125 1703 5216 quemlibet

248 5406 273 5486 ¹)
297 5408 407 5468 deinde
429 5409 528 5470 balteo
551 5410 618 5470 illos
646 5407 716 5472 Cod.
741 5411 834 5474 Roar.
872 5407 900 5508 ⁹)
924 5411 1067 5484 consistat
1089 5425 1210 5483 necesse
1233 5413 1288 5474 est.
1315 5404 1387 5484 cod.
1410 5405 1504 5466 Roas.
1541 5399 1567 5482 ³)
1590 5401 1700 5462 Micca·

141 5511 231 5590 slsum
254 5511 373 5571 Ducem
394 5511 454 5572 Ed.
476 5513 570 5592 boor,
