<?xml version="1.0" encoding="UTF-8"?>
<!DOCTYPE html PUBLIC "-//W3C//DTD XHTML 1.0 Transitional//EN"
    "http://www.w3.org/TR/xhtml1/DTD/xhtml1-transitional.dtd">
<html xmlns="http://www.w3.org/1999/xhtml" xml:lang="en" lang="en">
 <head>
  <title>
</title>
<meta http-equiv="Content-Type" content="text/html;charset=utf-8" />
  <meta name='ocr-system' content='tesseract 3.04.00' />
  <meta name='ocr-capabilities' content='ocr_page ocr_carea ocr_par ocr_line ocrx_word'/>
</head>
<body>
  <div class='ocr_page' id='page_1' title='image "./operaomnia02paulgoog_0114.png"; bbox 0 0 4208 6282; ppageno 0'>
   <div class='ocr_carea' id='block_1_1' title="bbox 367 511 1902 624">
    <p class='ocr_par' dir='ltr' id='par_1_1' title="bbox 367 511 1902 624">
     <span class='ocr_line' id='line_1_1' title="bbox 367 511 1902 624; baseline 0.001 -38"><span class='ocrx_word' id='word_1_1' title='bbox 367 512 415 594; x_wconf 83' lang='lat'><strong>98</strong></span> <span class='ocrx_word' id='word_1_2' title='bbox 991 535 1102 602; x_wconf 82' lang='lat' dir='ltr'><strong>nnana</strong></span> <span class='ocrx_word' id='word_1_3' title='bbox 1128 535 1279 590; x_wconf 74' lang='lat' dir='ltr'><strong>sarnus.</strong></span> <span class='ocrx_word' id='word_1_4' title='bbox 1648 513 1711 611; x_wconf 83' lang='grc' dir='ltr'><strong>(Α.</strong></span> <span class='ocrx_word' id='word_1_5' title='bbox 1732 511 1777 590; x_wconf 82' lang='lat' dir='ltr'><strong>D.</strong></span> <span class='ocrx_word' id='word_1_6' title='bbox 1798 513 1902 624; x_wconf 79' lang='grc'>1177.)</span> 
     </span>
    </p>
   </div>
   <div class='ocr_carea' id='block_1_2' title="bbox 267 723 1907 4982">
    <p class='ocr_par' dir='ltr' id='par_1_2' title="bbox 267 723 1907 4982">
     <span class='ocr_line' id='line_1_2' title="bbox 363 723 1901 823; baseline 0.003 -27"><span class='ocrx_word' id='word_1_7' title='bbox 363 725 423 798; x_wconf 89' lang='lat' dir='ltr'><strong>aut</strong></span> <span class='ocrx_word' id='word_1_8' title='bbox 450 723 491 799; x_wconf 90' lang='lat' dir='ltr'><strong>de</strong></span> <span class='ocrx_word' id='word_1_9' title='bbox 517 724 588 798; x_wconf 91' lang='lat' dir='ltr'><strong>iure</strong></span> <span class='ocrx_word' id='word_1_10' title='bbox 614 725 650 799; x_wconf 91' lang='lat' dir='ltr'><strong>et</strong></span> <span class='ocrx_word' id='word_1_11' title='bbox 675 723 844 819; x_wconf 72' lang='lat' dir='ltr'>dignitate</span> <span class='ocrx_word' id='word_1_12' title='bbox 866 747 928 800; x_wconf 92' lang='lat' dir='ltr'><strong>sua</strong></span> <span class='ocrx_word' id='word_1_13' title='bbox 946 724 1124 818; x_wconf 87' lang='lat' dir='ltr'><strong>quicquam</strong></span> <span class='ocrx_word' id='word_1_14' title='bbox 1152 726 1346 802; x_wconf 81' lang='lat' dir='ltr'><strong>detrahere:</strong></span> <span class='ocrx_word' id='word_1_15' title='bbox 1374 726 1431 802; x_wconf 90' lang='lat' dir='ltr'><strong>sed</strong></span> <span class='ocrx_word' id='word_1_16' title='bbox 1458 724 1548 801; x_wconf 91' lang='lat' dir='ltr'><strong>omni</strong></span> <span class='ocrx_word' id='word_1_17' title='bbox 1575 726 1692 823; x_wconf 85' lang='lat' dir='ltr'><strong>Regno</strong></span> <span class='ocrx_word' id='word_1_18' title='bbox 1713 726 1814 820; x_wconf 91' lang='lat' dir='ltr'><strong>atque</strong></span> <span class='ocrx_word' id='word_1_19' title='bbox 1831 725 1901 800; x_wconf 90' lang='lat' dir='ltr'><strong>Im·</strong></span> 
     </span>
     <span class='ocr_line' id='line_1_3' title="bbox 363 846 1901 945; baseline -0.001 -23"><span class='ocrx_word' id='word_1_20' title='bbox 363 846 455 942; x_wconf 90' lang='lat' dir='ltr'><strong>perio</strong></span> <span class='ocrx_word' id='word_1_21' title='bbox 492 846 768 942; x_wconf 74' lang='lat' dir='ltr'><strong>praestantiorem</strong></span> <span class='ocrx_word' id='word_1_22' title='bbox 803 847 886 922; x_wconf 87' lang='lat' dir='ltr'><strong>duxi</strong></span> <span class='ocrx_word' id='word_1_23' title='bbox 921 849 1090 925; x_wconf 88' lang='lat' dir='ltr'><strong>fraternae</strong></span> <span class='ocrx_word' id='word_1_24' title='bbox 1125 848 1217 944; x_wconf 89' lang='lat' dir='ltr'><strong>pacis</strong></span> <span class='ocrx_word' id='word_1_25' title='bbox 1252 851 1287 924; x_wconf 91' lang='lat' dir='ltr'><strong>ct</strong></span> <span class='ocrx_word' id='word_1_26' title='bbox 1326 847 1519 924; x_wconf 88' lang='lat' dir='ltr'><strong>concordiae</strong></span> <span class='ocrx_word' id='word_1_27' title='bbox 1554 848 1738 945; x_wconf 89' lang='lat' dir='ltr'><strong>puritatem</strong></span> <span class='ocrx_word' id='word_1_28' title='bbox 1759 849 1792 942; x_wconf 83' lang='lat'><strong>¹).</strong></span> <span class='ocrx_word' id='word_1_29' title='bbox 1838 847 1901 942; x_wconf 74' lang='lat' dir='ltr'><strong>Qui</strong></span> 
     </span>
     <span class='ocr_line' id='line_1_4' title="bbox 362 968 1901 1066; baseline 0.001 -24"><span class='ocrx_word' id='word_1_30' title='bbox 362 968 477 1061; x_wconf 88' lang='lat' dir='ltr'><strong>itaque</strong></span> <span class='ocrx_word' id='word_1_31' title='bbox 502 971 584 1044; x_wconf 88' lang='lat' dir='ltr'><strong>tunc</strong></span> <span class='ocrx_word' id='word_1_32' title='bbox 620 969 679 1044; x_wconf 92' lang='lat' dir='ltr'><strong>uni</strong></span> <span class='ocrx_word' id='word_1_33' title='bbox 714 969 813 1044; x_wconf 89' lang='lat' dir='ltr'><strong>fratri</strong></span> <span class='ocrx_word' id='word_1_34' title='bbox 844 969 949 1044; x_wconf 89' lang='lat' dir='ltr'><strong>fidum</strong></span> <span class='ocrx_word' id='word_1_35' title='bbox 976 991 1028 1044; x_wconf 91' lang='lat' dir='ltr'><strong>me</strong></span> <span class='ocrx_word' id='word_1_36' title='bbox 1055 973 1090 1045; x_wconf 92' lang='lat' dir='ltr'><strong>et</strong></span> <span class='ocrx_word' id='word_1_37' title='bbox 1116 993 1236 1065; x_wconf 87' lang='lat' dir='ltr'><strong>purum</strong></span> <span class='ocrx_word' id='word_1_38' title='bbox 1273 970 1439 1066; x_wconf 88' lang='lat' dir='ltr'><strong>praestiti,</strong></span> <span class='ocrx_word' id='word_1_39' title='bbox 1476 993 1542 1062; x_wconf 88' lang='lat' dir='ltr'><strong>qua</strong></span> <span class='ocrx_word' id='word_1_40' title='bbox 1569 971 1679 1046; x_wconf 84' lang='lat' dir='ltr'><strong>fronte</strong></span> <span class='ocrx_word' id='word_1_41' title='bbox 1706 969 1901 1056; x_wconf 85' lang='lat' dir='ltr'><strong>modestiam</strong></span> 
     </span>
     <span class='ocr_line' id='line_1_5' title="bbox 362 1090 1901 1188; baseline 0.001 -23"><span class='ocrx_word' id='word_1_42' title='bbox 362 1113 469 1166; x_wconf 92' lang='lat' dir='ltr'><strong>meam</strong></span> <span class='ocrx_word' id='word_1_43' title='bbox 505 1090 743 1183; x_wconf 85' lang='lat' dir='ltr'><strong>inquinaturus</strong></span> <span class='ocrx_word' id='word_1_44' title='bbox 779 1091 920 1167; x_wconf 88' lang='lat' dir='ltr'><strong>alterius</strong></span> <span class='ocrx_word' id='word_1_45' title='bbox 955 1092 1185 1187; x_wconf 89' lang='lat' dir='ltr'><strong>Principatum</strong></span> <span class='ocrx_word' id='word_1_46' title='bbox 1224 1094 1414 1188; x_wconf 85' lang='lat' dir='ltr'><strong>usurpabat</strong></span> <span class='ocrx_word' id='word_1_47' title='bbox 1454 1093 1653 1188; x_wconf 88' lang='lat' dir='ltr'><strong>praesertim</strong></span> <span class='ocrx_word' id='word_1_48' title='bbox 1692 1114 1768 1169; x_wconf 91' lang='lat' dir='ltr'><strong>cum</strong></span> <span class='ocrx_word' id='word_1_49' title='bbox 1803 1092 1901 1166; x_wconf 92' lang='lat' dir='ltr'><strong>illum</strong></span> 
     </span>
     <span class='ocr_line' id='line_1_6' title="bbox 361 1213 1900 1310; baseline 0.001 -24"><span class='ocrx_word' id='word_1_50' title='bbox 361 1213 461 1288; x_wconf 89' lang='lat' dir='ltr'><strong>filiali</strong></span> <span class='ocrx_word' id='word_1_51' title='bbox 487 1236 616 1308; x_wconf 89' lang='lat' dir='ltr'><strong>sempor</strong></span> <span class='ocrx_word' id='word_1_52' title='bbox 652 1213 825 1290; x_wconf 86' lang='lat' dir='ltr'><strong>deuotione</strong></span> <span class='ocrx_word' id='word_1_53' title='bbox 860 1214 1030 1305; x_wconf 89' lang='lat' dir='ltr'><strong>coluerim,</strong></span> <span class='ocrx_word' id='word_1_54' title='bbox 1067 1216 1102 1289; x_wconf 91' lang='lat' dir='ltr'><strong>et</strong></span> <span class='ocrx_word' id='word_1_55' title='bbox 1137 1213 1301 1309; x_wconf 88' lang='lat' dir='ltr'><strong>reciproce</strong></span> <span class='ocrx_word' id='word_1_56' title='bbox 1336 1216 1378 1290; x_wconf 88' lang='lat' dir='ltr'><strong>ab</strong></span> <span class='ocrx_word' id='word_1_57' title='bbox 1406 1237 1444 1289; x_wconf 94' lang='lat' dir='ltr'><strong>eo</strong></span> <span class='ocrx_word' id='word_1_58' title='bbox 1471 1219 1613 1310; x_wconf 89' lang='lat' dir='ltr'><strong>paterna</strong></span> <span class='ocrx_word' id='word_1_59' title='bbox 1648 1215 1841 1310; x_wconf 85' lang='lat' dir='ltr'><strong>complexus</strong></span> <span class='ocrx_word' id='word_1_60' title='bbox 1866 1215 1900 1290; x_wconf 92' lang='lat' dir='ltr'><strong>et</strong></span> 
     </span>
     <span class='ocr_line' id='line_1_7' title="bbox 362 1335 1896 1432; baseline -0.001 -22"><span class='ocrx_word' id='word_1_61' title='bbox 362 1337 494 1410; x_wconf 88' lang='lat' dir='ltr'><strong>amatus</strong></span> <span class='ocrx_word' id='word_1_62' title='bbox 520 1336 569 1410; x_wconf 91' lang='lat' dir='ltr'><strong>fui</strong></span> <span class='ocrx_word' id='word_1_63' title='bbox 597 1336 773 1412; x_wconf 75' lang='lat' dir='ltr'><strong>charitate.</strong></span> <span class='ocrx_word' id='word_1_64' title='bbox 819 1337 903 1410; x_wconf 80' lang='lat' dir='ltr'><strong>Tum</strong></span> <span class='ocrx_word' id='word_1_65' title='bbox 930 1336 1063 1412; x_wconf 80' lang='lat' dir='ltr'><strong>Gedeon</strong></span> <span class='ocrx_word' id='word_1_66' title='bbox 1094 1335 1268 1432; x_wconf 92' lang='lat' dir='ltr'><strong>episcopus</strong></span> <span class='ocrx_word' id='word_1_67' title='bbox 1295 1339 1330 1412; x_wconf 91' lang='lat' dir='ltr'><strong>et</strong></span> <span class='ocrx_word' id='word_1_68' title='bbox 1357 1359 1525 1432; x_wconf 90' lang='lat' dir='ltr'><strong>proceres:</strong></span> <span class='ocrx_word' id='word_1_69' title='bbox 1562 1337 1691 1432; x_wconf 85' lang='lat' dir='ltr'><strong>Longe,</strong></span> <span class='ocrx_word' id='word_1_70' title='bbox 1728 1336 1896 1428; x_wconf 89' lang='lat' dir='ltr'><strong>inquiunt,</strong></span> 
     </span>
     <span class='ocr_line' id='line_1_8' title="bbox 361 1457 1900 1553; baseline 0.001 -23"><span class='ocrx_word' id='word_1_71' title='bbox 361 1458 450 1549; x_wconf 88' lang='lat' dir='ltr'><strong>Dux,</strong></span> <span class='ocrx_word' id='word_1_72' title='bbox 479 1457 592 1552; x_wconf 87' lang='lat' dir='ltr'><strong>dispar</strong></span> <span class='ocrx_word' id='word_1_73' title='bbox 618 1457 948 1552; x_wconf 89' lang='lat' dir='ltr'><strong>inpraesentiarum</strong></span> <span class='ocrx_word' id='word_1_74' title='bbox 974 1460 1127 1534; x_wconf 84' lang='lat' dir='ltr'><strong>uersatur</strong></span> <span class='ocrx_word' id='word_1_75' title='bbox 1153 1460 1335 1552; x_wconf 88' lang='lat' dir='ltr'><strong>respectus.</strong></span> <span class='ocrx_word' id='word_1_76' title='bbox 1371 1459 1546 1533; x_wconf 89' lang='lat' dir='ltr'><strong>Boleslaus</strong></span> <span class='ocrx_word' id='word_1_77' title='bbox 1573 1458 1738 1552; x_wconf 90' lang='lat' dir='ltr'><strong>siquidem</strong></span> <span class='ocrx_word' id='word_1_78' title='bbox 1765 1457 1900 1553; x_wconf 77' lang='lat' dir='ltr'><strong>crispos</strong></span> 
     </span>
     <span class='ocr_line' id='line_1_9' title="bbox 360 1579 1899 1676; baseline 0.001 -24"><span class='ocrx_word' id='word_1_79' title='bbox 360 1579 466 1656; x_wconf 86' lang='lat' dir='ltr'><strong>frater</strong></span> <span class='ocrx_word' id='word_1_80' title='bbox 491 1582 572 1654; x_wconf 90' lang='lat' dir='ltr'><strong>tuus</strong></span> <span class='ocrx_word' id='word_1_81' title='bbox 599 1603 703 1674; x_wconf 90' lang='lat' dir='ltr'><strong>aequo</strong></span> <span class='ocrx_word' id='word_1_82' title='bbox 730 1581 802 1656; x_wconf 92' lang='lat' dir='ltr'><strong>iure</strong></span> <span class='ocrx_word' id='word_1_83' title='bbox 829 1583 864 1656; x_wconf 91' lang='lat' dir='ltr'><strong>ot</strong></span> <span class='ocrx_word' id='word_1_84' title='bbox 890 1581 978 1656; x_wconf 94' lang='lat' dir='ltr'><strong>iusto</strong></span> <span class='ocrx_word' id='word_1_85' title='bbox 1006 1581 1192 1676; x_wconf 87' lang='lat' dir='ltr'><strong>imperabat</strong></span> <span class='ocrx_word' id='word_1_86' title='bbox 1219 1580 1399 1675; x_wconf 90' lang='lat' dir='ltr'><strong>regimine:</strong></span> <span class='ocrx_word' id='word_1_87' title='bbox 1427 1585 1464 1656; x_wconf 87' lang='lat' dir='ltr'><strong>at</strong></span> <span class='ocrx_word' id='word_1_88' title='bbox 1482 1581 1571 1658; x_wconf 90' lang='lat' dir='ltr'><strong>huno</strong></span> <span class='ocrx_word' id='word_1_89' title='bbox 1596 1602 1816 1657; x_wconf 88' lang='lat' dir='ltr'><strong>successorem</strong></span> <span class='ocrx_word' id='word_1_90' title='bbox 1843 1603 1899 1655; x_wconf 91' lang='lat' dir='ltr'><strong>su-</strong></span> 
     </span>
     <span class='ocr_line' id='line_1_10' title="bbox 361 1702 1900 1800; baseline 0 -24"><span class='ocrx_word' id='word_1_91' title='bbox 361 1725 418 1776; x_wconf 91' lang='lat' dir='ltr'><strong>urn</strong></span> <span class='ocrx_word' id='word_1_92' title='bbox 444 1703 666 1798; x_wconf 74' lang='lat' dir='ltr'><strong>Myeouslaum</strong></span> <span class='ocrx_word' id='word_1_93' title='bbox 701 1702 881 1778; x_wconf 87' lang='lat' dir='ltr'><strong>adomnia</strong></span> <span class='ocrx_word' id='word_1_94' title='bbox 915 1705 1135 1798; x_wconf 79' lang='lat' dir='ltr'><strong>tyrannorum</strong></span> <span class='ocrx_word' id='word_1_95' title='bbox 1172 1703 1295 1794; x_wconf 91' lang='lat' dir='ltr'><strong>studia,</strong></span> <span class='ocrx_word' id='word_1_96' title='bbox 1333 1703 1500 1797; x_wconf 85' lang='lat' dir='ltr'><strong>aquibus</strong></span> <span class='ocrx_word' id='word_1_97' title='bbox 1537 1705 1630 1778; x_wconf 93' lang='lat' dir='ltr'><strong>nullo</strong></span> <span class='ocrx_word' id='word_1_98' title='bbox 1666 1706 1762 1800; x_wconf 90' lang='lat' dir='ltr'><strong>paeto</strong></span> <span class='ocrx_word' id='word_1_99' title='bbox 1798 1702 1900 1778; x_wconf 85' lang='lat' dir='ltr'><strong>auelli</strong></span> 
     </span>
     <span class='ocr_line' id='line_1_11' title="bbox 359 1824 1900 1921; baseline 0.001 -23"><span class='ocrx_word' id='word_1_100' title='bbox 359 1827 480 1919; x_wconf 89' lang='lat' dir='ltr'><strong>potest,</strong></span> <span class='ocrx_word' id='word_1_101' title='bbox 509 1824 601 1900; x_wconf 88' lang='lat' dir='ltr'><strong>uides</strong></span> <span class='ocrx_word' id='word_1_102' title='bbox 628 1824 814 1902; x_wconf 83' lang='lat' dir='ltr'><strong>divertisse.</strong></span> <span class='ocrx_word' id='word_1_103' title='bbox 847 1826 1025 1920; x_wconf 89' lang='lat' dir='ltr'><strong>Ingentem</strong></span> <span class='ocrx_word' id='word_1_104' title='bbox 1052 1826 1166 1920; x_wconf 85' lang='lat' dir='ltr'><strong>itaque</strong></span> <span class='ocrx_word' id='word_1_105' title='bbox 1193 1825 1365 1921; x_wconf 87' lang='lat' dir='ltr'><strong>pietatem,</strong></span> <span class='ocrx_word' id='word_1_106' title='bbox 1394 1826 1566 1920; x_wconf 87' lang='lat' dir='ltr'><strong>ingentem</strong></span> <span class='ocrx_word' id='word_1_107' title='bbox 1594 1825 1805 1918; x_wconf 88' lang='lat' dir='ltr'><strong>charitatem,</strong></span> <span class='ocrx_word' id='word_1_108' title='bbox 1833 1849 1900 1900; x_wconf 91' lang='lat' dir='ltr'><strong>non</strong></span> 
     </span>
     <span class='ocr_line' id='line_1_12' title="bbox 359 1945 1899 2044; baseline 0.001 -23"><span class='ocrx_word' id='word_1_109' title='bbox 359 1945 586 2039; x_wconf 88' lang='lat' dir='ltr'><strong>ambitionem,</strong></span> <span class='ocrx_word' id='word_1_110' title='bbox 624 1970 690 2022; x_wconf 95' lang='lat' dir='ltr'><strong>non</strong></span> <span class='ocrx_word' id='word_1_111' title='bbox 725 1948 867 2040; x_wconf 86' lang='lat' dir='ltr'><strong>facinus,</strong></span> <span class='ocrx_word' id='word_1_112' title='bbox 904 1949 1018 2022; x_wconf 88' lang='lat' dir='ltr'><strong>credas</strong></span> <span class='ocrx_word' id='word_1_113' title='bbox 1057 1950 1091 2024; x_wconf 91' lang='lat' dir='ltr'><strong>te</strong></span> <span class='ocrx_word' id='word_1_114' title='bbox 1119 1949 1434 2040; x_wconf 86' lang='lat' dir='ltr'><strong>demonstraturum,</strong></span> <span class='ocrx_word' id='word_1_115' title='bbox 1471 1949 1734 2044; x_wconf 88' lang='lat' dir='ltr'><strong>perpetuamque</strong></span> <span class='ocrx_word' id='word_1_116' title='bbox 1765 1949 1899 2024; x_wconf 88' lang='lat' dir='ltr'><strong>laudem</strong></span> 
     </span>
     <span class='ocr_line' id='line_1_13' title="bbox 360 2069 1898 2166; baseline 0.001 -24"><span class='ocrx_word' id='word_1_117' title='bbox 360 2072 395 2143; x_wconf 87' lang='lat' dir='ltr'><strong>et</strong></span> <span class='ocrx_word' id='word_1_118' title='bbox 421 2091 497 2143; x_wconf 92' lang='lat' dir='ltr'><strong>oum</strong></span> <span class='ocrx_word' id='word_1_119' title='bbox 523 2069 631 2145; x_wconf 88' lang='lat' dir='ltr'><strong>beatis</strong></span> <span class='ocrx_word' id='word_1_120' title='bbox 657 2070 840 2146; x_wconf 91' lang='lat' dir='ltr'><strong>mercedem</strong></span> <span class='ocrx_word' id='word_1_121' title='bbox 875 2070 1089 2162; x_wconf 89' lang='lat' dir='ltr'><strong>habiturum,</strong></span> <span class='ocrx_word' id='word_1_122' title='bbox 1122 2071 1151 2144; x_wconf 93' lang='lat' dir='ltr'><strong>si</strong></span> <span class='ocrx_word' id='word_1_123' title='bbox 1177 2070 1345 2145; x_wconf 87' lang='lat' dir='ltr'><strong>laboranti</strong></span> <span class='ocrx_word' id='word_1_124' title='bbox 1384 2073 1419 2146; x_wconf 92' lang='lat' dir='ltr'><strong>et</strong></span> <span class='ocrx_word' id='word_1_125' title='bbox 1454 2094 1537 2166; x_wconf 90' lang='lat' dir='ltr'><strong>pene</strong></span> <span class='ocrx_word' id='word_1_126' title='bbox 1572 2072 1751 2146; x_wconf 84' lang='lat' dir='ltr'><strong>suffocatae</strong></span> <span class='ocrx_word' id='word_1_127' title='bbox 1778 2073 1812 2146; x_wconf 93' lang='lat' dir='ltr'><strong>et</strong></span> <span class='ocrx_word' id='word_1_128' title='bbox 1839 2094 1898 2144; x_wconf 88' lang='lat' dir='ltr'><strong>ex-</strong></span> 
     </span>
     <span class='ocr_line' id='line_1_14' title="bbox 358 2175 1897 2289; baseline 0.002 -25"><span class='ocrx_word' id='word_1_129' title='bbox 358 2191 486 2266; x_wconf 87' lang='lat' dir='ltr'><strong>tinctae</strong></span> <span class='ocrx_word' id='word_1_130' title='bbox 513 2175 642 2288; x_wconf 88' lang='lat' dir='ltr'><strong>patriae</strong></span> <span class='ocrx_word' id='word_1_131' title='bbox 669 2192 873 2284; x_wconf 81' lang='lat' dir='ltr'><strong>subveneris,</strong></span> <span class='ocrx_word' id='word_1_132' title='bbox 910 2193 938 2266; x_wconf 94' lang='lat' dir='ltr'><strong>si</strong></span> <span class='ocrx_word' id='word_1_133' title='bbox 966 2193 1062 2268; x_wconf 92' lang='lat' dir='ltr'><strong>illam</strong></span> <span class='ocrx_word' id='word_1_134' title='bbox 1089 2215 1109 2266; x_wconf 89' lang='lat' dir='ltr'><strong>a</strong></span> <span class='ocrx_word' id='word_1_135' title='bbox 1135 2192 1313 2289; x_wconf 79' lang='lat' dir='ltr'><strong>tyrannide</strong></span> <span class='ocrx_word' id='word_1_136' title='bbox 1349 2195 1383 2269; x_wconf 90' lang='lat' dir='ltr'><strong>et</strong></span> <span class='ocrx_word' id='word_1_137' title='bbox 1416 2193 1630 2288; x_wconf 90' lang='lat' dir='ltr'><strong>oppressione</strong></span> <span class='ocrx_word' id='word_1_138' title='bbox 1664 2193 1897 2268; x_wconf 76' lang='lat' dir='ltr'><strong>vindicaveris:</strong></span> 
     </span>
     <span class='ocr_line' id='line_1_15' title="bbox 358 2313 1898 2410; baseline 0 -21"><span class='ocrx_word' id='word_1_139' title='bbox 358 2313 511 2392; x_wconf 91' lang='lat' dir='ltr'><strong>omnibus</strong></span> <span class='ocrx_word' id='word_1_140' title='bbox 537 2313 662 2394; x_wconf 88' lang='lat' dir='ltr'><strong>etenim</strong></span> <span class='ocrx_word' id='word_1_141' title='bbox 698 2315 800 2408; x_wconf 87' lang='lat' dir='ltr'><strong>(quod</strong></span> <span class='ocrx_word' id='word_1_142' title='bbox 827 2338 893 2390; x_wconf 93' lang='lat' dir='ltr'><strong>non</strong></span> <span class='ocrx_word' id='word_1_143' title='bbox 919 2314 1100 2390; x_wconf 88' lang='lat' dir='ltr'><strong>catholicos</strong></span> <span class='ocrx_word' id='word_1_144' title='bbox 1115 2314 1144 2408; x_wconf 49' lang='grc' dir='ltr'><strong>Ἰ)</strong></span> <span class='ocrx_word' id='word_1_145' title='bbox 1171 2315 1229 2389; x_wconf 91' lang='lat' dir='ltr'><strong>sed</strong></span> <span class='ocrx_word' id='word_1_146' title='bbox 1256 2317 1360 2390; x_wconf 88' lang='lat' dir='ltr'><strong>etiam</strong></span> <span class='ocrx_word' id='word_1_147' title='bbox 1395 2315 1541 2410; x_wconf 89' lang='lat' dir='ltr'><strong>gentiles</strong></span> <span class='ocrx_word' id='word_1_148' title='bbox 1576 2315 1699 2391; x_wconf 90' lang='lat' dir='ltr'><strong>scimus</strong></span> <span class='ocrx_word' id='word_1_149' title='bbox 1737 2315 1898 2410; x_wconf 88' lang='lat' dir='ltr'><strong>sensisse)</strong></span> 
     </span>
     <span class='ocr_line' id='line_1_16' title="bbox 361 2436 1899 2532; baseline 0 -21"><span class='ocrx_word' id='word_1_150' title='bbox 361 2436 419 2530; x_wconf 93' lang='lat' dir='ltr'><strong>qui</strong></span> <span class='ocrx_word' id='word_1_151' title='bbox 446 2436 589 2532; x_wconf 89' lang='lat' dir='ltr'><strong>patriam</strong></span> <span class='ocrx_word' id='word_1_152' title='bbox 625 2436 824 2530; x_wconf 87' lang='lat' dir='ltr'><strong>adiuuerint,</strong></span> <span class='ocrx_word' id='word_1_153' title='bbox 861 2437 1030 2529; x_wconf 85' lang='lat' dir='ltr'><strong>auxerint,</strong></span> <span class='ocrx_word' id='word_1_154' title='bbox 1067 2436 1288 2527; x_wconf 85' lang='lat' dir='ltr'><strong>defenderint,</strong></span> <span class='ocrx_word' id='word_1_155' title='bbox 1326 2440 1454 2513; x_wconf 90' lang='lat' dir='ltr'><strong>certum</strong></span> <span class='ocrx_word' id='word_1_156' title='bbox 1482 2440 1517 2514; x_wconf 89' lang='lat' dir='ltr'><strong>et</strong></span> <span class='ocrx_word' id='word_1_157' title='bbox 1543 2437 1719 2514; x_wconf 90' lang='lat' dir='ltr'><strong>definitum</strong></span> <span class='ocrx_word' id='word_1_158' title='bbox 1745 2438 1782 2512; x_wconf 94' lang='lat' dir='ltr'><strong>in</strong></span> <span class='ocrx_word' id='word_1_159' title='bbox 1809 2439 1899 2514; x_wconf 92' lang='lat' dir='ltr'><strong>coelo</strong></span> 
     </span>
     <span class='ocr_line' id='line_1_17' title="bbox 361 2559 1898 2656; baseline 0.001 -23"><span class='ocrx_word' id='word_1_160' title='bbox 361 2561 413 2633; x_wconf 90' lang='lat' dir='ltr'><strong>est</strong></span> <span class='ocrx_word' id='word_1_161' title='bbox 439 2559 548 2634; x_wconf 87' lang='lat' dir='ltr'><strong>locum</strong></span> <span class='ocrx_word' id='word_1_162' title='bbox 583 2560 672 2651; x_wconf 90' lang='lat' dir='ltr'><strong>fore,</strong></span> <span class='ocrx_word' id='word_1_163' title='bbox 710 2559 767 2634; x_wconf 96' lang='lat' dir='ltr'><strong>ubi</strong></span> <span class='ocrx_word' id='word_1_164' title='bbox 802 2559 891 2635; x_wconf 90' lang='lat' dir='ltr'><strong>beati</strong></span> <span class='ocrx_word' id='word_1_165' title='bbox 927 2559 1130 2655; x_wconf 90' lang='lat' dir='ltr'><strong>sempiterno</strong></span> <span class='ocrx_word' id='word_1_166' title='bbox 1166 2560 1326 2634; x_wconf 89' lang='lat' dir='ltr'><strong>fruuntur</strong></span> <span class='ocrx_word' id='word_1_167' title='bbox 1361 2583 1461 2648; x_wconf 87' lang='lat' dir='ltr'><strong>aeuo;</strong></span> <span class='ocrx_word' id='word_1_168' title='bbox 1498 2559 1534 2634; x_wconf 92' lang='lat' dir='ltr'><strong>in</strong></span> <span class='ocrx_word' id='word_1_169' title='bbox 1560 2563 1742 2656; x_wconf 80' lang='lat' dir='ltr'><strong>tyrannum</strong></span> <span class='ocrx_word' id='word_1_170' title='bbox 1769 2583 1898 2654; x_wconf 91' lang='lat' dir='ltr'><strong>quoque</strong></span> 
     </span>
     <span class='ocr_line' id='line_1_18' title="bbox 357 2681 1898 2778; baseline 0.002 -23"><span class='ocrx_word' id='word_1_171' title='bbox 357 2681 454 2756; x_wconf 83' lang='lat' dir='ltr'><strong>iuxta</strong></span> <span class='ocrx_word' id='word_1_172' title='bbox 488 2684 588 2775; x_wconf 90' lang='lat' dir='ltr'><strong>atque</strong></span> <span class='ocrx_word' id='word_1_173' title='bbox 615 2682 651 2756; x_wconf 94' lang='lat' dir='ltr'><strong>in</strong></span> <span class='ocrx_word' id='word_1_174' title='bbox 678 2683 872 2758; x_wconf 89' lang='lat' dir='ltr'><strong>damnatum</strong></span> <span class='ocrx_word' id='word_1_175' title='bbox 909 2681 989 2758; x_wconf 88' lang='lat' dir='ltr'><strong>licet</strong></span> <span class='ocrx_word' id='word_1_176' title='bbox 1022 2681 1160 2758; x_wconf 85' lang='lat' dir='ltr'><strong>saeuire.</strong></span> <span class='ocrx_word' id='word_1_177' title='bbox 1207 2683 1258 2757; x_wconf 82' lang='lat' dir='ltr'><strong>Tu</strong></span> <span class='ocrx_word' id='word_1_178' title='bbox 1284 2684 1375 2759; x_wconf 88' lang='lat' dir='ltr'><strong>solus</strong></span> <span class='ocrx_word' id='word_1_179' title='bbox 1403 2685 1438 2758; x_wconf 92' lang='lat' dir='ltr'><strong>et</strong></span> <span class='ocrx_word' id='word_1_180' title='bbox 1463 2683 1581 2758; x_wconf 89' lang='lat' dir='ltr'><strong>unicus</strong></span> <span class='ocrx_word' id='word_1_181' title='bbox 1608 2683 1761 2775; x_wconf 86' lang='lat' dir='ltr'><strong>crederis,</strong></span> <span class='ocrx_word' id='word_1_182' title='bbox 1797 2683 1854 2777; x_wconf 92' lang='lat' dir='ltr'><strong>qui</strong></span> <span class='ocrx_word' id='word_1_183' title='bbox 1870 2681 1898 2778; x_wconf 87' lang='lat'><strong>³)</strong></span> 
     </span>
     <span class='ocr_line' id='line_1_19' title="bbox 316 2804 1897 2902; baseline -0.003 -20"><span class='ocrx_word' id='word_1_184' title='bbox 316 2866 320 2882; x_wconf 83' lang='grc'><em>.</em></span> <span class='ocrx_word' id='word_1_185' title='bbox 358 2805 512 2878; x_wconf 90' lang='lat' dir='ltr'><strong>nostrum</strong></span> <span class='ocrx_word' id='word_1_186' title='bbox 547 2806 582 2880; x_wconf 93' lang='lat' dir='ltr'><strong>et</strong></span> <span class='ocrx_word' id='word_1_187' title='bbox 617 2805 747 2900; x_wconf 87' lang='lat' dir='ltr'><strong>patriae</strong></span> <span class='ocrx_word' id='word_1_188' title='bbox 782 2827 902 2880; x_wconf 87' lang='lat' dir='ltr'><strong>sanare</strong></span> <span class='ocrx_word' id='word_1_189' title='bbox 938 2806 1033 2900; x_wconf 91' lang='lat' dir='ltr'><strong>potes</strong></span> <span class='ocrx_word' id='word_1_190' title='bbox 1068 2804 1245 2882; x_wconf 89' lang='lat' dir='ltr'><strong>discrimen</strong></span> <span class='ocrx_word' id='word_1_191' title='bbox 1271 2807 1307 2881; x_wconf 90' lang='lat' dir='ltr'><strong>et</strong></span> <span class='ocrx_word' id='word_1_192' title='bbox 1321 2805 1349 2900; x_wconf 84' lang='lat'><strong>⁴)</strong></span> <span class='ocrx_word' id='word_1_193' title='bbox 1380 2805 1566 2881; x_wconf 77' lang='lat' dir='ltr'><strong>rescindere</strong></span> <span class='ocrx_word' id='word_1_194' title='bbox 1593 2805 1628 2880; x_wconf 96' lang='lat' dir='ltr'><strong>in</strong></span> <span class='ocrx_word' id='word_1_195' title='bbox 1644 2807 1672 2902; x_wconf 86' lang='lat'><strong>⁵)</strong></span> <span class='ocrx_word' id='word_1_196' title='bbox 1698 2807 1897 2882; x_wconf 80' lang='lat' dir='ltr'><strong>extremum.</strong></span> 
     </span>
     <span class='ocr_line' id='line_1_20' title="bbox 357 2925 1907 3023; baseline 0.001 -24"><span class='ocrx_word' id='word_1_197' title='bbox 357 2925 433 3000; x_wconf 83' lang='lat' dir='ltr'><strong>Tibi</strong></span> <span class='ocrx_word' id='word_1_198' title='bbox 461 2926 620 3017; x_wconf 90' lang='lat' dir='ltr'><strong>nostram,</strong></span> <span class='ocrx_word' id='word_1_199' title='bbox 647 2926 710 3002; x_wconf 93' lang='lat' dir='ltr'><strong>tibi</strong></span> <span class='ocrx_word' id='word_1_200' title='bbox 726 2926 754 3021; x_wconf 76' lang='grc'><strong>6)</strong></span> <span class='ocrx_word' id='word_1_201' title='bbox 780 2926 912 3023; x_wconf 88' lang='lat' dir='ltr'><strong>patriae</strong></span> <span class='ocrx_word' id='word_1_202' title='bbox 938 2928 1083 3003; x_wconf 89' lang='lat' dir='ltr'><strong>sulutem</strong></span> <span class='ocrx_word' id='word_1_203' title='bbox 1114 2927 1365 3020; x_wconf 90' lang='lat' dir='ltr'><strong>committimus,</strong></span> <span class='ocrx_word' id='word_1_204' title='bbox 1394 2927 1430 3001; x_wconf 91' lang='lat' dir='ltr'><strong>in</strong></span> <span class='ocrx_word' id='word_1_205' title='bbox 1456 2931 1516 3002; x_wconf 88' lang='lat' dir='ltr'><strong>tua</strong></span> <span class='ocrx_word' id='word_1_206' title='bbox 1542 2929 1709 3023; x_wconf 85' lang='lat' dir='ltr'><strong>potestate</strong></span> <span class='ocrx_word' id='word_1_207' title='bbox 1736 2930 1771 3002; x_wconf 91' lang='lat' dir='ltr'><strong>et</strong></span> <span class='ocrx_word' id='word_1_208' title='bbox 1796 2950 1907 3002; x_wconf 89' lang='lat' dir='ltr'><strong>manu·</strong></span> 
     </span>
     <span class='ocr_line' id='line_1_21' title="bbox 358 3047 1898 3145; baseline 0 -24"><span class='ocrx_word' id='word_1_209' title='bbox 358 3047 482 3140; x_wconf 91' lang='lat' dir='ltr'><strong>situm,</strong></span> <span class='ocrx_word' id='word_1_210' title='bbox 523 3048 671 3124; x_wconf 79' lang='lat' dir='ltr'><strong>vitamne</strong></span> <span class='ocrx_word' id='word_1_211' title='bbox 706 3049 801 3124; x_wconf 94' lang='lat' dir='ltr'><strong>nobis</strong></span> <span class='ocrx_word' id='word_1_212' title='bbox 837 3052 872 3124; x_wconf 91' lang='lat' dir='ltr'><strong>et</strong></span> <span class='ocrx_word' id='word_1_213' title='bbox 907 3049 1045 3145; x_wconf 87' lang='lat' dir='ltr'><strong>patriae,</strong></span> <span class='ocrx_word' id='word_1_214' title='bbox 1082 3072 1126 3124; x_wconf 87' lang='lat' dir='ltr'><strong>an</strong></span> <span class='ocrx_word' id='word_1_215' title='bbox 1151 3072 1264 3126; x_wconf 85' lang='lat' dir='ltr'><strong>necem</strong></span> <span class='ocrx_word' id='word_1_216' title='bbox 1291 3054 1326 3126; x_wconf 92' lang='lat' dir='ltr'><strong>et</strong></span> <span class='ocrx_word' id='word_1_217' title='bbox 1351 3050 1543 3145; x_wconf 89' lang='lat' dir='ltr'><strong>perniciem,</strong></span> <span class='ocrx_word' id='word_1_218' title='bbox 1581 3051 1623 3125; x_wconf 92' lang='lat' dir='ltr'><strong>ad</strong></span> <span class='ocrx_word' id='word_1_219' title='bbox 1653 3073 1754 3142; x_wconf 90' lang='lat' dir='ltr'><strong>quam</strong></span> <span class='ocrx_word' id='word_1_220' title='bbox 1780 3049 1898 3125; x_wconf 86' lang='lat' dir='ltr'><strong>fratris</strong></span> 
     </span>
     <span class='ocr_line' id='line_1_22' title="bbox 357 3169 1898 3268; baseline 0.001 -24"><span class='ocrx_word' id='word_1_221' title='bbox 357 3169 409 3244; x_wconf 93' lang='lat' dir='ltr'><strong>tui</strong></span> <span class='ocrx_word' id='word_1_222' title='bbox 436 3171 567 3246; x_wconf 90' lang='lat' dir='ltr'><strong>decreto</strong></span> <span class='ocrx_word' id='word_1_223' title='bbox 593 3173 748 3246; x_wconf 84' lang='lat' dir='ltr'><strong>extamus</strong></span> <span class='ocrx_word' id='word_1_224' title='bbox 774 3171 936 3262; x_wconf 89' lang='lat' dir='ltr'><strong>damnati,</strong></span> <span class='ocrx_word' id='word_1_225' title='bbox 972 3171 1019 3245; x_wconf 92' lang='lat' dir='ltr'><strong>sis</strong></span> <span class='ocrx_word' id='word_1_226' title='bbox 1047 3171 1283 3266; x_wconf 89' lang='lat' dir='ltr'><strong>praestiturus.</strong></span> <span class='ocrx_word' id='word_1_227' title='bbox 1318 3172 1390 3256; x_wconf 65' lang='lat' dir='ltr'><strong>„His</strong></span> <span class='ocrx_word' id='word_1_228' title='bbox 1417 3174 1452 3248; x_wconf 91' lang='lat' dir='ltr'><strong>et</strong></span> <span class='ocrx_word' id='word_1_229' title='bbox 1478 3171 1633 3268; x_wconf 89' lang='lat' dir='ltr'><strong>pluribus</strong></span> <span class='ocrx_word' id='word_1_230' title='bbox 1659 3172 1794 3248; x_wconf 86' lang='lat' dir='ltr'><strong>uocibus</strong></span> <span class='ocrx_word' id='word_1_231' title='bbox 1820 3171 1898 3246; x_wconf 85' lang='lat' dir='ltr'><strong>eliis</strong></span> 
     </span>
     <span class='ocr_line' id='line_1_23' title="bbox 356 3290 1895 3388; baseline 0.001 -24"><span class='ocrx_word' id='word_1_232' title='bbox 356 3290 550 3366; x_wconf 86' lang='lat' dir='ltr'><strong>Kauimirus</strong></span> <span class='ocrx_word' id='word_1_233' title='bbox 585 3292 662 3366; x_wconf 78' lang='lat' dir='ltr'><strong>Dux</strong></span> <span class='ocrx_word' id='word_1_234' title='bbox 698 3295 925 3388; x_wconf 86' lang='lat' dir='ltr'><strong>expugnatus,</strong></span> <span class='ocrx_word' id='word_1_235' title='bbox 958 3315 1025 3368; x_wconf 90' lang='lat' dir='ltr'><strong>non</strong></span> <span class='ocrx_word' id='word_1_236' title='bbox 1052 3293 1215 3388; x_wconf 89' lang='lat' dir='ltr'><strong>regnandi</strong></span> <span class='ocrx_word' id='word_1_237' title='bbox 1250 3293 1400 3386; x_wconf 88' lang='lat' dir='ltr'><strong>libidine,</strong></span> <span class='ocrx_word' id='word_1_238' title='bbox 1437 3317 1504 3368; x_wconf 92' lang='lat' dir='ltr'><strong>non</strong></span> <span class='ocrx_word' id='word_1_239' title='bbox 1540 3292 1734 3368; x_wconf 87' lang='lat' dir='ltr'><strong>ambitionis</strong></span> <span class='ocrx_word' id='word_1_240' title='bbox 1768 3292 1895 3384; x_wconf 91' lang='lat' dir='ltr'><strong>ardore,</strong></span> 
     </span>
     <span class='ocr_line' id='line_1_24' title="bbox 355 3413 1896 3510; baseline 0.002 -23"><span class='ocrx_word' id='word_1_241' title='bbox 355 3437 421 3488; x_wconf 90' lang='lat' dir='ltr'><strong>non</strong></span> <span class='ocrx_word' id='word_1_242' title='bbox 448 3414 515 3489; x_wconf 92' lang='lat' dir='ltr'><strong>odii</strong></span> <span class='ocrx_word' id='word_1_243' title='bbox 542 3413 656 3507; x_wconf 86' lang='lat' dir='ltr'><strong>liuore,</strong></span> <span class='ocrx_word' id='word_1_244' title='bbox 693 3415 752 3490; x_wconf 90' lang='lat' dir='ltr'><strong>sed</strong></span> <span class='ocrx_word' id='word_1_245' title='bbox 778 3415 850 3490; x_wconf 89' lang='lat' dir='ltr'><strong>sola</strong></span> <span class='ocrx_word' id='word_1_246' title='bbox 891 3415 1020 3510; x_wconf 87' lang='lat' dir='ltr'><strong>patriae</strong></span> <span class='ocrx_word' id='word_1_247' title='bbox 1057 3415 1221 3491; x_wconf 87' lang='lat' dir='ltr'><strong>charitate</strong></span> <span class='ocrx_word' id='word_1_248' title='bbox 1257 3415 1392 3491; x_wconf 90' lang='lat' dir='ltr'><strong>tandem</strong></span> <span class='ocrx_word' id='word_1_249' title='bbox 1427 3416 1595 3492; x_wconf 88' lang='lat' dir='ltr'><strong>consentit</strong></span> <span class='ocrx_word' id='word_1_250' title='bbox 1624 3438 1660 3491; x_wconf 90' lang='lat' dir='ltr'><strong>se</strong></span> <span class='ocrx_word' id='word_1_251' title='bbox 1685 3414 1896 3490; x_wconf 87' lang='lat' dir='ltr'><strong>Monarchiae</strong></span> 
     </span>
     <span class='ocr_line' id='line_1_25' title="bbox 356 3535 1894 3632; baseline 0.001 -22"><span class='ocrx_word' id='word_1_252' title='bbox 356 3535 507 3630; x_wconf 87' lang='lat' dir='ltr'><strong>regimen</strong></span> <span class='ocrx_word' id='word_1_253' title='bbox 534 3538 778 3632; x_wconf 91' lang='lat' dir='ltr'><strong>suscepturum.</strong></span> <span class='ocrx_word' id='word_1_254' title='bbox 805 3539 887 3612; x_wconf 82' lang='lat' dir='ltr'><strong>dum</strong></span> <span class='ocrx_word' id='word_1_255' title='bbox 914 3538 1062 3614; x_wconf 89' lang='lat' dir='ltr'><strong>modesta</strong></span> <span class='ocrx_word' id='word_1_256' title='bbox 1089 3538 1202 3632; x_wconf 91' lang='lat' dir='ltr'><strong>itaque</strong></span> <span class='ocrx_word' id='word_1_257' title='bbox 1229 3560 1364 3612; x_wconf 91' lang='lat' dir='ltr'><strong>suorum</strong></span> <span class='ocrx_word' id='word_1_258' title='bbox 1390 3538 1539 3614; x_wconf 92' lang='lat' dir='ltr'><strong>militum</strong></span> <span class='ocrx_word' id='word_1_259' title='bbox 1563 3561 1675 3631; x_wconf 89' lang='lat' dir='ltr'><strong>manu,</strong></span> <span class='ocrx_word' id='word_1_260' title='bbox 1696 3536 1894 3632; x_wconf 62' lang='lat' dir='ltr'><strong>Gedeonei),</strong></span> 
     </span>
     <span class='ocr_line' id='line_1_26' title="bbox 355 3658 1894 3755; baseline 0.001 -23"><span class='ocrx_word' id='word_1_261' title='bbox 355 3658 623 3734; x_wconf 79' lang='lat' dir='ltr'><strong>dracouiensium</strong></span> <span class='ocrx_word' id='word_1_262' title='bbox 649 3659 853 3754; x_wconf 88' lang='lat' dir='ltr'><strong>reliquisque</strong></span> <span class='ocrx_word' id='word_1_263' title='bbox 866 3660 892 3755; x_wconf 80' lang='lat'><strong>8)</strong></span> <span class='ocrx_word' id='word_1_264' title='bbox 920 3660 1108 3755; x_wconf 89' lang='lat' dir='ltr'><strong>proceribus</strong></span> <span class='ocrx_word' id='word_1_265' title='bbox 1135 3683 1211 3735; x_wconf 91' lang='lat' dir='ltr'><strong>eum</strong></span> <span class='ocrx_word' id='word_1_266' title='bbox 1238 3661 1487 3751; x_wconf 81' lang='lat' dir='ltr'><strong>comitantibus,</strong></span> <span class='ocrx_word' id='word_1_267' title='bbox 1515 3661 1708 3736; x_wconf 89' lang='lat' dir='ltr'><strong>Kauimirus</strong></span> <span class='ocrx_word' id='word_1_268' title='bbox 1725 3661 1803 3734; x_wconf 82' lang='lat' dir='ltr'><strong>Dur</strong></span> <span class='ocrx_word' id='word_1_269' title='bbox 1820 3683 1894 3735; x_wconf 89' lang='lat' dir='ltr'><strong>uer·</strong></span> 
     </span>
     <span class='ocr_line' id='line_1_27' title="bbox 355 3780 1894 3876; baseline 0.001 -22"><span class='ocrx_word' id='word_1_270' title='bbox 355 3803 412 3855; x_wconf 91' lang='lat' dir='ltr'><strong>sus</strong></span> <span class='ocrx_word' id='word_1_271' title='bbox 439 3780 631 3856; x_wconf 79' lang='lat' dir='ltr'><strong>cracoviam</strong></span> <span class='ocrx_word' id='word_1_272' title='bbox 657 3781 826 3876; x_wconf 91' lang='lat' dir='ltr'><strong>procedit:</strong></span> <span class='ocrx_word' id='word_1_273' title='bbox 856 3805 954 3874; x_wconf 93' lang='lat' dir='ltr'><strong>quem</strong></span> <span class='ocrx_word' id='word_1_274' title='bbox 981 3783 1212 3858; x_wconf 83' lang='lat' dir='ltr'><strong>aduenientem</strong></span> <span class='ocrx_word' id='word_1_275' title='bbox 1239 3805 1352 3858; x_wconf 90' lang='lat' dir='ltr'><strong>omnes</strong></span> <span class='ocrx_word' id='word_1_276' title='bbox 1379 3783 1541 3858; x_wconf 92' lang='lat' dir='ltr'><strong>nobilium</strong></span> <span class='ocrx_word' id='word_1_277' title='bbox 1566 3784 1600 3856; x_wconf 91' lang='lat' dir='ltr'><strong>et</strong></span> <span class='ocrx_word' id='word_1_278' title='bbox 1620 3783 1816 3858; x_wconf 86' lang='lat' dir='ltr'><strong>militarium</strong></span> <span class='ocrx_word' id='word_1_279' title='bbox 1834 3805 1894 3858; x_wconf 82' lang='lat' dir='ltr'><strong>ex-</strong></span> 
     </span>
     <span class='ocr_line' id='line_1_28' title="bbox 355 3903 1895 4000; baseline 0.001 -23"><span class='ocrx_word' id='word_1_280' title='bbox 355 3903 485 3998; x_wconf 91' lang='lat' dir='ltr'><strong>cipiunt</strong></span> <span class='ocrx_word' id='word_1_281' title='bbox 511 3904 671 3999; x_wconf 84' lang='lat' dir='ltr'><strong>legiones,</strong></span> <span class='ocrx_word' id='word_1_282' title='bbox 708 3927 821 3979; x_wconf 91' lang='lat' dir='ltr'><strong>omnes</strong></span> <span class='ocrx_word' id='word_1_283' title='bbox 858 3907 1044 3996; x_wconf 86' lang='lat' dir='ltr'><strong>occurrunt,</strong></span> <span class='ocrx_word' id='word_1_284' title='bbox 1082 3905 1272 4000; x_wconf 59' lang='lat' dir='ltr'><strong>affauentb</strong></span> <span class='ocrx_word' id='word_1_285' title='bbox 1308 3909 1341 3979; x_wconf 93' lang='lat' dir='ltr'><strong>et</strong></span> <span class='ocrx_word' id='word_1_286' title='bbox 1369 3906 1648 4000; x_wconf 81' lang='lat' dir='ltr'><strong>congratulantur</strong></span> <span class='ocrx_word' id='word_1_287' title='bbox 1668 3903 1721 4000; x_wconf 85' lang='lat'><strong>¹⁰).</strong></span> <span class='ocrx_word' id='word_1_288' title='bbox 1767 3905 1895 3980; x_wconf 87' lang='lat' dir='ltr'><strong>Sedet</strong></span> 
     </span>
     <span class='ocr_line' id='line_1_29' title="bbox 313 4026 1895 4122; baseline 0 -22"><span class='ocrx_word' id='word_1_289' title='bbox 313 4087 315 4090; x_wconf 92' lang='lat'>.</span> <span class='ocrx_word' id='word_1_290' title='bbox 355 4026 540 4120; x_wconf 85' lang='lat' dir='ltr'><strong>agrestium</strong></span> <span class='ocrx_word' id='word_1_291' title='bbox 575 4028 693 4101; x_wconf 88' lang='lat' dir='ltr'><strong>turbae</strong></span> <span class='ocrx_word' id='word_1_292' title='bbox 719 4027 916 4102; x_wconf 86' lang='lat' dir='ltr'><strong>cateruatim</strong></span> <span class='ocrx_word' id='word_1_293' title='bbox 944 4049 979 4102; x_wconf 90' lang='lat' dir='ltr'><strong>se</strong></span> <span class='ocrx_word' id='word_1_294' title='bbox 1005 4028 1192 4118; x_wconf 87' lang='lat' dir='ltr'><strong>effundunt,</strong></span> <span class='ocrx_word' id='word_1_295' title='bbox 1230 4031 1265 4100; x_wconf 91' lang='lat' dir='ltr'><strong>et</strong></span> <span class='ocrx_word' id='word_1_296' title='bbox 1291 4051 1388 4102; x_wconf 92' lang='lat' dir='ltr'><strong>suum</strong></span> <span class='ocrx_word' id='word_1_297' title='bbox 1416 4050 1454 4102; x_wconf 89' lang='lat' dir='ltr'><strong>ao</strong></span> <span class='ocrx_word' id='word_1_298' title='bbox 1480 4028 1610 4122; x_wconf 91' lang='lat' dir='ltr'><strong>patriae</strong></span> <span class='ocrx_word' id='word_1_299' title='bbox 1644 4028 1831 4102; x_wconf 82' lang='lat' dir='ltr'><strong>acclamant</strong></span> <span class='ocrx_word' id='word_1_300' title='bbox 1858 4027 1895 4100; x_wconf 92' lang='lat' dir='ltr'><strong>in</strong></span> 
     </span>
     <span class='ocr_line' id='line_1_30' title="bbox 354 4147 1894 4246; baseline 0.002 -24"><span class='ocrx_word' id='word_1_301' title='bbox 354 4147 487 4224; x_wconf 91' lang='lat' dir='ltr'><strong>nomine</strong></span> <span class='ocrx_word' id='word_1_302' title='bbox 513 4149 647 4224; x_wconf 89' lang='lat' dir='ltr'><strong>Domini</strong></span> <span class='ocrx_word' id='word_1_303' title='bbox 673 4149 847 4225; x_wconf 83' lang='lat' dir='ltr'><strong>aduenisse</strong></span> <span class='ocrx_word' id='word_1_304' title='bbox 866 4150 1088 4226; x_wconf 89' lang='lat' dir='ltr'><strong>liberatorem.</strong></span> <span class='ocrx_word' id='word_1_305' title='bbox 1117 4150 1244 4225; x_wconf 80' lang='lat' dir='ltr'><strong>Aberat</strong></span> <span class='ocrx_word' id='word_1_306' title='bbox 1270 4151 1351 4224; x_wconf 91' lang='lat' dir='ltr'><strong>tunc</strong></span> <span class='ocrx_word' id='word_1_307' title='bbox 1377 4150 1576 4225; x_wconf 79' lang='lat' dir='ltr'><strong>adraooria</strong></span> <span class='ocrx_word' id='word_1_308' title='bbox 1601 4151 1808 4246; x_wconf 82' lang='lat' dir='ltr'><strong>Myeonslaus</strong></span> <span class='ocrx_word' id='word_1_309' title='bbox 1834 4150 1894 4224; x_wconf 84' lang='lat' dir='ltr'><strong>Se·</strong></span> 
     </span>
     <span class='ocr_line' id='line_1_31' title="bbox 354 4271 1894 4364; baseline 0.002 -19"><span class='ocrx_word' id='word_1_310' title='bbox 354 4293 431 4364; x_wconf 87' lang='lat' dir='ltr'><strong>nex,</strong></span> <span class='ocrx_word' id='word_1_311' title='bbox 459 4274 495 4347; x_wconf 91' lang='lat' dir='ltr'><strong>et</strong></span> <span class='ocrx_word' id='word_1_312' title='bbox 521 4271 557 4346; x_wconf 89' lang='lat' dir='ltr'><strong>in</strong></span> <span class='ocrx_word' id='word_1_313' title='bbox 583 4271 720 4346; x_wconf 85' lang='lat' dir='ltr'><strong>Maioris</strong></span> <span class='ocrx_word' id='word_1_314' title='bbox 755 4273 912 4348; x_wconf 91' lang='lat' dir='ltr'><strong>Poloniae</strong></span> <span class='ocrx_word' id='word_1_315' title='bbox 939 4295 977 4346; x_wconf 90' lang='lat' dir='ltr'><strong>ac</strong></span> <span class='ocrx_word' id='word_1_316' title='bbox 1004 4274 1222 4348; x_wconf 88' lang='lat' dir='ltr'><strong>Pomeraniao</strong></span> <span class='ocrx_word' id='word_1_317' title='bbox 1253 4275 1402 4350; x_wconf 87' lang='lat' dir='ltr'><strong>Ducatus</strong></span> <span class='ocrx_word' id='word_1_318' title='bbox 1438 4275 1651 4363; x_wconf 84' lang='lat' dir='ltr'><strong>successerat,</strong></span> <span class='ocrx_word' id='word_1_319' title='bbox 1689 4295 1763 4348; x_wconf 91' lang='lat' dir='ltr'><strong>cum</strong></span> <span class='ocrx_word' id='word_1_320' title='bbox 1790 4295 1894 4348; x_wconf 86' lang='lat' dir='ltr'><strong>uxore</strong></span> 
     </span>
     <span class='ocr_line' id='line_1_32' title="bbox 354 4393 1892 4490; baseline 0 -22"><span class='ocrx_word' id='word_1_321' title='bbox 354 4397 389 4468; x_wconf 91' lang='lat' dir='ltr'><strong>et</strong></span> <span class='ocrx_word' id='word_1_322' title='bbox 415 4394 525 4468; x_wconf 89' lang='lat' dir='ltr'><strong>tribus</strong></span> <span class='ocrx_word' id='word_1_323' title='bbox 552 4393 633 4468; x_wconf 90' lang='lat' dir='ltr'><strong>filiis</strong></span> <span class='ocrx_word' id='word_1_324' title='bbox 660 4395 700 4470; x_wconf 92' lang='lat' dir='ltr'><strong>de</strong></span> <span class='ocrx_word' id='word_1_325' title='bbox 726 4395 922 4490; x_wconf 88' lang='lat' dir='ltr'><strong>Principatn</strong></span> <span class='ocrx_word' id='word_1_326' title='bbox 950 4395 1157 4472; x_wconf 82' lang='lat' dir='ltr'><strong>Graccuiensi</strong></span> <span class='ocrx_word' id='word_1_327' title='bbox 1184 4396 1320 4487; x_wconf 90' lang='lat' dir='ltr'><strong>eiectus,</strong></span> <span class='ocrx_word' id='word_1_328' title='bbox 1349 4396 1384 4470; x_wconf 95' lang='lat' dir='ltr'><strong>in</strong></span> <span class='ocrx_word' id='word_1_329' title='bbox 1410 4395 1647 4470; x_wconf 83' lang='lat' dir='ltr'><strong>Rathiboriam</strong></span> <span class='ocrx_word' id='word_1_330' title='bbox 1673 4418 1708 4471; x_wconf 92' lang='lat' dir='ltr'><strong>se</strong></span> <span class='ocrx_word' id='word_1_331' title='bbox 1735 4395 1892 4488; x_wconf 89' lang='lat' dir='ltr'><strong>contulit,</strong></span> 
     </span>
     <span class='ocr_line' id='line_1_33' title="bbox 353 4516 1902 4610; baseline 0.001 -20"><span class='ocrx_word' id='word_1_332' title='bbox 353 4516 466 4610; x_wconf 87' lang='lat' dir='ltr'><strong>ibique</strong></span> <span class='ocrx_word' id='word_1_333' title='bbox 492 4516 697 4591; x_wconf 88' lang='lat' dir='ltr'><strong>domicilium</strong></span> <span class='ocrx_word' id='word_1_334' title='bbox 725 4539 822 4592; x_wconf 93' lang='lat' dir='ltr'><strong>suum</strong></span> <span class='ocrx_word' id='word_1_335' title='bbox 859 4517 956 4591; x_wconf 88' lang='lat' dir='ltr'><strong>fixit:</strong></span> <span class='ocrx_word' id='word_1_336' title='bbox 994 4518 1080 4594; x_wconf 89' lang='lat' dir='ltr'><strong>unde</strong></span> <span class='ocrx_word' id='word_1_337' title='bbox 1115 4521 1150 4592; x_wconf 92' lang='lat' dir='ltr'><strong>et</strong></span> <span class='ocrx_word' id='word_1_338' title='bbox 1186 4541 1247 4593; x_wconf 84' lang='lat' dir='ltr'><strong>anx</strong></span> <span class='ocrx_word' id='word_1_339' title='bbox 1282 4523 1317 4592; x_wconf 93' lang='lat' dir='ltr'><strong>et</strong></span> <span class='ocrx_word' id='word_1_340' title='bbox 1352 4518 1472 4592; x_wconf 86' lang='lat' dir='ltr'><strong>ciuitas</strong></span> <span class='ocrx_word' id='word_1_341' title='bbox 1507 4517 1733 4594; x_wconf 71' lang='lat' dir='ltr'><strong>cracoviensis</strong></span> <span class='ocrx_word' id='word_1_342' title='bbox 1769 4519 1902 4610; x_wconf 90' lang='lat' dir='ltr'><strong>absque·</strong></span> 
     </span>
     <span class='ocr_line' id='line_1_34' title="bbox 267 4637 1892 4736; baseline 0.001 -23"><span class='ocrx_word' id='word_1_343' title='bbox 267 4675 269 4684; x_wconf 93' lang='lat'>·</span> <span class='ocrx_word' id='word_1_344' title='bbox 353 4640 443 4713; x_wconf 93' lang='lat' dir='ltr'><strong>omni</strong></span> <span class='ocrx_word' id='word_1_345' title='bbox 471 4637 673 4714; x_wconf 87' lang='lat' dir='ltr'><strong>difficultate</strong></span> <span class='ocrx_word' id='word_1_346' title='bbox 708 4642 743 4715; x_wconf 91' lang='lat' dir='ltr'><strong>et</strong></span> <span class='ocrx_word' id='word_1_347' title='bbox 777 4639 957 4716; x_wconf 88' lang='lat' dir='ltr'><strong>renitentia</strong></span> <span class='ocrx_word' id='word_1_348' title='bbox 993 4641 1164 4715; x_wconf 84' lang='lat' dir='ltr'><strong>Kauimiro</strong></span> <span class='ocrx_word' id='word_1_349' title='bbox 1199 4663 1258 4735; x_wconf 93' lang='lat' dir='ltr'><strong>per</strong></span> <span class='ocrx_word' id='word_1_350' title='bbox 1285 4639 1479 4735; x_wconf 89' lang='lat' dir='ltr'><strong>capitaneos</strong></span> <span class='ocrx_word' id='word_1_351' title='bbox 1512 4643 1548 4715; x_wconf 93' lang='lat' dir='ltr'><strong>et</strong></span> <span class='ocrx_word' id='word_1_352' title='bbox 1574 4639 1735 4715; x_wconf 89' lang='lat' dir='ltr'><strong>officiales</strong></span> <span class='ocrx_word' id='word_1_353' title='bbox 1761 4641 1892 4736; x_wconf 79' lang='lat' dir='ltr'><strong>Mpecn-</strong></span> 
     </span>
     <span class='ocr_line' id='line_1_35' title="bbox 352 4747 1891 4859; baseline 0 -23"><span class='ocrx_word' id='word_1_354' title='bbox 352 4761 416 4836; x_wconf 88' lang='lat' dir='ltr'><strong>slai</strong></span> <span class='ocrx_word' id='word_1_355' title='bbox 442 4764 523 4836; x_wconf 89' lang='lat' dir='ltr'><strong>sunt</strong></span> <span class='ocrx_word' id='word_1_356' title='bbox 550 4763 775 4856; x_wconf 87' lang='lat' dir='ltr'><strong>praesentata.</strong></span> <span class='ocrx_word' id='word_1_357' title='bbox 803 4763 947 4857; x_wconf 85' lang='lat' dir='ltr'><strong>Singula</strong></span> <span class='ocrx_word' id='word_1_358' title='bbox 973 4747 1224 4838; x_wconf 68' lang='lat' dir='ltr'><strong>deinde&#39;castra</strong></span> <span class='ocrx_word' id='word_1_359' title='bbox 1251 4765 1285 4836; x_wconf 90' lang='lat' dir='ltr'><strong>et</strong></span> <span class='ocrx_word' id='word_1_360' title='bbox 1316 4763 1519 4839; x_wconf 92' lang='lat' dir='ltr'><strong>munitiones</strong></span> <span class='ocrx_word' id='word_1_361' title='bbox 1546 4763 1581 4836; x_wconf 94' lang='lat' dir='ltr'><strong>in</strong></span> <span class='ocrx_word' id='word_1_362' title='bbox 1608 4761 1772 4837; x_wconf 82' lang='lat' dir='ltr'><strong>Kauimiri</strong></span> <span class='ocrx_word' id='word_1_363' title='bbox 1791 4786 1891 4859; x_wconf 91' lang='lat' dir='ltr'><strong>spon·</strong></span> 
     </span>
     <span class='ocr_line' id='line_1_36' title="bbox 351 4883 1892 4982; baseline 0.002 -24"><span class='ocrx_word' id='word_1_364' title='bbox 351 4887 387 4958; x_wconf 88' lang='lat' dir='ltr'><strong>te</strong></span> <span class='ocrx_word' id='word_1_365' title='bbox 407 4883 450 4979; x_wconf 90' lang='lat'><strong>¹¹)</strong></span> <span class='ocrx_word' id='word_1_366' title='bbox 476 4907 595 4960; x_wconf 84' lang='lat' dir='ltr'><strong>uenere</strong></span> <span class='ocrx_word' id='word_1_367' title='bbox 622 4883 836 4977; x_wconf 90' lang='lat' dir='ltr'><strong>deditionem,</strong></span> <span class='ocrx_word' id='word_1_368' title='bbox 865 4889 1064 4978; x_wconf 90' lang='lat' dir='ltr'><strong>tantumque</strong></span> <span class='ocrx_word' id='word_1_369' title='bbox 1091 4885 1202 4960; x_wconf 95' lang='lat' dir='ltr'><strong>odium</strong></span> <span class='ocrx_word' id='word_1_370' title='bbox 1229 4886 1407 4982; x_wconf 82' lang='lat' dir='ltr'><strong>llpecnslai</strong></span> <span class='ocrx_word' id='word_1_371' title='bbox 1433 4885 1535 4962; x_wconf 88' lang='lat' dir='ltr'><strong>Ducis</strong></span> <span class='ocrx_word' id='word_1_372' title='bbox 1561 4887 1597 4961; x_wconf 94' lang='lat' dir='ltr'><strong>in</strong></span> <span class='ocrx_word' id='word_1_373' title='bbox 1615 4885 1803 4982; x_wconf 86' lang='lat' dir='ltr'><strong>pectoribus</strong></span> <span class='ocrx_word' id='word_1_374' title='bbox 1822 4886 1892 4961; x_wconf 91' lang='lat' dir='ltr'><strong>sin-</strong></span> 
     </span>
    </p>
   </div>
   <div class='ocr_carea' id='block_1_3' title="bbox 351 5197 1894 5495">
    <p class='ocr_par' dir='ltr' id='par_1_3' title="bbox 351 5197 1894 5495">
     <span class='ocr_line' id='line_1_37' title="bbox 460 5197 1894 5290; baseline 0 -28"><span class='ocrx_word' id='word_1_375' title='bbox 460 5199 483 5280; x_wconf 76' lang='grc'><strong>1)</strong></span> <span class='ocrx_word' id='word_1_376' title='bbox 505 5205 654 5277; x_wconf 87' lang='lat' dir='ltr'><strong>pietatem.</strong></span> <span class='ocrx_word' id='word_1_377' title='bbox 681 5202 750 5263; x_wconf 78' lang='lat' dir='ltr'><strong>Cori.</strong></span> <span class='ocrx_word' id='word_1_378' title='bbox 773 5203 865 5263; x_wconf 75' lang='lat' dir='ltr'><strong>Reor.</strong></span> <span class='ocrx_word' id='word_1_379' title='bbox 903 5198 1089 5290; x_wconf 51' lang='lat' dir='ltr'><strong>beatudini</strong></span> <span class='ocrx_word' id='word_1_380' title='bbox 1116 5201 1185 5264; x_wconf 79' lang='lat' dir='ltr'><strong>Coei.</strong></span> <span class='ocrx_word' id='word_1_381' title='bbox 1212 5201 1293 5264; x_wconf 76' lang='lat' dir='ltr'><strong>Colo.</strong></span> <span class='ocrx_word' id='word_1_382' title='bbox 1332 5199 1356 5284; x_wconf 84' lang='lat'><strong>³)</strong></span> <span class='ocrx_word' id='word_1_383' title='bbox 1381 5203 1503 5264; x_wconf 89' lang='lat' dir='ltr'><strong>credens</strong></span> <span class='ocrx_word' id='word_1_384' title='bbox 1525 5203 1570 5264; x_wconf 90' lang='lat' dir='ltr'><strong>sui</strong></span> <span class='ocrx_word' id='word_1_385' title='bbox 1596 5203 1666 5266; x_wconf 81' lang='lat' dir='ltr'><strong>coe.</strong></span> <span class='ocrx_word' id='word_1_386' title='bbox 1693 5199 1774 5264; x_wconf 77' lang='lat' dir='ltr'><strong>suo.</strong></span> <span class='ocrx_word' id='word_1_387' title='bbox 1811 5197 1839 5280; x_wconf 85' lang='lat'><strong>⁴)</strong></span> <span class='ocrx_word' id='word_1_388' title='bbox 1862 5209 1894 5262; x_wconf 87' lang='lat' dir='ltr'><strong>et</strong></span> 
     </span>
     <span class='ocr_line' id='line_1_38' title="bbox 351 5303 1890 5388; baseline -0.001 -21"><span class='ocrx_word' id='word_1_389' title='bbox 351 5305 428 5368; x_wconf 83' lang='lat' dir='ltr'><strong>deest</strong></span> <span class='ocrx_word' id='word_1_390' title='bbox 450 5309 484 5367; x_wconf 78' lang='lat' dir='ltr'><strong>io</strong></span> <span class='ocrx_word' id='word_1_391' title='bbox 511 5307 581 5368; x_wconf 76' lang='lat' dir='ltr'><strong>doe.</strong></span> <span class='ocrx_word' id='word_1_392' title='bbox 605 5306 677 5368; x_wconf 74' lang='lat' dir='ltr'><strong>Aut.</strong></span> <span class='ocrx_word' id='word_1_393' title='bbox 710 5303 736 5385; x_wconf 71' lang='grc' dir='ltr'><strong>δ)</strong></span> <span class='ocrx_word' id='word_1_394' title='bbox 758 5309 796 5367; x_wconf 89' lang='lat' dir='ltr'><strong>ad</strong></span> <span class='ocrx_word' id='word_1_395' title='bbox 822 5306 892 5368; x_wconf 79' lang='lat' dir='ltr'><strong>Ood.</strong></span> <span class='ocrx_word' id='word_1_396' title='bbox 916 5309 1009 5368; x_wconf 76' lang='lat' dir='ltr'><strong>Roer.</strong></span> <span class='ocrx_word' id='word_1_397' title='bbox 1041 5304 1069 5388; x_wconf 74' lang='lat'><strong>⁶)</strong></span> <span class='ocrx_word' id='word_1_398' title='bbox 1093 5310 1222 5368; x_wconf 89' lang='lat' dir='ltr'><strong>simulet</strong></span> <span class='ocrx_word' id='word_1_399' title='bbox 1245 5309 1304 5368; x_wconf 80' lang='lat' dir='ltr'><strong>Ed.</strong></span> <span class='ocrx_word' id='word_1_400' title='bbox 1327 5308 1422 5369; x_wconf 86' lang='lat' dir='ltr'><strong>Dobr.</strong></span> <span class='ocrx_word' id='word_1_401' title='bbox 1455 5305 1480 5386; x_wconf 73' lang='grc'><strong>7)</strong></span> <span class='ocrx_word' id='word_1_402' title='bbox 1503 5309 1641 5370; x_wconf 86' lang='lat' dir='ltr'><strong>Gedeone</strong></span> <span class='ocrx_word' id='word_1_403' title='bbox 1664 5309 1801 5383; x_wconf 87' lang='lat' dir='ltr'><strong>episcopo</strong></span> <span class='ocrx_word' id='word_1_404' title='bbox 1820 5307 1890 5368; x_wconf 82' lang='lat' dir='ltr'><strong>Cod.</strong></span> 
     </span>
     <span class='ocr_line' id='line_1_39' title="bbox 351 5407 1891 5495; baseline 0.002 -24"><span class='ocrx_word' id='word_1_405' title='bbox 351 5410 442 5472; x_wconf 76' lang='lat' dir='ltr'><strong>Beer.</strong></span> <span class='ocrx_word' id='word_1_406' title='bbox 483 5407 509 5490; x_wconf 72' lang='grc'><strong>8)</strong></span> <span class='ocrx_word' id='word_1_407' title='bbox 532 5411 726 5484; x_wconf 84' lang='lat' dir='ltr'><strong>Gracoriensi,</strong></span> <span class='ocrx_word' id='word_1_408' title='bbox 749 5413 932 5486; x_wconf 86' lang='lat' dir='ltr'><strong>eaeterisque</strong></span> <span class='ocrx_word' id='word_1_409' title='bbox 957 5412 1027 5472; x_wconf 84' lang='lat' dir='ltr'><strong>Ood.</strong></span> <span class='ocrx_word' id='word_1_410' title='bbox 1051 5413 1142 5474; x_wconf 75' lang='lat' dir='ltr'><strong>Roer.</strong></span> <span class='ocrx_word' id='word_1_411' title='bbox 1181 5409 1208 5492; x_wconf 71' lang='grc'><strong>9)</strong></span> <span class='ocrx_word' id='word_1_412' title='bbox 1231 5411 1329 5474; x_wconf 85' lang='lat' dir='ltr'><strong>lavent</strong></span> <span class='ocrx_word' id='word_1_413' title='bbox 1354 5411 1423 5475; x_wconf 77' lang='lat' dir='ltr'><strong>dou.</strong></span> <span class='ocrx_word' id='word_1_414' title='bbox 1445 5414 1537 5474; x_wconf 75' lang='lat' dir='ltr'><strong>Beer.</strong></span> <span class='ocrx_word' id='word_1_415' title='bbox 1573 5411 1613 5495; x_wconf 85' lang='lat'><strong>¹⁰)</strong></span> <span class='ocrx_word' id='word_1_416' title='bbox 1635 5419 1721 5490; x_wconf 87' lang='lat' dir='ltr'><strong>atque</strong></span> <span class='ocrx_word' id='word_1_417' title='bbox 1742 5413 1891 5489; x_wconf 85' lang='lat' dir='ltr'><strong>gratulan-</strong></span> 
     </span>
    </p>
   </div>
   <div class='ocr_carea' id='block_1_4' title="bbox 351 5513 982 5600">
    <p class='ocr_par' dir='ltr' id='par_1_4' title="bbox 351 5513 982 5600">
     <span class='ocr_line' id='line_1_40' title="bbox 351 5513 982 5600; baseline 0.003 -20"><span class='ocrx_word' id='word_1_418' title='bbox 351 5523 407 5582; x_wconf 88' lang='lat' dir='ltr'><strong>tur.</strong></span> <span class='ocrx_word' id='word_1_419' title='bbox 430 5513 489 5578; x_wconf 81' lang='lat' dir='ltr'><strong>Ed.</strong></span> <span class='ocrx_word' id='word_1_420' title='bbox 512 5516 606 5578; x_wconf 85' lang='lat' dir='ltr'><strong>Dobr.</strong></span> <span class='ocrx_word' id='word_1_421' title='bbox 643 5514 683 5600; x_wconf 83' lang='grc'><strong>11)</strong></span> <span class='ocrx_word' id='word_1_422' title='bbox 705 5519 782 5580; x_wconf 85' lang='lat' dir='ltr'><strong>ultro</strong></span> <span class='ocrx_word' id='word_1_423' title='bbox 805 5515 864 5579; x_wconf 79' lang='lat' dir='ltr'><strong>Ed.</strong></span> <span class='ocrx_word' id='word_1_424' title='bbox 887 5517 982 5582; x_wconf 84' lang='lat' dir='ltr'><strong>Dobr.</strong></span> 
     </span>
    </p>
   </div>
   <div class='ocr_carea' id='block_1_5' title="bbox 0 0 2108 6281">
    <p class='ocr_par' dir='ltr' id='par_1_5' title="bbox 0 0 2108 6281">
     <span class='ocr_line' id='line_1_41' title="bbox 0 0 2108 6281; baseline 0 0"><span class='ocrx_word' id='word_1_425' title='bbox 0 0 2108 6281; x_wconf 95' lang='lat' dir='ltr'><strong> </strong></span> 
     </span>
    </p>
   </div>
  </div>
 </body>
</html>
