4208 6282
119 567 181 664 (Α.
201 567 249 646 D.
268 569 374 666 1163.)
484 559 488 570 ’
734 595 845 648 monn
872 595 1043 658 6666666.
1561 605 1568 618 ·
1607 575 1654 652 61

221 777 367 856 Foedere
402 783 437 857 et
472 779 668 874 iuramento,
706 784 793 876 quod
828 782 992 880 Georgius
1028 783 1306 860 Wlodimirouion
1343 783 1545 880 Kyovieusis
1580 784 1659 860 Dux

118 924 194 976 oum
219 901 393 978 Msonislao
419 901 626 980 Iszasleuioz
652 906 688 979 et
714 905 875 980 iratribus
909 905 980 981 suis
1008 890 1207 982 Wlodimiro
1235 909 1270 982 et
1297 907 1446 982 iaroslao
1467 905 1491 1002 't
1519 905 1657 1003 pepige-

118 1025 185 1116 rat,
214 1025 386 1118 temerato,
423 1027 549 1101 bellum
584 1025 704 1102 intulit
730 1027 780 1104 ei:
817 1052 883 1122 quo
910 1027 1068 1104 dimisere
1099 1053 1166 1103 non
1191 1029 1347 1120 audente,
1386 1028 1475 1124 apud
1510 1029 1659 1104 oestrum
1696 1098 1697 1106 ,

119 1144 393 1222 Wladimiriense
428 1147 538 1242 ipsum
574 1147 682 1244 eingit
717 1149 896 1225 obsidione.
941 1149 1085 1225 Fiebant
1112 1151 1223 1226 autem
1252 1173 1312 1246 per
1338 1171 1451 1226 omnes
1479 1148 1660 1238 obsidionis

119 1267 193 1344 dies
220 1291 354 1364 pugneo
380 1270 557 1346 horribiles
584 1271 672 1346 inter
689 1271 877 1349 obsidentes
904 1275 939 1348 et
965 1275 1125 1364 obsessos,
1154 1277 1189 1348 61
1205 1271 1380 1368 sanguinis
1399 1271 1537 1348 humaui
1555 1294 1658 1368 grau·

119 1389 174 1465 dis
198 1391 325 1484 offusio,
362 1393 563 1470 Polonorum
598 1393 782 1488 militibus,
820 1395 878 1488 qui
905 1395 940 1470 in
967 1395 1134 1471 Msanislai
1161 1395 1262 1470 Duois
1297 1397 1393 1471 erant
1420 1393 1595 1489 obsequiis,
1623 1417 1658 1470 e·

120 1511 242 1610 gregia
268 1513 415 1590 faoinora
449 1515 583 1592 assidue
610 1517 786 1593 edentibus
814 1518 848 1592 in
876 1517 1076 1610 obsidentes,
1113 1519 1148 1593 et
1173 1518 1362 1614 triumphos
1389 1519 1581 1612 frequentes
1607 1539 1659 1592 re-

119 1635 308 1711 ferentibus
342 1661 386 1713 on
421 1637 549 1714 iisdem.
594 1639 778 1716 Contentus
793 1639 822 1736 Ι1)
857 1644 969 1717 autem
1004 1643 1077 1716 eret
1117 1640 1282 1738 Georgius
1317 1642 1396 1715 Dux
1432 1662 1546 1736 paoem
1582 1639 1661 1716 dare

120 1757 308 1852 Msozislao,
335 1759 365 1834 si
391 1761 485 1836 illam
513 1764 626 1857 petere
652 1763 834 1852 voluisset3
864 1763 985 1839 sedeo
1012 1761 1189 1856 renitente,
1228 1764 1307 1839 dum
1339 1761 1425 1840 nibil
1453 1759 1660 1860 profecisset,

121 1881 240 1958 multis
267 1882 436 1964 nobilibus
462 1885 503 1962 16
528 1885 599 1964 6616
625 1885 768 1982 6616616,
797 1887 955 1964 66616666
981 1885 1016 1962 16
1043 1887 1148 1984 Kpou
1174 1885 1286 1964 rediit.

570 2247 776 2364 ANNUS
810 2247 1035 2364 DOMINI
1069 2247 1201 2364 163.

173 2499 389 2576 ladislanrun
415 2498 552 2576 diruitur
578 2505 612 2575 ’11
638 2501 710 2574 eolo
738 2505 902 2595 aequatur.
930 2500 1100 2576 wladislai
1127 2500 1234 2575 erulis
1260 2500 1330 2592 tilii,
1355 2501 1549 2593 inperatore
1576 2503 1611 2576 ot

347 2621 494 2716 praeibas
521 2627 556 2697 et
582 2623 679 2696 minis
705 2627 849 2716 argema
877 2624 1011 2700 eornlter
1037 2643 1059 2698 a
1085 2622 1212 2718 patruis
1239 2623 1442 2717 reeipiaotrr.

228 2863 406 2942 Obsidione
432 2887 534 2962 prope
560 2863 720 2943 triennali
746 2865 1005 2944 Mediolanensis
1031 2867 1111 2942 urbe
1137 2889 1158 2942 a
1184 2863 1354 2942 ll'riderioo
1379 2865 1586 2961 Imperatore
1612 2864 1664 2938 f-

121 2988 248 3085 tigata,
277 2989 367 3064 lame
393 2989 531 3084 insuper
556 2992 591 3065 et
617 3011 696 3064 neee
731 2989 901 3084 frequenti
931 3013 1065 3065 suorum
1092 2989 1127 3064 in
1154 2988 1225 3065 dies
1251 2987 1528 3080 oooumbeutium,
1556 2986 1664 3084 pluri·

119 3113 255 3203 busque
281 3109 359 3186 aliis
385 3109 602 3188 incommodis
627 3113 761 3205 renata,
789 3113 924 3188 tandem
950 3113 986 3186 vi
1013 3111 1146 3208 eapitur
1172 3113 1206 3188 et
1225 3113 1450 3206 expugnatur,
1479 3109 1664 3186 6616666-

119 3255 187 3326 ros,
219 3234 395 3326 turresque
421 3234 608 3330 Imperator
626 3234 714 3310 dirui
740 3237 775 3312 et
806 3237 888 3328 solo,
916 3257 953 3310 se
971 3233 1191 3331 inspeetante,
1220 3231 1394 3310 mandavit
1419 3232 1568 3326 aequari.
1594 3233 1666 3310 Meo

118 3353 272 3431 fortunis
299 3356 419 3449 solum,
444 3357 502 3432 661
528 3358 562 3431 61
588 3357 691 3433 saeris
717 3358 861 3454 spoliare
888 3359 1004 3434 urbem
1030 3357 1153 3434 vietam
1180 3377 1371 3452 aggressus,
1400 3377 1536 3451 eorpora
1561 3354 1666 3430 trium

118 3479 313 3574 Magorum,
342 3477 400 3572 qui
419 3479 599 3554 infantiam
616 3480 751 3556 Domini
769 3479 875 3556 nostri
901 3481 979 3556 Iesu
1001 3479 1126 3556 dhristi
1144 3477 1294 3556 venerati
1312 3479 1402 3570 sunt,
1422 3500 1482 3574 por
1503 3477 1665 3554 Senatum

118 3597 323 3696 Astorgium
351 3623 394 3676 ex
419 3601 710 3698 constantinopoli
745 3602 944 3679 miraeulose
979 3603 1145 3696 quondam
1171 3601 1208 3675 in
1235 3599 1459 3676 Mediolanum
1485 3600 1664 3694 translata,

120 3721 204 3798 item
234 3744 373 3818 corpora
398 3723 595 3800 Senatorum
621 3724 746 3800 Felieis
773 3727 807 3801 et
833 3723 987 3816 Naboris,
1024 3747 1084 3821 per
1109 3723 1327 3819 Rudolpbum
1354 3721 1584 3798 boloniensem
1612 3744 1666 3798 ar-

119 3843 375 3940 ehiepisoopum
401 3835 436 3920 in
463 3846 634 3922 Coloniam
661 3847 833 3922 mandavit
859 3847 980 3924 efferri.
1013 3845 1200 3922 Mediolano
1227 3847 1339 3921 autem
1368 3844 1489 3936 diruto,
1518 3845 1668 3920 caeterae

119 3965 346 4043 lombardiae
372 3969 407 4043 61
433 3967 571 4045 'luseiae
598 3971 706 4062 urbes,
735 3972 869 4066 praeter
895 3969 1045 4065 Papiam,
1074 3991 1168 4063 quae·
1186 3968 1258 4044 sola
1283 3967 1482 4063 Imperatori
1515 3968 1667 4063 parebat,

119 4089 156 4163 in
184 4088 393 4166 deditionem
419 4113 558 4182 venere;
595 4093 847 4187 Imperatorque
873 4091 1012 4168 viatoria
1048 4090 1176 4187 potitus
1202 4089 1375 4186 Principes
1401 4091 1437 4166 et
1462 4092 1581 4186 gentes
1607 4111 1669 4165 au·

118 4212 270 4287 61116666
297 4233 356 4307 pro
382 4211 500 4289 maiori
527 4216 624 4308 parte
651 4215 686 4288 in
713 4215 825 4290 domos
861 4213 1002 4307 remisit,
1039 4213 1236 4308 intorques
1263 4214 1298 4288 et
1323 4213 1501 4288 Boleslaus
1526 4213 1669 4288 Polouo-

117 4357 195 4409 rum
223 4335 318 4426 Dux,
357 4334 572 4430 spoliavisti
599 4359 620 4410 a
646 4359 682 4412 66
709 4335 884 4432 (ligantis,
924 4335 1203 4432 imperatoriaque
1229 4336 1315 4411 dona
1347 4335 1504 4428 referens,
1541 4355 1669 4410 remea·

119 4458 193 4531 bat.
222 4455 372 4552 Scripsit
398 4459 512 4532 autem
537 4457 728 4534 Friderious
754 4460 943 4554 Imperator
973 4459 1128 4535 Boleslao
1155 4456 1271 4553 Crispo
1298 4459 1499 4533 Polouorum
1525 4455 1611 4532 Duoi
1636 4457 1673 4532 et

119 4578 338 4670 Monarobae,
367 4578 504 4674 scripsit
530 4582 565 4655 61
590 4581 786 4676 1166666166,
815 4580 1026 4674 Henrieoque
1051 4579 1199 4655 Ducibus
1214 4579 1424 4672 Polouorum,
1448 4577 1580 4674 patruis
1599 4576 1671 4654 eius

120 4701 310 4798 germanis,
338 4700 374 4774 in
402 4701 549 4777 fauorem
575 4700 765 4799 boleslao
801 4703 931 4797 literas,
968 4703 1128 4778 virtutem
1164 4701 1236 4778 eius
1269 4723 1470 4798 magnopere
1506 4724 1671 4778 commen·

120 4823 218 4915 dans,
248 4824 370 4919 petens
397 4825 432 4898 et
457 4823 572 4920 vigore
598 4827 771 4919 pastorum
797 4847 910 4901 seeum
938 4825 1097 4901 initorum
1123 4823 1310 4920 requirens,
1338 4824 1377 4898 ut
1397 4823 1585 4919 praefatum
1604 4823 1671 4898 Bo-

119 4947 269 5022 leslaum
298 4946 334 5020 61
360 4945 483 5022 fratres
510 4967 587 5021 suos
615 4948 839 5043 Mpeonslaum
865 4951 900 5024 et
926 4947 1115 5023 cunradum
1142 4947 1184 5022 ad
1213 4968 1290 5022 suos
1317 4945 1532 5041 Prineipatue
1558 4945 1669 5022 6116-

118 5068 230 5144 minis
257 5065 490 5160 restituerent,
519 5069 717 5164 praesertim
744 5093 819 5146 oum
845 5073 941 5166 pater
967 5093 1079 5146 eorum
1097 5069 1307 5146 Wladislaus
1333 5092 1399 5144 non
1427 5067 1530 5143 exilio
1562 5068 1671 5142 solum

120 5192 299 5281 diuturno,
327 5189 387 5264 sed
414 5191 449 5264 et
475 5193 582 5267 morte
608 5193 719 5268 666166
746 5192 782 5266 16
809 5213 864 5269 666
890 5193 1074 5266 admissum
1101 5191 1285 5287 expiasset.
1329 5190 1400 5265 Neo
1426 5189 1537 5266 literis
1563 5191 1673 5265 solum

122 5315 318 5403 eontentus,
346 5311 449 5388 etiam
476 5313 624 5406 nuntios,
663 5315 720 5408 qui
747 5315 829 5390 haee
856 5314 1114 5410 ingeminarent
1144 5315 1179 5390 et
1206 5314 1235 5388 si
1262 5314 1437 5410 preesset
1464 5311 1672 5388 exhortatio-

234 5577 259 5660 1)
283 5577 399 5640 Isaslao
425 5575 493 5644 doe.
516 5577 608 5641 Roer.
647 5574 675 5657 ²)
697 5577 820 5644 Paratus
849 5574 918 5646 ooo.
941 5577 1032 5642 Roar.
1075 5573 1252 5656 ³)Bolealai
1274 5577 1335 5647 diti
1363 5573 1433 5638 061.
1456 5575 1547 5645 11666.
