4140 6298
126 518 396 628 (Λ.ῠ.1,246.)
731 541 843 598 arnan
867 540 1063 596 susumus.
1121 553 1125 580 ι
1594 519 1670 594 309

124 731 246 804 Dueem
273 728 491 823 Thuringiae,
512 727 787 823 cognominatum
809 727 923 822 Ruspe
942 727 978 822 ¹),
1008 726 1118 802 filium
1145 727 1264 802 beatae
1290 698 1468 804 Elisabeth
1495 725 1532 802 iu
1558 729 1673 824 Impe-

125 851 265 926 ratorem
291 850 437 946 eligunt.
465 850 526 926 Oui
554 849 708 926 aleetioni
738 849 852 925 obviat
878 852 913 924 et
940 850 1136 926 adversatur
1162 849 1337 925 Ouuradus
1363 847 1456 924 filins
1474 848 1674 946 Fridarieiff

124 971 339 1068 Imperatoris
365 971 527 1070 depositi,
557 993 655 1066 quem
685 972 782 1067 pater
808 973 888 1047 anta
915 970 951 1046 in
977 968 1137 1046 Almonis
1162 971 1292 1068 Regem
1319 969 1544 1048 ordinaverat.

124 1423 233 1504 Daniel
259 1426 479 1500 nausearum
505 1427 577 1502 nux
602 1427 636 1498 in
663 1427 781 1518 nagan
809 1427 850 1499 ab
878 1429 1016 1518 opizone
1043 1428 1164 1518 legato
1197 1425 1375 1498 lanvaenlii
1408 1425 1517 1520 quami
1543 1441 1674 1502 eorora-

363 1553 426 1638 tvrv,
453 1549 615 1642 episeopis
640 1549 741 1642 Regni
767 1551 927 1636 l’eloniaav
945 1549 1066 1624 ltnslra
1093 1547 1127 1620 id
1154 1545 1431 1622 dissuadentibus.

225 1826 424 1904 claritatem
452 1828 488 1902 el
506 1825 805 1920 praeeminentiam
834 1826 962 1921 regalis
988 1825 1135 1900 nominis
1162 1825 1265 1918 atque
1292 1823 1425 1920 fastigii
1452 1825 1575 1902 Daniel
1602 1825 1675 1900 Ru·

125 1949 301 2024 thanorum
336 1946 539 2042 Kpoviensis
574 1949 608 2021 et
643 1945 890 2022 Drohiaviensis
924 1949 1003 2020 Dux
1039 1949 1141 2040 atque
1176 1946 1359 2022 Monareba
1393 1949 1429 2021 et
1463 1945 1521 2039 qni
1549 1968 1608 2042 pre
1635 1967 1676 2022 aa

125 2071 326 2165 tempestate
353 2068 495 2158 divitiis,
525 2069 637 2158 terris,
666 2067 836 2164 gentibus,
867 2068 1057 2144 fastivitate
1084 2071 1119 2142 et
1137 2067 1305 2142 industria
1322 2067 1466 2162 pollens,
1495 2067 1585 2142 inter
1602 2067 1675 2142 Ru·

125 2192 301 2268 tlenemm
327 2190 503 2286 Principes
529 2191 691 2266 eelebrior
716 2190 916 2282 habebatur,
949 2191 1145 2286 adepturus,
1183 2189 1381 2284 intelligens
1407 2188 1589 2284 Opinonem
1615 2191 1675 2266 ab·
1825 2201 1829 2208 ’

128 2315 234 2390 batem
261 2314 303 2389 de
329 2314 467 2388 Merene
494 2312 707 2408 Apostolioae
734 2313 830 2388 Sedis
857 2314 1024 2408 Legatum
1041 2312 1068 2407 Β)
1095 2311 1268 2388 Poloniam
1288 2310 1472 2403 advenisse,
1500 2310 1677 2408 iargisqua

127 2435 348 2512 facultatibus
383 2435 578 2542 apostolicis
615 2435 803 2530 praeditum
831 2457 925 2525 esse,
963 2433 1075 2508 missis
1101 2434 1143 2508 ad
1172 2433 1269 2508 illum
1297 2432 1506 2507 notabilibus
1532 2432 1674 2524 nuntiis,
1766 2475 1768 2478 ν

128 2557 227 2634 aliam
255 2580 396 2634 munera
432 2579 574 2653 magnae
606 2556 846 2652 importantiae
882 2577 941 2651 per
977 2556 1056 2630 illos
1091 2555 1156 2630 sibi
1192 2554 1417 2647 transmittit,
1455 2535 1600 2651 rogans:
1637 2557 1677 2630 ut

128 2679 236 2775 ipenm
263 2679 301 2754 in
327 2679 564 2754 Duthenorum
598 2680 729 2775 Regem
764 2678 967 2754 auctoritate
1001 2676 1186 2772 apostoliea
1221 2677 1363 2768 evehat,
1401 2678 1537 2753 coronet
1573 2678 1677 2769 atqua

128 2800 290 2898 aaaron
328 2801 470 2876 efferens
504 2823 541 2877 sa
575 2823 652 2876 oum
687 2799 841 2882 omnibus
868 2801 1055 2875 Bassorum
1090 2799 1192 2876 terris
1228 2819 1310 2874 suae
1345 2797 1467 2874 ditioni
1503 2797 1704 2891 subiectis,

128 2923 328 3001 Dmeeorum
354 2923 425 2998 ritu
451 2922 622 3016 develieto,
651 2922 687 2997 in
705 2921 929 2998 obedientiam
948 2928 983 2997 et
1001 2921 1266 2998 communionem
1288 2918 1490 2997 universalis
1507 2919 1679 2998 Eeelesiae

128 3047 298 3122 Romanae
333 3047 369 3120 el
395 3045 449 3120 sui
476 3043 607 3120 Summi
641 3043 817 3121 Pontifieis
853 3043 1090 3135 transiturum,
1128 3045 1163 3118 et
1198 3045 1271 3118 tam
1305 3043 1541 3120 Ruthenorum
1576 3063 1679 3135 quarn

98 3165 270 3246 ‘niumm
296 3166 545 3244 datholieorum
580 3167 690 3244 terras
725 3189 746 3242 a
786 3167 1029 3250 Thartarorum
1065 3165 1238 3242 invasione
1272 3166 1429 3261 potenter
1464 3165 1499 3240 et
1527 3163 1680 3240 animose

130 3291 369 3385 proteoturnm.
400 3289 626 3364 Exhilaratus
647 3289 826 3366 admodum
854 3287 907 3362 his
935 3287 1079 3378 nuntiis,
1109 3303 1216 3379 eaque
1242 3286 1414 3382 legatione
1440 3285 1544 3382 Opino
1569 3287 1680 3382 lega·

130 3416 184 3487 tus
209 3411 435 3508 apostoliens,
464 3413 500 3487 et
526 3411 664 3487 eredens
690 3411 906 3486 vehementer
938 3411 1037 3486 rebus
1072 3408 1150 3484 fidei
1187 3411 1221 3484 et
1256 3394 1448 3504 religionis
1467 3406 1681 3486 Olrristianaa

130 3533 320 3625 eondueere,
348 3555 385 3608 se
412 3551 543 3627 quoque
569 3535 667 3609 beate
694 3535 729 3608 et
755 3524 1110 3627 felieiter'legationis
1136 3553 1216 3606 suae
1242 3529 1393 3605 efficium
1420 3529 1590 3605 obiturum
1627 3529 1679 3604 fo·
1804 3601 1805 3605 Ν

131 3678 174 3747 re,
202 3655 232 3731 si
257 3654 400 3731 Daniele
426 3654 643 3730 Drehienensi
671 3656 762 3730 Duae
778 3656 805 3750 ⁴)
842 3654 878 3729 in
904 3654 1141 3730 Rulhenorum
1176 3653 1306 3749 Regem
1341 3653 1466 3744 evento,
1503 3653 1619 3747 plures
1645 3653 1682 3728 at

132 3777 278 3874 insignes
305 3777 497 3874 provineiae
523 3780 627 3872 atque
649 3777 813 3873 regiones,
842 3776 1105 3852 innumerabiles
1139 3797 1271 3868 quoque
1289 3775 1433 3866 animae,
1461 3797 1505 3850 ex
1531 3773 1680 3870 ealigine

132 3900 321 3976 Rutheniea
347 3903 493 3995 ereptae,
522 3899 558 3974 in
585 3899 773 3976 catholieae
798 3899 878 3976 fidei
904 3899 1142 3974 reduearentur
1173 3896 1379 3992 puritatem:
1407 3895 1539 3971 nuntiis
1556 3895 1585 3990 6)
1611 3896 1681 3970 Da·

132 4022 227 4099 nielis
253 4022 358 4097 Dueis
394 4021 540 4118 benigne
575 4020 759 4118 appellatis
786 4023 821 4096 et
847 4023 930 4096 bene
966 4021 1007 4095 de
1042 4018 1177 4116 negotio
1213 4040 1294 4093 suae
1329 4017 1512 4114 legationis
1547 4039 1683 4113 sperare

126 4141 241 4246 iussis,
272 4145 352 4220 illos
378 4144 421 4218 ad
447 4142 622 4220 Danielem
649 4144 776 4220 Duaem
801 4141 966 4235 remittit,
1000 4141 1164 4236 pollioens
1199 4161 1236 4216 se
1272 4139 1464 4235 propediem
1500 4141 1681 4215 venturum

133 4267 167 4340 et
191 4266 303 4357 illum,
331 4264 361 4340 si
388 4265 558 4349 erroribus
593 4264 794 4340 Graecorum
832 4263 985 4353 desertis,
1013 4285 1127 4340 veram
1153 4261 1404 4338 Datholieemm
1417 4261 1447 4356 6)
1481 4259 1683 4358 religionem

134 4410 205 4462 eum
231 4387 334 4464 terris
359 4389 394 4462 et
422 4386 557 4482 populis
584 4385 655 4460 suis
682 4387 877 4480 complexus
906 4384 1020 4476 luerit,
1058 4383 1094 4458 in
1120 4384 1357 4459 Ruthenerum
1387 4383 1518 4478 Regem
1544 4403 1683 4458 eorona-

135 4510 256 4586 turum.
302 4511 349 4584 Et
375 4509 457 4585 liaet
483 4507 660 4603 pontifiees
695 4507 863 4598 Poleniae,
902 4509 938 4582 st
973 4505 1151 4601 signanter
1186 4505 1381 4582 Prandotha
1416 4502 1684 4580 Draeoviensium

133 4631 285 4722 andedos,
310 4629 510 4726 promissum
537 4633 609 4704 tam
636 4628 852 4707 temerarium
870 4627 1003 4704 Danieli
1031 4627 1117 4706 Duei
1135 4629 1170 4703 et
1188 4626 1260 4702 suis
1286 4625 1417 4703 nuntiis
1443 4628 1584 4719 fantum,
1612 4649 1684 4702 res-

135 4753 263 4830 oindere
291 4751 471 4848 Opinonem
498 4751 666 4848 Legatum
694 4751 915 4847 apostolieum
937 4749 1180 4844 multifariisD
1207 4749 1417 4844 argumentis
1445 4749 1686 4845 persuaderent

131 4875 273 4971 ¹(quippe
300 4873 358 4966 qui
386 4877 489 4969 probe
516 4876 674 4948 naturam
701 4877 736 4948 et
763 4895 871 4948 mores
897 4871 1051 4948 Danielis
1076 4871 1191 4962 Dueis,
1220 4875 1256 4948 et
1282 4873 1355 4947 sius
1380 4873 1519 4962 fluxam,
1535 4873 1683 4949 vafram-

136 5017 197 5089 que
222 4997 323 5072 fidem
349 4995 477 5091 optime
504 4995 734 5088 disserentes,
772 4997 863 5072 oerte
890 4994 1016 5070 eortius
1051 4993 1224 5087 seiebant,
1258 4993 1434 5070 Danielem
1459 4994 1586 5070 Duaem
1613 4992 1686 5068 suis

241 5291 267 5372 ι)
289 5295 371 5369 Aspe
397 5291 468 5356 Ood.
490 5293 584 5354 Roar.
623 5290 650 5370 1’)
672 5291 841 5353 Fridan'eus
864 5292 942 5352 filins
966 5290 1094 5352 Cunnadi
1120 5289 1192 5352 Ged.
1214 5287 1287 5351 Aret.
1312 5286 1339 5367 8)
1363 5289 1520 5365 opinonem
1542 5289 1686 5363 Legatum

131 5397 328 5470 ,apostolieum
350 5399 382 5458 in
408 5397 479 5459 Ood.
502 5399 595 5458 Roar.
628 5392 655 5476 ι)
677 5397 801 5458 Daniele
823 5397 1025 5458 Ruthanorum
1047 5396 1184 5470 Principe
1209 5393 1280 5457 eod.
1304 5395 1396 5458 Dour.
1435 5389 1462 5472 ι)
1483 5393 1587 5472 Itaque
1611 5411 1685 5458 aun·

142 5501 188 5566 tiis
212 5501 282 5570 God.
305 5503 398 5570 Roar.
438 5499 663 5588 ⁸)catholieam
690 5499 761 5571 Ded.
785 5501 877 5570 Rosr.
920 5497 948 5587 ⁷)
970 5501 1070 5568 multis
1093 5500 1153 5567 Dal.
1176 5498 1263 5582 Lipa.
