4192 6272
145 535 209 629 (Α.
230 535 276 612 D.
296 534 419 631 1284.)
764 561 876 612 annun
902 561 1095 614 susumus.
1478 609 1482 624 ,
1623 547 1699 620 475

144 745 327 842 episcopus
345 745 638 823 Wratislavieusis
657 747 861 841 provisurus,
890 748 1048 824 honestos
1068 749 1205 824 nuntios
1231 771 1274 824 ex
1302 749 1466 844 praelatis
1492 753 1528 825 st
1554 750 1699 826 deuoui-

143 870 196 943 cis
221 867 560 944 Wratislavieusibus
586 869 628 944 ad
655 868 839 944 Henricum
866 871 992 944 Ducem
1020 869 1334 946 wratislaviensem
1362 871 1482 963 mittit,
1512 895 1571 967 pro
1599 872 1698 948 vesti·

142 989 279 1064 tutione
306 991 464 1064 benorum
490 987 651 1065 ecclesiae
677 993 864 1084 rogaturos.
894 991 959 1080 Qui
986 991 1051 1065 etsi
1079 990 1244 1066 submissa
1279 993 1315 1067 et
1352 991 1528 1067 humiliter
1554 993 1698 1088 legatio·

145 1133 223 1184 nem
250 1133 347 1185 suam
375 1109 428 1184 illi
455 1109 725 1201 denuntiassent,
754 1113 936 1205 superbum
963 1113 1077 1186 tanuen
1104 1116 1139 1186 ct
1166 1112 1332 1186 minarum
1353 1113 1490 1207 plenum
1508 1114 1701 1188 retulerunt

145 1253 357 1326 responsum.
384 1231 479 1306 Missi
507 1233 543 1306 et
569 1231 642 1321 alii,
671 1231 821 1323 itemque
848 1231 928 1323 alii,
967 1254 1043 1306 eum
1080 1233 1114 1306 in
1149 1235 1263 1308 eodum
1300 1233 1477 1328 superbiae
1512 1236 1548 1310 et
1574 1235 1698 1310 luroris

146 1359 264 1428 tenore
293 1354 440 1447 perstare
467 1354 591 1429 Ducem
628 1353 813 1428 Henricum
853 1354 1116 1444 monstrassent,
1153 1355 1196 1428 ad
1232 1357 1420 1430 extremum
1456 1355 1601 1430 Thomas
1629 1356 1702 1451 ipsc

145 1473 443 1550 Wratislavieusis
468 1473 655 1568 episcopeo,
684 1475 726 1548 ad
755 1473 982 1569 mitigandum
1010 1497 1144 1550 suevum
1172 1477 1206 1549 et
1228 1477 1355 1550 trucem
1375 1475 1536 1567 animum,
1558 1475 1606 1551 ire
1626 1498 1701 1573 par·

146 1596 213 1689 git.
243 1596 307 1670 Sed
335 1618 355 1668 a
381 1596 472 1670 Duce
498 1595 655 1685 Henaton,
685 1595 838 1686 quamvis
865 1595 987 1671 blande
1013 1599 1252 1671 etrnunsuato
1279 1619 1393 1691 preces
1420 1597 1529 1671 iustas
1557 1597 1701 1692 ingemi·

147 1718 275 1804 namet,
304 1714 457 1808 asperius
484 1717 634 1805 obrutus,
663 1716 783 1790 Iacobo
811 1717 947 1790 Svinlm
981 1715 1169 1791 Gnosnensi
1197 1715 1447 1810 archiepiscopo
1483 1740 1542 1792 suo
1580 1719 1701 1792 metro·

147 1837 303 1932 politauo
331 1859 390 1930 per
416 1835 535 1910 literas
562 1838 597 1909 et
624 1836 761 1911 nuntios
801 1859 880 1910 suas
907 1840 942 1912 et
967 1836 1127 1912 ecclesiae
1162 1859 1243 1912 suae
1261 1837 1573 1913 .Wratislaviousis
1609 1859 1701 1931 pres·

146 1979 259 2048 suras,
289 1957 510 2052 provisionem
538 1958 707 2053 flagitans,
737 1957 885 2032 intimat.
913 1957 975 2051 Qui
995 1957 1246 2032 calamitatibus
1263 1957 1423 2034 ecclesiae
1440 1958 1701 2035 Wratislavieu-

146 2078 196 2152 sis
224 2080 365 2172 paterno
392 2081 426 2152 et
452 2077 598 2174 benigno
626 2081 747 2154 affectu
774 2101 975 2172 compassus,
1007 2101 1064 2172 pm
1092 2101 1188 2152 saera
1223 2079 1492 2173 Epiphaniarum
1528 2079 1582 2153 die
1619 2079 1700 2153 anni

149 2198 388 2290 subsequentis
427 2199 665 2292 (nequeenim
706 2199 867 2294 temporis
903 2199 1053 2291 qualitas
1088 2201 1230 2275 celerius
1266 2199 1460 2294 patiebatur
1496 2223 1566 2274 rena
1602 2200 1703 2294 obiri)

149 2320 324 2416 Synodum
353 2320 591 2415 provincialem
617 2319 792 2395 Lanciciae
819 2320 982 2406 instituit,
1011 2323 1046 2395 et
1071 2345 1185 2397 omues
1214 2321 1434 2415 provinciales
1451 2319 1663 2415 eodpisccpos
1675 2321 1698 2413 ¹)

149 2441 193 2514 ad
221 2439 319 2514 illam
347 2439 516 2532 invitavit,
545 2443 616 2515 bru
644 2439 833 2516 detestabili
861 2440 909 2513 rei
936 2443 979 2515 ab
1006 2441 1152 2517 Henricu
1179 2441 1453 2518 wratislaviensi
1479 2441 1570 2516 Duce
1599 2440 1698 2516 moli·

150 2565 219 2653 tae,
250 2584 292 2638 no
319 2562 354 2635 iu
381 2563 536 2638 effectum
563 2551 765 2658 procederet,
794 2583 1003 2638 occursurus

536 2931 570 3002 ln
598 2930 724 3020 tugano
752 2927 869 3020 oppido
897 2928 1129 3002 munerarium
1156 2925 1318 3000 mutatur.

258 3170 385 3263 Quarto
412 3167 539 3244 decime
566 3167 730 3244 delendas
757 3165 847 3240 Iunii
865 3165 1102 3242 ,Praemislaus
1129 3165 1379 3261 Sproteviensis
1406 3167 1496 3256 Dux,
1517 3165 1551 3240 in
1571 3168 1705 3260 Zogano

152 3291 277 3386 oppido
304 3289 406 3364 sortis
433 3311 513 3365 suae
540 3289 779 3364 monasterium
806 3287 933 3363 ordinis
949 3343 1078 3362 .....
1087 3288 1127 3381 ²),
1155 3288 1196 3362 ad
1225 3288 1422 3383 petitionem
1448 3289 1484 3362 et
1503 3285 1705 3361 instantiam

150 3409 288 3486 Alberti
314 3410 451 3505 plebani
477 3409 693 3506 Zegaueusis,
723 3409 844 3485 fundat
870 3413 906 3486 et
931 3409 1045 3506 erigit,
1074 3411 1110 3484 ot
1135 3408 1336 3505 condignam
1355 3409 1409 3482 illi
1429 3408 1539 3483 dotem
1558 3407 1599 3482 de
1612 3405 1705 3483 villis

12 3595 15 3604 .
153 3536 190 3608 et
217 3531 413 3608 introitibus
439 3531 616 3608 ducalibus
643 3531 800 3627 largitur.

151 3896 339 3972 annuarum
366 3837 519 3988 laniator
545 3897 695 3970 trucciae
722 3897 861 3987 eligitur,
888 3896 943 3988 qui
971 3895 1142 3968 saracenis
1169 3913 1190 3968 a
1217 3893 1353 3968 civitate
1366 3893 1470 3966 tueor
1490 3891 1646 3984 deputata,
1664 3909 1707 3964 ax

408 4021 504 4091 tenna
531 4021 653 4092 Sancta
680 4035 839 4106 reverens,
866 4017 972 4090 ordini
1000 4021 1034 4090 et
1061 4015 1169 4089 eltuto
1197 4034 1257 4088 auo
1284 4015 1457 4088 renuntiat

262 4260 395 4333 Mortuo
422 4259 622 4353 Manegoldo
649 4258 894 4332 Oruciferonum
921 4256 1106 4351 Magistro,
1144 4255 1335 4329 Buroardus
1374 4253 1415 4328 de
1442 4252 1605 4327 Suaudeu
1632 4273 1706 4324 sur·
1846 4301 1849 4309 -

156 4382 311 4477 rogatur.
339 4379 403 4474 Qui
430 4379 525 4454 illius
552 4379 733 4473 probitatis
760 4377 907 4468 exstitit,
937 4380 975 4452 ut
993 4377 1095 4452 etiam
1113 4375 1243 4451 civitati
1263 4375 1374 4450 Aocou
1394 4374 1427 4448 iu
1448 4374 1551 4448 Terra
1583 4373 1709 4448 Sancta

156 4502 320 4578 diuturna
346 4501 537 4576 obsessione
563 4499 762 4576 Saracenica
789 4497 967 4589 laboranti,
996 4497 1146 4592 depulsis
1182 4496 1345 4587 barbaris,
1371 4496 1591 4570 succurreret.
1629 4495 1711 4568 Post

157 4647 283 4720 paucos
309 4645 386 4698 voro
413 4622 484 4718 dies
511 4622 551 4698 de
587 4621 708 4712 efficio,
736 4620 915 4695 Fratribus
941 4618 1165 4710 nequicquam
1202 4617 1301 4692 flexis
1328 4616 1472 4712 genibus
1498 4614 1709 4710 rogantibus,

157 4745 248 4822 avadit
274 4746 310 4820 et
337 4743 592 4818 Iohannitarum
629 4743 778 4818 ordinem
805 4739 968 4816 assumit:
997 4739 1032 4814 in
1061 4763 1127 4831 quo
1154 4761 1272 4834 parum
1303 4737 1437 4833 provide
1464 4738 1500 4811 et
1517 4732 1711 4832 gravitar³)

158 4866 310 4956 habitus,
349 4864 497 4940 officium
524 4864 560 4939 in
587 4863 725 4938 Prussia
752 4865 903 4959 repetere
930 4864 1082 4954 conatus,
1111 4861 1281 4955 repulsam
1309 4880 1428 4955 passus
1454 4859 1518 4934 ost.
1547 4859 1589 4932 ln
1616 4855 1712 4932 cuius

157 4989 269 5064 lecum
296 4986 422 5062 Memor
437 4986 465 5080 ⁴)
492 4985 532 5061 de
559 4984 807 5081 Queriuvcrth,
835 4983 973 5060 natione
1000 4983 1099 5073 Sauo,
1128 4980 1360 5056 substituitur.

271 5263 294 5345 ¹)
318 5267 472 5342 episcopos
498 5265 570 5329 Geel.
594 5267 685 5328 Rear.
717 5263 744 5343 ⁹)
767 5265 948 5340 Daetpaote'o
980 5263 1099 5323 ordinis
1128 5259 1275 5334 (uidelicet
1302 5259 1514 5321 canonicorum
1536 5256 1714 5331 regularium

164 5373 195 5433 S.
218 5366 389 5452 Augustini)
412 5371 547 5432 decutio
569 5366 708 5432 omnibus
735 5368 805 5431 Oed.
830 5365 858 5445 ³)
880 5385 982 5443 parum
1005 5365 1124 5442 gravide
1147 5371 1177 5426 et
1192 5366 1313 5441 provide
1339 5363 1409 5426 coa.
1433 5364 1527 5424 Resr.
1551 5356 1578 5438 ⁴)
1599 5360 1714 5421 Mamer

169 5476 242 5544 (lod.
266 5476 358 5545 Rota
382 5469 540 5556 (Meyuer).
