4162 6288
393 505 469 578 428
995 525 1107 576 arnna
1133 523 1328 576 sarsurus.
1666 497 1941 594 (Α.Ι).1273.)
2048 585 2052 590 ,

397 711 562 786 Pudicam
589 711 735 786 securior
761 711 860 800 esset,
890 710 1077 784 affinitates
1104 712 1139 784 st
1165 709 1342 799 connubia,
1369 709 1543 784 ecclesiam
1570 731 1666 782 suam
1691 709 1942 786 cranemerae

395 833 567 908 rarissime
594 831 811 922 officientem,
848 834 883 906 et
909 835 1094 908 conventus
1121 833 1302 905 nonnullos
1334 854 1409 905 cum
1446 830 1614 905 militibus
1641 833 1737 925 rapto
1764 833 1825 904 aut
1851 832 1944 906 furto

396 954 506 1028 virere
523 953 770 1042 assuetie,·aut
789 952 922 1026 iudiciis
942 953 1123 1043 damnatis,
1151 953 1207 1025 vel
1236 975 1311 1026 aere
1337 952 1448 1025 alieno
1475 951 1638 1046 gravatis
1666 955 1836 1045 agentem,
1864 952 1945 1026 Dux

396 1076 573 1150 Boleslaus
600 1076 655 1148 vel
682 1075 842 1168 capiendo
869 1076 923 1148 rel
950 1073 1131 1164 exiliando,
1162 1074 1373 1168 restinguere
1400 1074 1604 1148 decreuerat.
1643 1073 1752 1146 Erant
1778 1075 1814 1146 et
1840 1073 1943 1166 pleri·

397 1219 462 1287 que
489 1196 616 1270 milites
641 1197 796 1270 Boleslao
824 1196 948 1270 Pudice
976 1198 1096 1290 suapte
1132 1195 1267 1285 indensi,
1306 1196 1394 1285 quod
1430 1195 1592 1285 quosdam
1629 1195 1763 1268 illorum
1799 1215 1860 1288 pro
1886 1193 1944 1268 de·

398 1316 539 1406 meritis,
569 1317 664 1390 bonis
691 1316 934 1404 haereditariis,
973 1317 1131 1408 quosdam
1159 1316 1279 1409 capite,
1309 1316 1489 1388 nonnullos
1517 1337 1646 1388 carcere
1672 1317 1707 1388 st
1745 1313 1946 1407 captivitate

398 1439 631 1512 mulctaverat.
677 1437 888 1511 Rebellaturi
917 1437 1031 1526 itaque
1067 1438 1222 1510 Boleslao
1249 1437 1375 1510 Pudice
1402 1458 1461 1510 suo
1488 1436 1573 1509 Duci
1600 1437 1635 1510 et
1661 1434 1860 1509 seditionem
1884 1435 1945 1510 ad-

398 1581 514 1633 versus
550 1559 648 1631 illum
683 1561 786 1651 atque
820 1560 948 1633 bellum
983 1557 1176 1647 excitaturi,
1213 1558 1441 1632 Wladislaum
1477 1557 1689 1650 Opoliensem
1725 1556 1851 1630 Ducem
1887 1578 1946 1649 per

398 1681 534 1754 nuntios
562 1683 688 1754 secrete
715 1679 860 1772 primum
888 1679 1103 1768 conveniunt,
1132 1681 1166 1752 et
1193 1679 1263 1752 suis
1290 1677 1544 1772 gravaminibus
1570 1678 1624 1750 illi
1651 1676 1827 1770 expositis
1856 1679 1892 1750 et
1909 1698 1947 1749 so

399 1801 608 1894 praesertim,
637 1801 724 1891 quod
752 1799 823 1872 illis
851 1799 1052 1874 inconsultis
1078 1801 1113 1873 et
1140 1799 1429 1887 dissentientibus,
1458 1799 1635 1872 Boleslaus
1662 1796 1809 1870 Pudicus
1827 1796 1946 1870 Draco·

398 1921 524 1996 niensis
550 1924 585 1995 et
612 1919 893 1995 Sandomiriensis
919 1922 997 1994 Dux
1017 1922 1040 2014 ¹)
1081 1920 1145 1994 sibi
1169 1942 1391 1994 successorem
1417 1921 1620 1994 Lestlronem
1648 1917 1794 2011 Nigrum
1820 1919 1948 1993 Ducem

399 2043 636 2132 Siradiensem,
666 2043 854 2135 Principem
873 2043 922 2116 eis
940 2043 1125 2136 ingratum,
1153 2042 1343 2132 destinarit,
1373 2041 1575 2114 deditionem
1603 2041 1655 2112 illi
1683 2043 1848 2114 terrarum
1867 2040 1947 2114 Dra-

399 2163 562 2238 coriensis
589 2165 624 2236 et
651 2162 933 2238 Sandomiriensis
960 2164 1115 2252 offerunt,
1147 2163 1332 2256 precantes,
1362 2166 1401 2235 ut
1428 2162 1524 2235 illam
1551 2185 1617 2235 non
1645 2163 1773 2234 abnuat
1800 2160 1949 2253 suscipe-

398 2307 444 2374 re,
473 2282 605 2378 gratius
632 2285 742 2376 ipsum
778 2305 878 2374 qnam
911 2285 1115 2357 Leatlmnem
1152 2283 1296 2376 Nigrum
1324 2283 1359 2354 in
1386 2283 1512 2356 Ducem
1538 2286 1574 2356 et
1600 2281 1770 2355 dominum
1811 2283 1948 2374 proptor

398 2405 523 2478 multos
551 2406 721 2496 respectus
748 2406 783 2477 et
810 2405 1032 2492 vicinitatem,
1061 2403 1367 2495 connexionemque
1409 2405 1575 2476 terrarum
1611 2403 1646 2474 et
1672 2401 1845 2476 commoda
1871 2401 1949 2476 inde

400 2525 587 2616 sequentia,
616 2523 779 2598 habituri.
825 2525 947 2597 Eletus
973 2525 1036 2598 hac
1062 2523 1231 2598 deditione
1257 2527 1293 2598 et
1319 2523 1488 2597 oblatione
1524 2522 1731 2596 Wladislaus
1758 2521 1949 2614 Opoliensis

399 2648 489 2736 Dux,
517 2668 592 2720 eam
620 2667 739 2739 parum
767 2645 972 2720 deliberatus
998 2646 1163 2738 acceptat,
1191 2666 1331 2738 sperans
1349 2665 1385 2717 se
1401 2643 1628 2718 Dracoriensis
1646 2645 1681 2717 et
1699 2641 1948 2716 Sandomirien-

400 2767 447 2840 sis
473 2768 664 2842 Ducatuum
691 2767 887 2857 dominium,
928 2768 964 2840 et
989 2767 1126 2860 propter
1154 2765 1300 2840 Boleslai
1337 2765 1453 2839 Pudici
1475 2763 1593 2838 ‘Ducis
1628 2763 1808 2838 orbitatem
1834 2764 1870 2839 et
1895 2785 1948 2837 ss-

401 2888 506 2978 nium‚
535 2911 600 2980 quo
619 2887 811 2982 propediem
831 2887 1013 2962 moriturus
1031 2887 1276 2977 destinabatur,
1305 2886 1399 2960 facili
1427 2885 1561 2980 negotio
1579 2886 1824 2960 assecutumm.
1852 2885 1948 2958 llan-

401 3009 461 3084 dct
487 3030 618 3102 quoque
644 3008 916 3083 Dracouiensibus
942 3011 978 3083 et
1004 3007 1330 3082 Sandomiriensibus
1358 3006 1535 3096 militibus,
1564 3007 1604 3078 ut
1630 3005 1673 3078 ad
1700 3027 1735 3079 se
1762 3005 1949 3098 personali-

401 3131 454 3204 ter
482 3151 541 3222 pro
568 3129 621 3204 die
648 3132 737 3204 certo
765 3129 800 3204 in
827 3129 979 3223 Opoliam
1009 3128 1158 3219 veniant,
1187 3128 1392 3202 deditionem
1419 3128 1525 3222 ipsam
1554 3126 1767 3200 iureiurando
1786 3127 1822 3200 et
1839 3124 1951 3199 literis

402 3249 581 3324 firmaturi.
609 3248 662 3323 Ad
689 3272 759 3324 rem
786 3249 903 3341 itaque
930 3249 1122 3324 huimnodi
1148 3249 1421 3342 componendam,
1449 3249 1491 3322 do
1508 3246 1648 3322 consilio
1675 3249 1710 3319 et
1731 3267 1834 3320 suasu
1853 3267 1948 3340 prae-

402 3371 484 3444 dicti
512 3370 610 3444 Pauli
636 3371 865 3447 cracoviensis
900 3369 1059 3464 episcopi,
1098 3370 1133 3443 in
1161 3391 1297 3444 numero
1332 3368 1513 3460 frequenti,
1550 3369 1585 3440 et
1612 3368 1682 3442 lere
1709 3365 1801 3440 omni
1827 3369 1950 3440 suaet

319 3479 322 3484 ’
402 3513 537 3565 suorum
566 3492 717 3585 potentia
743 3492 963 3584 (invasionem
990 3491 1080 3566 enim
1106 3515 1127 3562 a
1152 3493 1244 3566 Duce
1271 3491 1426 3566 Boleslao
1453 3489 1578 3564 Pudico
1605 3511 1641 3562 re
1667 3486 1853 3582 plurimum
1874 3489 1949 3562 111]-

403 3615 485 3706 gata
512 3614 725 3706 verebantur)
753 3613 933 3706 progressi,
970 3634 1077 3703 usquo
1104 3611 1139 3685 in
1166 3611 1331 3706 Bogehim
1366 3611 1485 3684 villam
1522 3610 1756 3683 monachorum
1788 3631 1949 3702 pervene-

403 3735 492 3822 rant,
520 3732 578 3805 ubi
605 3733 683 3805 illos
710 3734 857 3806 Boleslai
894 3733 1011 3806 Pudici
1045 3733 1148 3806 Ducis
1182 3732 1351 3807 exercitus
1386 3753 1429 3805 ex
1456 3729 1666 3806 curiensibus
1703 3728 1870 3803 militibus
1909 3731 1945 3803 et

403 3853 584 3942 nobilibus,
613 3854 670 3946 qui
699 3855 797 3928 tidem
825 3855 909 3928 Duci
937 3877 997 3928 suo
1025 3853 1223 3947 promissam
1258 3855 1422 3927 temerare
1458 3851 1599 3945 impium
1636 3851 1804 3926 ducebant
1829 3852 1865 3924 et
1891 3873 1949 3923 no-

404 3973 528 4046 tarium
543 3973 582 4065 ²),
620 3972 674 4048 dis
700 3975 840 4048 Veneris
875 3975 1001 4069 Quarto
1036 3975 1151 4048 Nonas
1186 3973 1277 4047 Iunii
1314 3972 1541 4064 consequitur.
1587 3971 1646 4046 Fit
1680 3970 1796 4062 itaque
1831 3971 1950 4043 durum

403 4097 572 4168 certamen
590 4094 680 4168 inter
698 4097 865 4187 utrosque,
894 4097 930 4170 et
956 4099 1026 4168 mm
1054 4117 1170 4188 pugna
1196 4093 1300 4167 atroci
1319 4095 1485 4168 certatum
1512 4095 1590 4192 est,
1605 4095 1644 4166 ut
1670 4092 1739 4165 lere
1766 4112 1863 4165 nemo
1881 4091 1952 4164 loco

404 4213 564 4300 cesserit;
594 4217 844 4308 propterquod
872 4215 972 4288 multi
1000 4215 1159 4289 mortales
1185 4217 1228 4288 ab
1255 4217 1398 4304 utmque
1427 4215 1523 4306 parte
1549 4211 1648 4301 caesi,
1677 4232 1792 4286 omnes
1819 4211 1952 4304 pectore

405 4335 554 4425 adverso,
584 4336 657 4408 loca
684 4357 769 4426 quas
797 4339 965 4429 ceperant,
1005 4335 1128 4410 mortui
1156 4337 1374 4428 occupabant.
1421 4336 1517 4408 Inter
1545 4333 1749 4408 desideratos
1776 4331 1950 4405 Ssantbo·

404 4455 497 4528 slaus
524 4455 616 4528 filius
642 4456 849 4545 Wlodimiri,
878 4457 1100 4531 Rathiborius
1126 4457 1333 4530 castellanus
1372 4456 1412 4530 de
1439 4457 1565 4529 Lukow
1597 4456 1633 4529 et
1658 4453 1719 4526 alii
1747 4453 1863 4547 plures
1889 4475 1949 4525 nu-

405 4576 523 4648 merati
552 4577 643 4648 sunt.
688 4577 795 4651 Gessit
830 4582 944 4652 tamen
982 4578 1147 4652 militibus
1183 4577 1331 4652 Boleslai
1358 4576 1510 4671 victoria,
1543 4575 1625 4650 licet
1659 4598 1727 4649 non
1763 4574 1949 4648 incruenta.

404 4697 506 4768 Pauci
536 4697 592 4786 qui
621 4701 807 4785 evaserant,
836 4701 878 4771 ad
905 4699 1133 4774 Wladislaum
1169 4698 1382 4791 Opoliensem
1417 4699 1542 4770 Ducem
1579 4699 1661 4790 luga
1698 4717 1734 4768 se
1770 4693 1948 4788 recipiunt.

405 4815 469 4888 Sed
482 4866 484 4873 -
497 4817 573 4907 post
599 4815 773 4890 victoriam
815 4820 849 4891 et
876 4818 911 4891 in
939 4819 1030 4892 vivos
1057 4821 1092 4892 et·
1120 4819 1155 4890 in
1183 4817 1388 4892 desideratos
1414 4819 1557 4892 rebelles
1585 4839 1643 4909 per
1670 4816 1864 4890 Boleslaum
1883 4815 1950 4887 Du·

404 4957 475 5008 cem
502 4935 772 5011 animadversum
799 4940 862 5028 est,
891 4939 925 5013 et
954 4941 1039 5012 bona
1065 4961 1178 5011 eorum
1215 4938 1352 5032 singula
1386 4938 1580 5028 confiscata,
1607 4938 1642 5010 et
1668 4937 1730 5009 aut
1756 4935 1875 5009 usibus
1897 4936 1951 5008 at·

404 5055 534 5128 tributa
560 5057 746 5148 ducalibus,
789 5061 850 5130 aut
876 5058 1058 5132 victoribus
1084 5058 1279 5132 distributa.
1312 5060 1488 5132 Extabant
1513 5060 1548 5132 et
1575 5057 1663 5131 aliae
1690 5055 1801 5149 magis
1828 5053 1950 5149 princi-

405 5177 509 5268 pales,
540 5176 713 5271 magisque
741 5181 901 5273 urgentes
928 5181 964 5254 et
989 5177 1144 5254 verificae
1182 5178 1385 5253 seditionum
1419 5199 1560 5252 causae:
1589 5175 1836 5253 calumniarum
1861 5175 1948 5250 enim

516 5437 541 5517 ¹)
564 5441 631 5500 Dux
654 5441 732 5501 deest
754 5444 787 5501 io
814 5439 884 5501 Ood.
908 5439 982 5501 Aut.
1023 5437 1051 5523 ²)
1076 5441 1197 5518 impium
1220 5445 1250 5500 et
1271 5438 1354 5500 netes
1376 5439 1530 5512 ducebant,
1558 5441 1700 5500 collectus
1724 5437 1795 5502 Ded.
1817 5439 1906 5500 Beer.
