4208 6282
158 534 216 632 (Α.
236 532 284 610 D.
305 534 409 632 1170.)
778 518 889 610 mena
915 555 1067 640 saxeus,
1648 539 1693 610 91

159 744 317 838 Quisnam
344 745 391 820 sit
409 745 501 820 filius
526 744 609 838 eius,
637 745 696 841 qui
723 743 916 821 mercenarii
937 745 971 840 ¹),
1003 766 1143 836 quorum
1170 743 1382 841 negligentia
1408 743 1444 820 in
1471 745 1543 820 tam
1569 746 1696 841 grande

158 870 314 944 damnum
340 867 533 946 incidissett
548 868 587 963 5).
615 868 715 944 Edito
742 868 874 943 nomine
894 890 953 942 suo
971 867 1173 959 adolescens,
1202 867 1311 942 filium
1337 889 1373 942 se
1396 868 1605 962 querulantis
1624 891 1694 942 ma-

140 995 272 1066 ,oroneo
299 991 479 1086 professus,
516 989 552 1066 in
578 989 798 1066 mercenarios
833 1013 962 1066 omnem
996 991 1129 1086 culpam
1166 989 1316 1086 absorpti
1352 989 1478 1084 pecoris
1511 993 1695 1086 retorquet

158 1114 214 1189 sed
242 1111 436 1190 mercenarii
463 1112 570 1210 prime
597 1114 668 1188 loeo
694 1135 828 1188 causam
855 1135 950 1188 suam
977 1112 1085 1188 dicere
1121 1111 1215 1202 iussi,
1252 1111 1299 1186 sic
1324 1112 1505 1188 refellunt:
1541 1115 1694 1204 Frustra,

158 1235 326 1328 inquiunt,
355 1235 515 1332 Princeps
542 1235 783 1328 illustrissime,
811 1234 936 1332 perditi
963 1233 1090 1330 pecoris
1114 1233 1248 1309 anobis
1266 1232 1395 1330 petitur
1420 1233 1541 1309 solutio
1556 1231 1595 1329 5),
1624 1236 1695 1311 fru-

159 1361 229 1434 stra
255 1358 291 1433 in
318 1360 415 1434 tuum
449 1356 694 1450 consistorium,
732 1356 828 1452 quasi
864 1379 964 1452 pecus
989 1355 1201 1432 commissum
1236 1355 1466 1452 negligentius
1497 1359 1696 1432 asservando

157 1480 423 1576 deliquissomus,
451 1479 611 1576 pertracti
647 1502 773 1573 eumue,
810 1480 937 1554 frustra
963 1481 998 1554 et
1025 1479 1107 1553 haec
1134 1479 1288 1553 matrona
1318 1479 1560 1554 adolescentem
1586 1478 1695 1554 filium

157 1605 245 1678 bunc
271 1626 379 1694 suum,
408 1625 507 1698 quem
532 1605 646 1680 tamen
673 1605 804 1680 constat
831 1600 1058 1700 privignum‘)
1078 1623 1160 1692 esse,
1188 1601 1350 1698 appellat,
1379 1623 1399 1676 a
1426 1624 1490 1693 quo
1518 1600 1582 1676 etsi
1600 1601 1697 1676 nobis

156 1725 324 1822 pascendi,
353 1725 624 1820 custodiendique
650 1725 766 1822 gregis
792 1749 859 1800 non
885 1724 1072 1828 inficiemur
1094 1746 1208 1800 curam
1242 1723 1348 1798 fuisse
1383 1725 1520 1818 accepta
1548 1725 1696 1800 mercede

155 1847 377 1936 commissam,
405 1847 541 1944 vigilias
566 1849 682 1923 tamen
707 1849 839 1924 nostras
874 1846 1025 1942 peruicit,
1062 1845 1232 1942 fregitque
1267 1844 1414 1921 eiusdem
1449 1845 1556 1941 ipsius
1582 1847 1695 1922 adole-

155 1971 280 2047 scentis
304 1970 451 2067 impetus
477 1971 657 2066 potentior.
704 1971 781 2066 Ipse
808 1969 974 2064 siquidem
998 1968 1141 2046 venandi
1168 1967 1391 2062 aridissimus,
1420 1969 1612 2062 frequentes
1639 1991 1694 2044 ca-

154 2117 222 2186 nes,
253 2117 321 2170 nou
346 2093 524 2170 atrocitate
550 2094 657 2169 solum
685 2093 744 2168 sed
770 2092 862 2169 rabie
888 2092 1069 2188 pleniferos
1084 2091 1122 2188 ⁵),
1151 2114 1290 2186 quorum
1316 2090 1371 2166 illi
1398 2114 1477 2166 usus
1503 2114 1570 2166 non
1596 2115 1694 2167 ano-

153 2218 203 2292 bis
231 2217 473 2308 tantummodo,
501 2216 559 2294 sed
585 2215 688 2292 etiam
716 2238 736 2291 a
762 2215 844 2290 viris
870 2215 1030 2312 gravibus
1049 2216 1084 2292 ot
1101 2214 1293 2289 illustribus
1319 2215 1431 2290 fuerat
1457 2235 1694 2310 saepenumero

153 2341 385 2436 exprobratus,
414 2339 537 2434 ubique
563 2361 674 2414 secum
701 2339 937 2415 circumferens
952 2337 991 2434 5),
1021 2341 1170 2434 stragem
1196 2337 1306 2412 orium
1333 2336 1556 2428 convincetur,
1586 2337 1615 2411 si
1642 2337 1695 2411 in·

153 2461 329 2558 liciatusb
356 2461 470 2555 fuerit,
500 2460 653 2538 edidisse.
699 2460 875 2536 Notorium
901 2459 1066 2552 siquidem
1092 2462 1154 2552 est,
1191 2481 1315 2562 canum
1338 2482 1472 2535 suorum
1498 2461 1631 2534 turbam
1658 2458 1693 2534 in

151 2607 292 2682 gregem
318 2585 361 2660 ad
387 2607 511 2680 pascua
536 2606 596 2680 per
622 2606 682 2660 nos
709 2585 876 2676 eductum,
904 2583 1034 2658 latratu
1061 2581 1215 2658 horribili
1241 2581 1411 2674 insiliisse,
1444 2583 1479 2658 et
1504 2581 1694 2657 universum

152 2730 235 2804 pene
263 2729 414 2804 gregem,
448 2706 544 2783 nobis
579 2705 803 2802 nequicquam
837 2707 953 2781 nostra
987 2703 1223 2781 vociferatione
1249 2725 1305 2782 eos
1331 2703 1465 2800 abigere
1492 2704 1692 2796 volentibus,

152 2829 279 2906 crebris
305 2829 445 2906 rictibus
480 2829 655 2924 lacerasse,
694 2827 855 2906 stravisse
881 2830 916 2903 et
943 2849 1109 2916 enecasse.
1153 2826 1242 2902 Huic
1267 2825 1473 2902 accusationi
1504 2827 1695 2903 adolescens

151 2952 349 3048 respondere
367 2973 460 3028 orsus
476 2951 514 3048 ⁸),
543 2953 640 3048 lupos
667 2951 769 3028 simul
792 2953 827 3026 et
845 2951 1063 3064 mercenarios
1090 2952 1242 3026 accusat:
1270 2951 1354 3046 Ego,
1383 2947 1505 3042 inquit,
1533 2949 1694 3044 Princeps

150 3073 381 3167 serenissime,
409 3074 506 3172 gregi
532 3097 554 3150 a
580 3097 633 3152 me
659 3073 713 3150 his
741 3073 954 3151 mercenariis
981 3074 1141 3149 conducto
1151 3072 1190 3168 ⁹),
1219 3071 1429 3167 conspicatus
1447 3071 1603 3168 luporum
1620 3073 1694 3145 tur-

150 3221 240 3273 mam
268 3196 420 3274 cominus
445 3196 620 3274 imminere
638 3195 692 3294 ¹⁰),
722 3219 818 3274 canes
844 3197 982 3273 nodatos
1009 3195 1092 3272 solri
1120 3195 1227 3286 iubeo,
1245 3195 1290 3307 et
1315 3217 1374 3290 por
1401 3195 1556 3290 abrupta,
1585 3193 1694 3269 invia-

149 3343 213 3416 que
240 3341 415 3396 nemornm
440 3322 476 3396 et
500 3318 652 3418 Alpium,
691 3343 766 3397 oum
792 3319 846 3395 his
872 3341 939 3394 nna
965 3321 999 3394 et
1026 3317 1238 3395 mercenariis
1265 3316 1434 3413 fugientes
1469 3315 1613 3392 insector
1639 3317 1692 3390 lu-

148 3465 218 3538 pos.
267 3443 415 3518 Resersa
449 3441 586 3520 interim
621 3442 750 3520 diverso
786 3442 906 3519 itinere
941 3443 1096 3538 luporum
1132 3462 1210 3537 pars
1245 3440 1412 3515 desertum
1444 3441 1478 3514 et
1504 3437 1693 3514 solitarium

148 3587 290 3662 gregem
317 3563 431 3640 fundit
456 3567 492 3640 et
517 3564 700 3640 exanimat.
741 3567 817 3640 Non
843 3565 877 3639 in
906 3586 958 3640 me
985 3563 1110 3656 itaque,
1140 3561 1197 3656 qui
1224 3562 1322 3658 lupos
1349 3560 1458 3656 abegi,
1486 3559 1609 3656 perditi
1635 3585 1693 3656 pc·

147 3687 233 3762 coris
261 3687 365 3782 culpa
391 3689 639 3782 contorquendo
666 3691 727 3778 cst,
766 3689 824 3762 sed
851 3688 886 3761 in
913 3687 973 3762 hos
1001 3686 1132 3778 iniquos
1168 3683 1389 3760 mercenarios
1425 3686 1460 3758 et
1486 3683 1601 3778 gregis
1628 3682 1693 3756 sibi

147 3808 268 3884 crediti
299 3807 493 3886 desertores.
521 3811 745 3906 Mpeczslaum
772 3811 896 3884 Ducem
923 3809 1047 3883 iustam
1073 3806 1269 3883 decisionem
1296 3805 1444 3902 partium
1471 3805 1615 3898 querelis
1633 3828 1693 3880 au-

148 3933 230 4009 ditis
258 3930 569 4027 pronuntiatumm,
598 3933 666 4023 diu,
705 3955 867 4026 quaenam
894 3953 972 4027 pars
999 3930 1197 4022 damnanda,
1225 3951 1309 4022 quae
1336 3927 1537 4004 absolvenda
1556 3927 1609 4022 ¹¹),
1637 3950 1694 4002 ve-

146 4053 369 4130 risimilitudo
387 4053 615 4130 defensionum
635 4056 844 4150 perplexum,
873 4053 1133 4150 ambiguumque
1159 4051 1281 4128 tenuit.
1309 4052 1355 4126 Et
1373 4049 1524 4144 quamvis
1548 4049 1693 4145 primum

146 4178 311 4254 damnare
338 4176 557 4254 mercenarios
593 4178 771 4253 statuisset
790 4176 844 4272 ¹²),
872 4177 966 4252 velut
994 4176 1128 4271 gregis,
1165 4197 1264 4270 quem
1291 4173 1490 4248 servandum
1517 4194 1576 4246 suo
1603 4171 1691 4266 peri·

146 4301 221 4375 culo
249 4301 480 4394 susceperant,
508 4299 660 4375 incautos
686 4300 879 4391 desertores,
918 4298 998 4392 quia
1024 4301 1137 4374 tamen
1163 4296 1304 4373 assertio
1336 4293 1611 4370 mercenariorum
1638 4317 1693 4370 ra-

146 4423 241 4498 bidos
269 4444 371 4498 canes
397 4421 526 4518 copulis
552 4421 650 4498 iuxta
676 4421 787 4498 ovium
807 4419 850 4516 ¹³)
876 4444 1014 4517 gregem
1040 4420 1221 4496 denodatos
1247 4417 1453 4495 confessione
1473 4416 1693 4492 adolescentis

145 4546 187 4620 nd
214 4544 385 4640 liquidum
402 4543 576 4620 verificata
593 4546 678 4636 erat,
703 4545 812 4620 fertur
838 4543 874 4619 in
900 4544 1156 4635 adolescentem,
1172 4541 1464 4638 comprobantibus
1482 4538 1692 4630 consiliariis,

145 4667 332 4759 sententia,
352 4669 392 4741 ut
409 4665 565 4760 qnoniam
583 4666 788 4743 occasionem
806 4666 920 4742 damni
940 4665 983 4761 ¹‘)
1010 4667 1171 4761 probatus
1197 4667 1250 4739 est
1276 4663 1416 4756 dedisse,
1445 4662 1603 4737 damnum
1623 4659 1694 4736 sive

146 4790 259 4882 matri,
290 4789 365 4866 sine
391 4811 550 4866 novercae
576 4789 756 4866 resarciat:
785 4812 860 4864 cum
887 4790 922 4864 et
948 4789 1024 4884 loge
1051 4787 1165 4863 divina
1192 4787 1357 4878 dominus,
1385 4785 1480 4861 ouius
1497 4786 1557 4860 bos
1574 4807 1692 4859 cornu·
1789 4871 1796 4878 ,

145 4915 225 5006 peta
252 4913 310 4986 rel
336 4931 441 5006 equus
467 4911 647 4988 calcitrans
673 4887 831 4988 damnum
850 4910 1015 5004 intulerit,
1044 4911 1086 4986 ad
1105 4909 1218 4986 damni
1237 4907 1438 4985 refusionem
1457 4905 1500 5004 ’5)
1527 4907 1692 4982 teneatur.

254 5119 279 5199 ¹)
302 5122 499 5183 mercenarios
527 5121 587 5183 Ed.
609 5122 704 5185 Dobr.
744 5117 772 5200 5)
800 5121 961 5194 incidisset,
985 5121 1172 5182 conduxerat.
1201 5117 1262 5180 Ed.
1285 5119 1378 5180 Dobr.
1417 5113 1446 5196 5)
1469 5117 1604 5177 solatium
1633 5116 1693 5175 Ed.

144 5226 239 5287 Dobr.
279 5221 308 5306 ⁴)
330 5226 493 5302 privignum
515 5245 598 5288 suum
620 5227 679 5288 Ed.
703 5227 797 5288 Dobr.
838 5222 866 5306 5)
888 5228 991 5302 plenos
1012 5225 1073 5286 Ed.
1095 5225 1190 5284 Dobr.
1230 5219 1256 5302 ⁶)
1280 5221 1497 5284 circumducens
1519 5221 1578 5281 Ed.
1600 5219 1694 5280 Dobr.

148 5326 315 5407 ⁷)etiamsi
337 5336 423 5392 notus
446 5330 506 5392 Ed.
528 5333 622 5395 Dobr.
662 5329 690 5412 5)
714 5336 833 5392 coactns
860 5330 929 5392 Ood.
953 5331 1044 5390 Roas.
1083 5326 1286 5407 oloommisso
1313 5324 1382 5388 (lod.
1406 5327 1499 5387 Rosr.
1538 5321 1577 5402 ¹⁰)
1600 5324 1692 5384 immi·

145 5439 264 5516 nentem
287 5434 466 5498 Ed.'Dobr.
501 5431 541 5514 ¹¹)
557 5436 735 5498 absolvenda
757 5440 836 5496 esset
861 5434 931 5497 Cori.
954 5437 1045 5495 Rosr.
1081 5431 1123 5514 ’5)
1140 5433 1340 5494 constituisset
1361 5431 1423 5491 Ed.
1445 5429 1540 5490 Dobr.
1568 5423 1608 5506 ’5)
1624 5445 1693 5488 cun·

151 5540 214 5609 dem
236 5540 299 5603 Ed.
323 5540 418 5608 Dobr.
453 5535 495 5622 ¹⁴)
510 5547 543 5602 nt
564 5557 600 5607 cx
622 5543 786 5615 occasione,
809 5557 867 5623 qua
889 5540 1022 5606 damnum
1045 5539 1103 5608 Ed.
1125 5539 1217 5608 Dobr.
1250 5533 1292 5622 ¹⁵.)
1308 5535 1504 5604 resarcionem
1518 5533 1578 5596 Ed.
1600 5533 1694 5602 Dobr.
