<?xml version="1.0" encoding="UTF-8"?>
<!DOCTYPE html PUBLIC "-//W3C//DTD XHTML 1.0 Transitional//EN"
    "http://www.w3.org/TR/xhtml1/DTD/xhtml1-transitional.dtd">
<html xmlns="http://www.w3.org/1999/xhtml" xml:lang="en" lang="en">
 <head>
  <title>
</title>
<meta http-equiv="Content-Type" content="text/html;charset=utf-8" />
  <meta name='ocr-system' content='tesseract 3.04.00' />
  <meta name='ocr-capabilities' content='ocr_page ocr_carea ocr_par ocr_line ocrx_word'/>
</head>
<body>
  <div class='ocr_page' id='page_1' title='image "./operaomnia02paulgoog_0459.png"; bbox 0 0 4162 6288; ppageno 0'>
   <div class='ocr_carea' id='block_1_1' title="bbox 148 557 1705 659">
    <p class='ocr_par' dir='ltr' id='par_1_1' title="bbox 148 557 1705 659">
     <span class='ocr_line' id='line_1_1' title="bbox 148 557 1705 659; baseline 0.003 -24"><span class='ocrx_word' id='word_1_1' title='bbox 148 559 215 655; x_wconf 78' lang='grc' dir='ltr'><strong>(Α.</strong></span> <span class='ocrx_word' id='word_1_2' title='bbox 235 559 283 634; x_wconf 87' lang='lat' dir='ltr'><strong>D.</strong></span> <span class='ocrx_word' id='word_1_3' title='bbox 303 557 424 659; x_wconf 86' lang='grc'><strong>1277.)</strong></span> <span class='ocrx_word' id='word_1_4' title='bbox 763 583 875 634; x_wconf 84' lang='lat' dir='ltr'><strong>nnana</strong></span> <span class='ocrx_word' id='word_1_5' title='bbox 901 583 1096 636; x_wconf 76' lang='lat' dir='ltr'><strong>seramus.</strong></span> <span class='ocrx_word' id='word_1_6' title='bbox 1626 569 1705 641; x_wconf 76' lang='lat'><strong>443</strong></span> 
     </span>
    </p>
   </div>
   <div class='ocr_carea' id='block_1_2' title="bbox 142 767 1807 2684">
    <p class='ocr_par' dir='ltr' id='par_1_2' title="bbox 142 767 1807 2684">
     <span class='ocr_line' id='line_1_2' title="bbox 144 767 1807 868; baseline 0.003 -24"><span class='ocrx_word' id='word_1_7' title='bbox 144 771 303 860; x_wconf 85' lang='lat' dir='ltr'><strong>fanherh,</strong></span> <span class='ocrx_word' id='word_1_8' title='bbox 332 767 435 844; x_wconf 82' lang='lat' dir='ltr'><strong>Przin</strong></span> <span class='ocrx_word' id='word_1_9' title='bbox 461 770 497 845; x_wconf 89' lang='lat' dir='ltr'><strong>et</strong></span> <span class='ocrx_word' id='word_1_10' title='bbox 523 767 753 861; x_wconf 74' lang='lat' dir='ltr'><strong>Gesuindorff,</strong></span> <span class='ocrx_word' id='word_1_11' title='bbox 782 771 946 864; x_wconf 90' lang='lat' dir='ltr'><strong>perpetuo</strong></span> <span class='ocrx_word' id='word_1_12' title='bbox 972 769 1082 845; x_wconf 83' lang='lat' dir='ltr'><strong>eadat.</strong></span> <span class='ocrx_word' id='word_1_13' title='bbox 1110 769 1239 864; x_wconf 75' lang='lat' dir='ltr'><strong>Quibus</strong></span> <span class='ocrx_word' id='word_1_14' title='bbox 1265 770 1430 846; x_wconf 85' lang='lat' dir='ltr'><strong>stabilitis</strong></span> <span class='ocrx_word' id='word_1_15' title='bbox 1449 775 1484 846; x_wconf 91' lang='lat' dir='ltr'><strong>at</strong></span> <span class='ocrx_word' id='word_1_16' title='bbox 1502 775 1545 847; x_wconf 86' lang='lat' dir='ltr'><strong>ab</strong></span> <span class='ocrx_word' id='word_1_17' title='bbox 1563 773 1707 868; x_wconf 85' lang='lat' dir='ltr'><strong>utroque</strong></span> <span class='ocrx_word' id='word_1_18' title='bbox 1804 829 1807 836; x_wconf 29' lang='lat' dir='ltr'>v</span> 
     </span>
     <span class='ocr_line' id='line_1_3' title="bbox 144 891 1707 986; baseline 0.004 -20"><span class='ocrx_word' id='word_1_19' title='bbox 144 892 243 970; x_wconf 87' lang='lat' dir='ltr'><strong>Duae</strong></span> <span class='ocrx_word' id='word_1_20' title='bbox 269 891 464 986; x_wconf 77' lang='lat' dir='ltr'><strong>acceptatis,</strong></span> <span class='ocrx_word' id='word_1_21' title='bbox 492 891 660 967; x_wconf 89' lang='lat' dir='ltr'><strong>Hemiaus</strong></span> <span class='ocrx_word' id='word_1_22' title='bbox 686 893 828 985; x_wconf 87' lang='lat' dir='ltr'><strong>quartus</strong></span> <span class='ocrx_word' id='word_1_23' title='bbox 846 891 998 966; x_wconf 78' lang='lat' dir='ltr'><strong>libertati</strong></span> <span class='ocrx_word' id='word_1_24' title='bbox 1017 891 1182 986; x_wconf 75' lang='lat' dir='ltr'><strong>pristinae</strong></span> <span class='ocrx_word' id='word_1_25' title='bbox 1200 892 1392 984; x_wconf 86' lang='lat' dir='ltr'><strong>restitutus,</strong></span> <span class='ocrx_word' id='word_1_26' title='bbox 1408 895 1595 972; x_wconf 87' lang='lat' dir='ltr'><strong>Krosnnam</strong></span> <span class='ocrx_word' id='word_1_27' title='bbox 1608 917 1630 968; x_wconf 86' lang='lat' dir='ltr'><strong>a</strong></span> <span class='ocrx_word' id='word_1_28' title='bbox 1645 897 1707 972; x_wconf 87' lang='lat' dir='ltr'><strong>ba·</strong></span> 
     </span>
     <span class='ocr_line' id='line_1_4' title="bbox 143 1012 1700 1108; baseline 0.001 -20"><span class='ocrx_word' id='word_1_29' title='bbox 143 1015 288 1088; x_wconf 87' lang='lat' dir='ltr'><strong>renibus</strong></span> <span class='ocrx_word' id='word_1_30' title='bbox 314 1014 385 1087; x_wconf 91' lang='lat' dir='ltr'><strong>suis</strong></span> <span class='ocrx_word' id='word_1_31' title='bbox 412 1013 558 1088; x_wconf 75' lang='lat' dir='ltr'><strong>Iohanni</strong></span> <span class='ocrx_word' id='word_1_32' title='bbox 583 1012 880 1108; x_wconf 89' lang='lat' dir='ltr'><strong>Brandebnrgensi</strong></span> <span class='ocrx_word' id='word_1_33' title='bbox 906 1013 1111 1103; x_wconf 86' lang='lat' dir='ltr'><strong>Merohioni,</strong></span> <span class='ocrx_word' id='word_1_34' title='bbox 1149 1036 1191 1089; x_wconf 89' lang='lat' dir='ltr'><strong>na</strong></span> <span class='ocrx_word' id='word_1_35' title='bbox 1227 1036 1322 1088; x_wconf 86' lang='lat' dir='ltr'><strong>arma</strong></span> <span class='ocrx_word' id='word_1_36' title='bbox 1357 1016 1476 1090; x_wconf 84' lang='lat' dir='ltr'><strong>eontra</strong></span> <span class='ocrx_word' id='word_1_37' title='bbox 1502 1037 1558 1091; x_wconf 88' lang='lat' dir='ltr'><strong>eos</strong></span> <span class='ocrx_word' id='word_1_38' title='bbox 1584 1017 1700 1108; x_wconf 86' lang='lat' dir='ltr'><strong>ferrat,</strong></span> 
     </span>
     <span class='ocr_line' id='line_1_5' title="bbox 146 1133 1704 1231; baseline 0.001 -20"><span class='ocrx_word' id='word_1_39' title='bbox 146 1136 340 1231; x_wconf 83' lang='lat' dir='ltr'><strong>obligatam</strong></span> <span class='ocrx_word' id='word_1_40' title='bbox 375 1135 490 1210; x_wconf 89' lang='lat' dir='ltr'><strong>rolens</strong></span> <span class='ocrx_word' id='word_1_41' title='bbox 530 1133 712 1224; x_wconf 81' lang='lat' dir='ltr'><strong>redimere,</strong></span> <span class='ocrx_word' id='word_1_42' title='bbox 749 1135 884 1208; x_wconf 86' lang='lat' dir='ltr'><strong>eoaotus</strong></span> <span class='ocrx_word' id='word_1_43' title='bbox 920 1136 973 1210; x_wconf 88' lang='lat' dir='ltr'><strong>est</strong></span> <span class='ocrx_word' id='word_1_44' title='bbox 999 1135 1151 1229; x_wconf 85' lang='lat' dir='ltr'><strong>praefato</strong></span> <span class='ocrx_word' id='word_1_45' title='bbox 1187 1135 1331 1210; x_wconf 82' lang='lat' dir='ltr'><strong>Iohanni</strong></span> <span class='ocrx_word' id='word_1_46' title='bbox 1358 1137 1544 1211; x_wconf 85' lang='lat' dir='ltr'><strong>hiarohioni</strong></span> <span class='ocrx_word' id='word_1_47' title='bbox 1570 1138 1704 1229; x_wconf 89' lang='lat' dir='ltr'><strong>damna,</strong></span> 
     </span>
     <span class='ocr_line' id='line_1_6' title="bbox 143 1255 1704 1353; baseline 0.001 -21"><span class='ocrx_word' id='word_1_48' title='bbox 143 1260 306 1353; x_wconf 88' lang='lat' dir='ltr'><strong>sumptus</strong></span> <span class='ocrx_word' id='word_1_49' title='bbox 333 1257 369 1331; x_wconf 90' lang='lat' dir='ltr'><strong>et</strong></span> <span class='ocrx_word' id='word_1_50' title='bbox 394 1277 561 1351; x_wconf 88' lang='lat' dir='ltr'><strong>expensos</strong></span> <span class='ocrx_word' id='word_1_51' title='bbox 596 1255 744 1330; x_wconf 87' lang='lat' dir='ltr'><strong>iniustas</strong></span> <span class='ocrx_word' id='word_1_52' title='bbox 770 1255 1002 1350; x_wconf 75' lang='lat' dir='ltr'><strong>computandi,</strong></span> <span class='ocrx_word' id='word_1_53' title='bbox 1039 1278 1100 1330; x_wconf 81' lang='lat' dir='ltr'><strong>sen</strong></span> <span class='ocrx_word' id='word_1_54' title='bbox 1135 1256 1245 1330; x_wconf 88' lang='lat' dir='ltr'><strong>millia</strong></span> <span class='ocrx_word' id='word_1_55' title='bbox 1281 1279 1468 1332; x_wconf 88' lang='lat' dir='ltr'><strong>marearum</strong></span> <span class='ocrx_word' id='word_1_56' title='bbox 1504 1259 1704 1352; x_wconf 84' lang='lat' dir='ltr'><strong>persolvere,</strong></span> 
     </span>
     <span class='ocr_line' id='line_1_7' title="bbox 144 1376 1707 1472; baseline 0.001 -18"><span class='ocrx_word' id='word_1_57' title='bbox 144 1399 225 1454; x_wconf 87' lang='lat' dir='ltr'><strong>oum</strong></span> <span class='ocrx_word' id='word_1_58' title='bbox 252 1378 484 1453; x_wconf 81' lang='lat' dir='ltr'><strong>tantummodo</strong></span> <span class='ocrx_word' id='word_1_59' title='bbox 511 1377 547 1450; x_wconf 89' lang='lat' dir='ltr'><strong>in</strong></span> <span class='ocrx_word' id='word_1_60' title='bbox 574 1379 719 1469; x_wconf 89' lang='lat' dir='ltr'><strong>quatuor</strong></span> <span class='ocrx_word' id='word_1_61' title='bbox 755 1376 906 1452; x_wconf 91' lang='lat' dir='ltr'><strong>millibus</strong></span> <span class='ocrx_word' id='word_1_62' title='bbox 941 1376 1105 1452; x_wconf 82' lang='lat' dir='ltr'><strong>extiterat</strong></span> <span class='ocrx_word' id='word_1_63' title='bbox 1140 1378 1322 1472; x_wconf 85' lang='lat' dir='ltr'><strong>pignorata</strong></span> <span class='ocrx_word' id='word_1_64' title='bbox 1341 1378 1376 1471; x_wconf 87' lang='lat'><strong>¹).</strong></span> <span class='ocrx_word' id='word_1_65' title='bbox 1414 1379 1603 1454; x_wconf 85' lang='lat' dir='ltr'><strong>Nonnullae</strong></span> <span class='ocrx_word' id='word_1_66' title='bbox 1628 1401 1707 1456; x_wconf 89' lang='lat' dir='ltr'><strong>varo</strong></span> 
     </span>
     <span class='ocr_line' id='line_1_8' title="bbox 143 1498 1704 1594; baseline 0 -18"><span class='ocrx_word' id='word_1_67' title='bbox 143 1521 227 1576; x_wconf 89' lang='lat' dir='ltr'><strong>suos</strong></span> <span class='ocrx_word' id='word_1_68' title='bbox 255 1499 393 1590; x_wconf 90' lang='lat' dir='ltr'><strong>milites,</strong></span> <span class='ocrx_word' id='word_1_69' title='bbox 421 1501 457 1574; x_wconf 91' lang='lat' dir='ltr'><strong>at</strong></span> <span class='ocrx_word' id='word_1_70' title='bbox 482 1498 658 1594; x_wconf 81' lang='lat' dir='ltr'><strong>signanter</strong></span> <span class='ocrx_word' id='word_1_71' title='bbox 685 1498 879 1572; x_wconf 88' lang='lat' dir='ltr'><strong>Ianuesium</strong></span> <span class='ocrx_word' id='word_1_72' title='bbox 905 1499 947 1574; x_wconf 91' lang='lat' dir='ltr'><strong>da</strong></span> <span class='ocrx_word' id='word_1_73' title='bbox 972 1498 1062 1573; x_wconf 91' lang='lat' dir='ltr'><strong>ldioh</strong></span> <span class='ocrx_word' id='word_1_74' title='bbox 1077 1499 1117 1592; x_wconf 77' lang='lat'><strong>²),</strong></span> <span class='ocrx_word' id='word_1_75' title='bbox 1146 1500 1328 1590; x_wconf 85' lang='lat' dir='ltr'><strong>Thomam,</strong></span> <span class='ocrx_word' id='word_1_76' title='bbox 1356 1500 1553 1591; x_wconf 87' lang='lat' dir='ltr'><strong>Iohannem,</strong></span> <span class='ocrx_word' id='word_1_77' title='bbox 1581 1503 1704 1576; x_wconf 82' lang='lat' dir='ltr'><strong>Zarnu-</strong></span> 
     </span>
     <span class='ocr_line' id='line_1_9' title="bbox 148 1619 1704 1715; baseline -0.001 -17"><span class='ocrx_word' id='word_1_78' title='bbox 148 1623 251 1698; x_wconf 87' lang='lat' dir='ltr'><strong>aham</strong></span> <span class='ocrx_word' id='word_1_79' title='bbox 277 1625 313 1698; x_wconf 92' lang='lat' dir='ltr'><strong>et</strong></span> <span class='ocrx_word' id='word_1_80' title='bbox 339 1621 435 1712; x_wconf 87' lang='lat' dir='ltr'><strong>alios,</strong></span> <span class='ocrx_word' id='word_1_81' title='bbox 464 1619 523 1713; x_wconf 88' lang='lat' dir='ltr'><strong>qni</strong></span> <span class='ocrx_word' id='word_1_82' title='bbox 550 1642 625 1694; x_wconf 89' lang='lat' dir='ltr'><strong>aum</strong></span> <span class='ocrx_word' id='word_1_83' title='bbox 652 1620 807 1694; x_wconf 87' lang='lat' dir='ltr'><strong>Boleslao</strong></span> <span class='ocrx_word' id='word_1_84' title='bbox 833 1619 1054 1714; x_wconf 82' lang='lat' dir='ltr'><strong>hegpiazensi</strong></span> <span class='ocrx_word' id='word_1_85' title='bbox 1082 1621 1215 1715; x_wconf 69' lang='lat' dir='ltr'><strong>auree</strong></span> <span class='ocrx_word' id='word_1_86' title='bbox 1243 1622 1360 1696; x_wconf 86' lang='lat' dir='ltr'><strong>eontra</strong></span> <span class='ocrx_word' id='word_1_87' title='bbox 1378 1643 1454 1696; x_wconf 88' lang='lat' dir='ltr'><strong>eam</strong></span> <span class='ocrx_word' id='word_1_88' title='bbox 1482 1621 1625 1698; x_wconf 89' lang='lat' dir='ltr'><strong>sensisse</strong></span> <span class='ocrx_word' id='word_1_89' title='bbox 1651 1622 1704 1697; x_wconf 92' lang='lat' dir='ltr'><strong>iu·</strong></span> 
     </span>
     <span class='ocr_line' id='line_1_10' title="bbox 142 1740 1706 1837; baseline 0 -19"><span class='ocrx_word' id='word_1_90' title='bbox 142 1743 302 1818; x_wconf 88' lang='lat' dir='ltr'><strong>simulati</strong></span> <span class='ocrx_word' id='word_1_91' title='bbox 321 1745 412 1832; x_wconf 88' lang='lat' dir='ltr'><strong>sunt,</strong></span> <span class='ocrx_word' id='word_1_92' title='bbox 432 1741 583 1836; x_wconf 74' lang='lat' dir='ltr'><strong>captivat</strong></span> <span class='ocrx_word' id='word_1_93' title='bbox 609 1742 644 1816; x_wconf 85' lang='lat' dir='ltr'><strong>et</strong></span> <span class='ocrx_word' id='word_1_94' title='bbox 670 1740 765 1834; x_wconf 81' lang='lat' dir='ltr'><strong>grani</strong></span> <span class='ocrx_word' id='word_1_95' title='bbox 794 1761 925 1816; x_wconf 87' lang='lat' dir='ltr'><strong>aaroare</strong></span> <span class='ocrx_word' id='word_1_96' title='bbox 952 1742 1107 1816; x_wconf 86' lang='lat' dir='ltr'><strong>maletat.</strong></span> <span class='ocrx_word' id='word_1_97' title='bbox 1135 1743 1189 1816; x_wconf 82' lang='lat' dir='ltr'><strong>En</strong></span> <span class='ocrx_word' id='word_1_98' title='bbox 1216 1765 1254 1817; x_wconf 90' lang='lat' dir='ltr'><strong>ao</strong></span> <span class='ocrx_word' id='word_1_99' title='bbox 1280 1743 1395 1818; x_wconf 88' lang='lat' dir='ltr'><strong>autem</strong></span> <span class='ocrx_word' id='word_1_100' title='bbox 1422 1745 1572 1837; x_wconf 90' lang='lat' dir='ltr'><strong>tempore</strong></span> <span class='ocrx_word' id='word_1_101' title='bbox 1590 1766 1652 1818; x_wconf 82' lang='lat' dir='ltr'><strong>arx</strong></span> <span class='ocrx_word' id='word_1_102' title='bbox 1671 1746 1706 1820; x_wconf 87' lang='lat' dir='ltr'><strong>et</strong></span> 
     </span>
     <span class='ocr_line' id='line_1_11' title="bbox 142 1861 1707 1960; baseline 0 -20"><span class='ocrx_word' id='word_1_103' title='bbox 142 1864 309 1960; x_wconf 87' lang='lat' dir='ltr'><strong>oppidum</strong></span> <span class='ocrx_word' id='word_1_104' title='bbox 335 1863 504 1939; x_wconf 84' lang='lat' dir='ltr'><strong>Klooaslro</strong></span> <span class='ocrx_word' id='word_1_105' title='bbox 529 1862 566 1935; x_wconf 93' lang='lat' dir='ltr'><strong>in</strong></span> <span class='ocrx_word' id='word_1_106' title='bbox 593 1861 771 1936; x_wconf 90' lang='lat' dir='ltr'><strong>Premislai</strong></span> <span class='ocrx_word' id='word_1_107' title='bbox 797 1861 980 1937; x_wconf 86' lang='lat' dir='ltr'><strong>Bohomiae</strong></span> <span class='ocrx_word' id='word_1_108' title='bbox 1015 1863 1121 1957; x_wconf 83' lang='lat' dir='ltr'><strong>Regis</strong></span> <span class='ocrx_word' id='word_1_109' title='bbox 1161 1884 1268 1954; x_wconf 88' lang='lat' dir='ltr'><strong>usquo</strong></span> <span class='ocrx_word' id='word_1_110' title='bbox 1305 1864 1348 1937; x_wconf 88' lang='lat' dir='ltr'><strong>ad</strong></span> <span class='ocrx_word' id='word_1_111' title='bbox 1388 1863 1477 1940; x_wconf 93' lang='lat' dir='ltr'><strong>diem</strong></span> <span class='ocrx_word' id='word_1_112' title='bbox 1514 1864 1626 1939; x_wconf 89' lang='lat' dir='ltr'><strong>obitus</strong></span> <span class='ocrx_word' id='word_1_113' title='bbox 1653 1864 1707 1940; x_wconf 90' lang='lat' dir='ltr'><strong>sui</strong></span> 
     </span>
     <span class='ocr_line' id='line_1_12' title="bbox 142 1982 1702 2079; baseline -0.001 -17"><span class='ocrx_word' id='word_1_114' title='bbox 142 1985 355 2062; x_wconf 85' lang='lat' dir='ltr'><strong>eonsistabat</strong></span> <span class='ocrx_word' id='word_1_115' title='bbox 381 1985 559 2078; x_wconf 89' lang='lat' dir='ltr'><strong>potestate,</strong></span> <span class='ocrx_word' id='word_1_116' title='bbox 587 1985 623 2058; x_wconf 89' lang='lat' dir='ltr'><strong>et</strong></span> <span class='ocrx_word' id='word_1_117' title='bbox 649 1983 685 2056; x_wconf 90' lang='lat' dir='ltr'><strong>in</strong></span> <span class='ocrx_word' id='word_1_118' title='bbox 713 1982 952 2079; x_wconf 86' lang='lat' dir='ltr'><strong>proprietatem</strong></span> <span class='ocrx_word' id='word_1_119' title='bbox 979 1983 1092 2078; x_wconf 81' lang='lat' dir='ltr'><strong>Regni</strong></span> <span class='ocrx_word' id='word_1_120' title='bbox 1119 1983 1323 2076; x_wconf 88' lang='lat' dir='ltr'><strong>Bohomiae‚</strong></span> <span class='ocrx_word' id='word_1_121' title='bbox 1352 1986 1519 2078; x_wconf 86' lang='lat' dir='ltr'><strong>qnantum</strong></span> <span class='ocrx_word' id='word_1_122' title='bbox 1546 1986 1589 2060; x_wconf 90' lang='lat' dir='ltr'><strong>ad</strong></span> <span class='ocrx_word' id='word_1_123' title='bbox 1616 1988 1702 2060; x_wconf 93' lang='lat' dir='ltr'><strong>tam-</strong></span> 
     </span>
     <span class='ocr_line' id='line_1_13' title="bbox 142 2103 1702 2202; baseline 0.001 -22"><span class='ocrx_word' id='word_1_124' title='bbox 142 2107 263 2202; x_wconf 85' lang='lat' dir='ltr'><strong>porala</strong></span> <span class='ocrx_word' id='word_1_125' title='bbox 290 2103 494 2195; x_wconf 89' lang='lat' dir='ltr'><strong>dominium,</strong></span> <span class='ocrx_word' id='word_1_126' title='bbox 523 2103 559 2177; x_wconf 89' lang='lat' dir='ltr'><strong>in</strong></span> <span class='ocrx_word' id='word_1_127' title='bbox 587 2103 747 2179; x_wconf 87' lang='lat' dir='ltr'><strong>ditionem</strong></span> <span class='ocrx_word' id='word_1_128' title='bbox 774 2127 851 2179; x_wconf 83' lang='lat' dir='ltr'><strong>raro</strong></span> <span class='ocrx_word' id='word_1_129' title='bbox 878 2108 914 2178; x_wconf 92' lang='lat' dir='ltr'><strong>at</strong></span> <span class='ocrx_word' id='word_1_130' title='bbox 940 2103 1099 2179; x_wconf 77' lang='lat' dir='ltr'><strong>diocesim</strong></span> <span class='ocrx_word' id='word_1_131' title='bbox 1125 2107 1342 2199; x_wconf 89' lang='lat' dir='ltr'><strong>Pragensem‚</strong></span> <span class='ocrx_word' id='word_1_132' title='bbox 1372 2128 1432 2200; x_wconf 87' lang='lat' dir='ltr'><strong>per</strong></span> <span class='ocrx_word' id='word_1_133' title='bbox 1459 2106 1526 2181; x_wconf 85' lang='lat' dir='ltr'><strong>rim</strong></span> <span class='ocrx_word' id='word_1_134' title='bbox 1552 2107 1588 2181; x_wconf 90' lang='lat' dir='ltr'><strong>at</strong></span> <span class='ocrx_word' id='word_1_135' title='bbox 1605 2108 1702 2182; x_wconf 83' lang='lat' dir='ltr'><strong>nefas</strong></span> 
     </span>
     <span class='ocr_line' id='line_1_14' title="bbox 143 2225 1781 2333; baseline 0 -31"><span class='ocrx_word' id='word_1_136' title='bbox 143 2250 254 2322; x_wconf 83' lang='lat' dir='ltr'><strong>usque</strong></span> <span class='ocrx_word' id='word_1_137' title='bbox 282 2227 325 2302; x_wconf 88' lang='lat' dir='ltr'><strong>ad</strong></span> <span class='ocrx_word' id='word_1_138' title='bbox 350 2228 467 2302; x_wconf 87' lang='lat' dir='ltr'><strong>nostra</strong></span> <span class='ocrx_word' id='word_1_139' title='bbox 493 2227 645 2321; x_wconf 83' lang='lat' dir='ltr'><strong>tempora</strong></span> <span class='ocrx_word' id='word_1_140' title='bbox 671 2225 855 2316; x_wconf 85' lang='lat' dir='ltr'><strong>eonaeesit,</strong></span> <span class='ocrx_word' id='word_1_141' title='bbox 885 2249 906 2299; x_wconf 92' lang='lat' dir='ltr'><strong>a</strong></span> <span class='ocrx_word' id='word_1_142' title='bbox 931 2227 1051 2320; x_wconf 86' lang='lat' dir='ltr'><strong>Regno</strong></span> <span class='ocrx_word' id='word_1_143' title='bbox 1077 2226 1237 2301; x_wconf 81' lang='lat' dir='ltr'><strong>PolonIaa</strong></span> <span class='ocrx_word' id='word_1_144' title='bbox 1273 2229 1439 2319; x_wconf 87' lang='lat' dir='ltr'><strong>quantum</strong></span> <span class='ocrx_word' id='word_1_145' title='bbox 1466 2228 1509 2302; x_wconf 88' lang='lat' dir='ltr'><strong>ad</strong></span> <span class='ocrx_word' id='word_1_146' title='bbox 1535 2229 1705 2321; x_wconf 89' lang='lat' dir='ltr'><strong>tempora·</strong></span> <span class='ocrx_word' id='word_1_147' title='bbox 1777 2324 1781 2333; x_wconf 27' lang='grc' dir='ltr'>Ι</span> 
     </span>
     <span class='ocr_line' id='line_1_15' title="bbox 143 2345 1704 2442; baseline 0 -20"><span class='ocrx_word' id='word_1_148' title='bbox 143 2349 207 2441; x_wconf 89' lang='lat' dir='ltr'><strong>lia,</strong></span> <span class='ocrx_word' id='word_1_149' title='bbox 237 2371 258 2422; x_wconf 90' lang='lat' dir='ltr'><strong>a</strong></span> <span class='ocrx_word' id='word_1_150' title='bbox 284 2347 407 2422; x_wconf 82' lang='lat' dir='ltr'><strong>dionaei</strong></span> <span class='ocrx_word' id='word_1_151' title='bbox 433 2369 510 2422; x_wconf 83' lang='lat' dir='ltr'><strong>vero</strong></span> <span class='ocrx_word' id='word_1_152' title='bbox 526 2347 554 2440; x_wconf 81' lang='lat'><strong>⁴)</strong></span> <span class='ocrx_word' id='word_1_153' title='bbox 580 2345 855 2422; x_wconf 84' lang='lat' dir='ltr'><strong>Wretislaviensi</strong></span> <span class='ocrx_word' id='word_1_154' title='bbox 895 2349 1060 2438; x_wconf 89' lang='lat' dir='ltr'><strong>quantum</strong></span> <span class='ocrx_word' id='word_1_155' title='bbox 1087 2349 1130 2421; x_wconf 84' lang='lat' dir='ltr'><strong>ad</strong></span> <span class='ocrx_word' id='word_1_156' title='bbox 1157 2347 1362 2442; x_wconf 88' lang='lat' dir='ltr'><strong>spiritualia,</strong></span> <span class='ocrx_word' id='word_1_157' title='bbox 1404 2349 1533 2422; x_wconf 78' lang='lat' dir='ltr'><strong>Thomu</strong></span> <span class='ocrx_word' id='word_1_158' title='bbox 1559 2349 1704 2424; x_wconf 79' lang='lat' dir='ltr'><strong>meando</strong></span> 
     </span>
     <span class='ocr_line' id='line_1_16' title="bbox 143 2466 1703 2565; baseline -0.001 -20"><span class='ocrx_word' id='word_1_159' title='bbox 143 2469 303 2565; x_wconf 81' lang='lat' dir='ltr'><strong>episeopo</strong></span> <span class='ocrx_word' id='word_1_160' title='bbox 330 2467 606 2545; x_wconf 84' lang='lat' dir='ltr'><strong>Wratislaviensi</strong></span> <span class='ocrx_word' id='word_1_161' title='bbox 632 2467 792 2542; x_wconf 88' lang='lat' dir='ltr'><strong>inluriam</strong></span> <span class='ocrx_word' id='word_1_162' title='bbox 818 2466 1011 2542; x_wconf 89' lang='lat' dir='ltr'><strong>huiusmodi</strong></span> <span class='ocrx_word' id='word_1_163' title='bbox 1037 2469 1073 2558; x_wconf 88' lang='lat' dir='ltr'><strong>et</strong></span> <span class='ocrx_word' id='word_1_164' title='bbox 1099 2489 1180 2544; x_wconf 90' lang='lat' dir='ltr'><strong>suaa</strong></span> <span class='ocrx_word' id='word_1_165' title='bbox 1198 2467 1339 2544; x_wconf 91' lang='lat' dir='ltr'><strong>diooesis</strong></span> <span class='ocrx_word' id='word_1_166' title='bbox 1365 2467 1614 2546; x_wconf 81' lang='lat' dir='ltr'><strong>mutilationem</strong></span> <span class='ocrx_word' id='word_1_167' title='bbox 1642 2491 1703 2543; x_wconf 90' lang='lat' dir='ltr'><strong>no-</strong></span> 
     </span>
     <span class='ocr_line' id='line_1_17' title="bbox 146 2582 1170 2684; baseline -0.002 -18"><span class='ocrx_word' id='word_1_168' title='bbox 146 2592 290 2667; x_wconf 86' lang='lat' dir='ltr'><strong>tabilem</strong></span> <span class='ocrx_word' id='word_1_169' title='bbox 317 2591 446 2667; x_wconf 83' lang='lat' dir='ltr'><strong>forante</strong></span> <span class='ocrx_word' id='word_1_170' title='bbox 473 2589 584 2684; x_wconf 88' lang='lat' dir='ltr'><strong>magis</strong></span> <span class='ocrx_word' id='word_1_171' title='bbox 610 2582 711 2683; x_wconf 89' lang='lat' dir='ltr'><strong>quam</strong></span> <span class='ocrx_word' id='word_1_172' title='bbox 738 2588 958 2680; x_wconf 87' lang='lat' dir='ltr'><strong>rasoindenla,</strong></span> <span class='ocrx_word' id='word_1_173' title='bbox 987 2591 1170 2664; x_wconf 80' lang='lat' dir='ltr'><strong>abstracta.</strong></span> 
     </span>
    </p>
   </div>
   <div class='ocr_carea' id='block_1_3' title="bbox 484 2918 1374 3010">
    <p class='ocr_par' dir='ltr' id='par_1_3' title="bbox 484 2918 1374 3010">
     <span class='ocr_line' id='line_1_18' title="bbox 484 2918 1374 3010; baseline -0.001 -18"><span class='ocrx_word' id='word_1_174' title='bbox 484 2918 635 2992; x_wconf 81' lang='lat' dir='ltr'><strong>hithroai</strong></span> <span class='ocrx_word' id='word_1_175' title='bbox 660 2921 781 2992; x_wconf 81' lang='lat' dir='ltr'><strong>teman</strong></span> <span class='ocrx_word' id='word_1_176' title='bbox 807 2918 1049 2993; x_wconf 83' lang='lat' dir='ltr'><strong>tanaialemen</strong></span> <span class='ocrx_word' id='word_1_177' title='bbox 1076 2918 1205 3010; x_wconf 82' lang='lat' dir='ltr'><strong>inpono</strong></span> <span class='ocrx_word' id='word_1_178' title='bbox 1231 2921 1374 2994; x_wconf 77' lang='lat' dir='ltr'><strong>restant.</strong></span> 
     </span>
    </p>
   </div>
   <div class='ocr_carea' id='block_1_4' title="bbox 142 3139 1712 4328">
    <p class='ocr_par' dir='ltr' id='par_1_4' title="bbox 142 3139 1712 4328">
     <span class='ocr_line' id='line_1_19' title="bbox 250 3139 1701 3236; baseline 0.001 -19"><span class='ocrx_word' id='word_1_179' title='bbox 250 3141 346 3217; x_wconf 79' lang='lat' dir='ltr'><strong>olari</strong></span> <span class='ocrx_word' id='word_1_180' title='bbox 373 3165 417 3217; x_wconf 84' lang='lat' dir='ltr'><strong>ex</strong></span> <span class='ocrx_word' id='word_1_181' title='bbox 444 3141 537 3218; x_wconf 84' lang='lat' dir='ltr'><strong>airili</strong></span> <span class='ocrx_word' id='word_1_182' title='bbox 564 3143 695 3218; x_wconf 90' lang='lat' dir='ltr'><strong>Duoum</strong></span> <span class='ocrx_word' id='word_1_183' title='bbox 722 3140 882 3217; x_wconf 90' lang='lat' dir='ltr'><strong>Poloniae</strong></span> <span class='ocrx_word' id='word_1_184' title='bbox 908 3142 997 3217; x_wconf 92' lang='lat' dir='ltr'><strong>bello</strong></span> <span class='ocrx_word' id='word_1_185' title='bbox 1025 3139 1202 3232; x_wconf 90' lang='lat' dir='ltr'><strong>aaoidauti,</strong></span> <span class='ocrx_word' id='word_1_186' title='bbox 1229 3141 1299 3216; x_wconf 83' lang='lat' dir='ltr'><strong>alia</strong></span> <span class='ocrx_word' id='word_1_187' title='bbox 1325 3164 1431 3234; x_wconf 90' lang='lat' dir='ltr'><strong>aeque</strong></span> <span class='ocrx_word' id='word_1_188' title='bbox 1467 3142 1573 3233; x_wconf 88' lang='lat' dir='ltr'><strong>lesda,</strong></span> <span class='ocrx_word' id='word_1_189' title='bbox 1603 3143 1701 3236; x_wconf 87' lang='lat' dir='ltr'><strong>quasi</strong></span> 
     </span>
     <span class='ocr_line' id='line_1_20' title="bbox 142 3263 1702 3359; baseline 0.001 -20"><span class='ocrx_word' id='word_1_190' title='bbox 142 3289 215 3340; x_wconf 89' lang='lat' dir='ltr'><strong>nna</strong></span> <span class='ocrx_word' id='word_1_191' title='bbox 240 3287 340 3359; x_wconf 88' lang='lat' dir='ltr'><strong>super</strong></span> <span class='ocrx_word' id='word_1_192' title='bbox 366 3265 522 3357; x_wconf 87' lang='lat' dir='ltr'><strong>alteram,</strong></span> <span class='ocrx_word' id='word_1_193' title='bbox 550 3263 587 3338; x_wconf 90' lang='lat' dir='ltr'><strong>in</strong></span> <span class='ocrx_word' id='word_1_194' title='bbox 613 3287 690 3340; x_wconf 91' lang='lat' dir='ltr'><strong>aum</strong></span> <span class='ocrx_word' id='word_1_195' title='bbox 716 3287 843 3338; x_wconf 87' lang='lat' dir='ltr'><strong>annum</strong></span> <span class='ocrx_word' id='word_1_196' title='bbox 869 3264 1064 3339; x_wconf 75' lang='lat' dir='ltr'><strong>cumulante</strong></span> <span class='ocrx_word' id='word_1_197' title='bbox 1083 3265 1231 3355; x_wconf 87' lang='lat' dir='ltr'><strong>fortuna,</strong></span> <span class='ocrx_word' id='word_1_198' title='bbox 1246 3265 1359 3339; x_wconf 87' lang='lat' dir='ltr'><strong>alades</strong></span> <span class='ocrx_word' id='word_1_199' title='bbox 1376 3263 1528 3340; x_wconf 87' lang='lat' dir='ltr'><strong>aooassit.</strong></span> <span class='ocrx_word' id='word_1_200' title='bbox 1556 3265 1702 3340; x_wconf 84' lang='lat' dir='ltr'><strong>LIthoa·</strong></span> 
     </span>
     <span class='ocr_line' id='line_1_21' title="bbox 144 3385 1712 3480; baseline 0.001 -20"><span class='ocrx_word' id='word_1_201' title='bbox 144 3386 183 3460; x_wconf 91' lang='lat' dir='ltr'><strong>ni</strong></span> <span class='ocrx_word' id='word_1_202' title='bbox 211 3386 301 3461; x_wconf 90' lang='lat' dir='ltr'><strong>anim</strong></span> <span class='ocrx_word' id='word_1_203' title='bbox 327 3386 475 3480; x_wconf 89' lang='lat' dir='ltr'><strong>gentiles</strong></span> <span class='ocrx_word' id='word_1_204' title='bbox 502 3387 537 3460; x_wconf 91' lang='lat' dir='ltr'><strong>in</strong></span> <span class='ocrx_word' id='word_1_205' title='bbox 564 3385 783 3460; x_wconf 90' lang='lat' dir='ltr'><strong>multitudine</strong></span> <span class='ocrx_word' id='word_1_206' title='bbox 809 3385 905 3480; x_wconf 84' lang='lat' dir='ltr'><strong>gravi</strong></span> <span class='ocrx_word' id='word_1_207' title='bbox 932 3387 1057 3460; x_wconf 86' lang='lat' dir='ltr'><strong>tamam</strong></span> <span class='ocrx_word' id='word_1_208' title='bbox 1084 3385 1354 3478; x_wconf 76' lang='lat' dir='ltr'><strong>haroldessem,</strong></span> <span class='ocrx_word' id='word_1_209' title='bbox 1383 3407 1468 3479; x_wconf 86' lang='lat' dir='ltr'><strong>quae</strong></span> <span class='ocrx_word' id='word_1_210' title='bbox 1494 3387 1576 3462; x_wconf 85' lang='lat' dir='ltr'><strong>tuna</strong></span> <span class='ocrx_word' id='word_1_211' title='bbox 1594 3409 1615 3460; x_wconf 91' lang='lat' dir='ltr'><strong>a</strong></span> <span class='ocrx_word' id='word_1_212' title='bbox 1632 3387 1712 3461; x_wconf 87' lang='lat' dir='ltr'><strong>Du·-</strong></span> 
     </span>
     <span class='ocr_line' id='line_1_22' title="bbox 143 3505 1700 3602; baseline -0.001 -19"><span class='ocrx_word' id='word_1_213' title='bbox 143 3529 183 3583; x_wconf 89' lang='lat' dir='ltr'><strong>aa</strong></span> <span class='ocrx_word' id='word_1_214' title='bbox 210 3507 382 3581; x_wconf 78' lang='lat' dir='ltr'><strong>KarimIro</strong></span> <span class='ocrx_word' id='word_1_215' title='bbox 398 3506 437 3602; x_wconf 77' lang='lat'><strong>⁵),</strong></span> <span class='ocrx_word' id='word_1_216' title='bbox 465 3506 537 3582; x_wconf 86' lang='lat' dir='ltr'><strong>filio</strong></span> <span class='ocrx_word' id='word_1_217' title='bbox 564 3506 728 3580; x_wconf 88' lang='lat' dir='ltr'><strong>Kaaimiri</strong></span> <span class='ocrx_word' id='word_1_218' title='bbox 756 3505 860 3580; x_wconf 80' lang='lat' dir='ltr'><strong>Duris</strong></span> <span class='ocrx_word' id='word_1_219' title='bbox 887 3506 967 3580; x_wconf 94' lang='lat' dir='ltr'><strong>olim</strong></span> <span class='ocrx_word' id='word_1_220' title='bbox 994 3506 1219 3602; x_wconf 79' lang='lat' dir='ltr'><strong>deperiensis,</strong></span> <span class='ocrx_word' id='word_1_221' title='bbox 1240 3508 1345 3582; x_wconf 80' lang='lat' dir='ltr'><strong>hatra</strong></span> <span class='ocrx_word' id='word_1_222' title='bbox 1372 3529 1530 3601; x_wconf 88' lang='lat' dir='ltr'><strong>germano</strong></span> <span class='ocrx_word' id='word_1_223' title='bbox 1557 3508 1700 3582; x_wconf 87' lang='lat' dir='ltr'><strong>Lestho·</strong></span> 
     </span>
     <span class='ocr_line' id='line_1_23' title="bbox 144 3626 1702 3722; baseline 0.001 -20"><span class='ocrx_word' id='word_1_224' title='bbox 144 3627 200 3702; x_wconf 90' lang='lat' dir='ltr'><strong>nis</strong></span> <span class='ocrx_word' id='word_1_225' title='bbox 227 3627 328 3722; x_wconf 91' lang='lat' dir='ltr'><strong>Nigri</strong></span> <span class='ocrx_word' id='word_1_226' title='bbox 354 3627 458 3703; x_wconf 89' lang='lat' dir='ltr'><strong>Duais</strong></span> <span class='ocrx_word' id='word_1_227' title='bbox 485 3627 699 3718; x_wconf 85' lang='lat' dir='ltr'><strong>Siradiensis,</strong></span> <span class='ocrx_word' id='word_1_228' title='bbox 716 3629 905 3720; x_wconf 88' lang='lat' dir='ltr'><strong>tenebatur,</strong></span> <span class='ocrx_word' id='word_1_229' title='bbox 934 3627 1046 3702; x_wconf 85' lang='lat' dir='ltr'><strong>subito</strong></span> <span class='ocrx_word' id='word_1_230' title='bbox 1072 3629 1107 3701; x_wconf 87' lang='lat' dir='ltr'><strong>et</strong></span> <span class='ocrx_word' id='word_1_231' title='bbox 1135 3626 1361 3722; x_wconf 85' lang='lat' dir='ltr'><strong>inopinatam</strong></span> <span class='ocrx_word' id='word_1_232' title='bbox 1389 3629 1476 3703; x_wconf 86' lang='lat' dir='ltr'><strong>festo</strong></span> <span class='ocrx_word' id='word_1_233' title='bbox 1495 3629 1612 3704; x_wconf 86' lang='lat' dir='ltr'><strong>Sanoti</strong></span> <span class='ocrx_word' id='word_1_234' title='bbox 1629 3631 1702 3703; x_wconf 73' lang='lat' dir='ltr'><strong>&#39;Iru-</strong></span> 
     </span>
     <span class='ocr_line' id='line_1_24' title="bbox 143 3747 1703 3845; baseline 0 -21"><span class='ocrx_word' id='word_1_235' title='bbox 143 3769 204 3824; x_wconf 87' lang='lat' dir='ltr'><strong>oae</strong></span> <span class='ocrx_word' id='word_1_236' title='bbox 231 3747 473 3844; x_wconf 83' lang='lat' dir='ltr'><strong>Evangelistaa</strong></span> <span class='ocrx_word' id='word_1_237' title='bbox 488 3747 517 3844; x_wconf 83' lang='lat'><strong>6)</strong></span> <span class='ocrx_word' id='word_1_238' title='bbox 544 3748 710 3844; x_wconf 89' lang='lat' dir='ltr'><strong>ingressi,</strong></span> <span class='ocrx_word' id='word_1_239' title='bbox 739 3771 813 3824; x_wconf 89' lang='lat' dir='ltr'><strong>eam</strong></span> <span class='ocrx_word' id='word_1_240' title='bbox 840 3747 937 3844; x_wconf 85' lang='lat' dir='ltr'><strong>gravi</strong></span> <span class='ocrx_word' id='word_1_241' title='bbox 965 3749 1082 3840; x_wconf 90' lang='lat' dir='ltr'><strong>oaade,</strong></span> <span class='ocrx_word' id='word_1_242' title='bbox 1124 3748 1288 3844; x_wconf 84' lang='lat' dir='ltr'><strong>gravique</strong></span> <span class='ocrx_word' id='word_1_243' title='bbox 1315 3749 1443 3845; x_wconf 93' lang='lat' dir='ltr'><strong>spolio,</strong></span> <span class='ocrx_word' id='word_1_244' title='bbox 1481 3751 1572 3824; x_wconf 85' lang='lat' dir='ltr'><strong>taeta</strong></span> <span class='ocrx_word' id='word_1_245' title='bbox 1599 3749 1703 3826; x_wconf 87' lang='lat' dir='ltr'><strong>etiam</strong></span> 
     </span>
     <span class='ocr_line' id='line_1_25' title="bbox 145 3867 1704 3964; baseline 0.001 -20"><span class='ocrx_word' id='word_1_246' title='bbox 145 3871 283 3960; x_wconf 89' lang='lat' dir='ltr'><strong>urendo,</strong></span> <span class='ocrx_word' id='word_1_247' title='bbox 312 3871 527 3964; x_wconf 80' lang='lat' dir='ltr'><strong>pervastant:</strong></span> <span class='ocrx_word' id='word_1_248' title='bbox 556 3869 598 3942; x_wconf 90' lang='lat' dir='ltr'><strong>ad</strong></span> <span class='ocrx_word' id='word_1_249' title='bbox 624 3869 816 3945; x_wconf 88' lang='lat' dir='ltr'><strong>satietatem</strong></span> <span class='ocrx_word' id='word_1_250' title='bbox 843 3891 995 3963; x_wconf 89' lang='lat' dir='ltr'><strong>quoque,</strong></span> <span class='ocrx_word' id='word_1_251' title='bbox 1025 3869 1157 3944; x_wconf 89' lang='lat' dir='ltr'><strong>nemina</strong></span> <span class='ocrx_word' id='word_1_252' title='bbox 1185 3872 1373 3964; x_wconf 86' lang='lat' dir='ltr'><strong>opponente</strong></span> <span class='ocrx_word' id='word_1_253' title='bbox 1399 3867 1639 3962; x_wconf 87' lang='lat' dir='ltr'><strong>resistentiam,</strong></span> <span class='ocrx_word' id='word_1_254' title='bbox 1668 3871 1704 3946; x_wconf 92' lang='lat' dir='ltr'><strong>in</strong></span> 
     </span>
     <span class='ocr_line' id='line_1_26' title="bbox 143 3989 1704 4086; baseline 0.001 -22"><span class='ocrx_word' id='word_1_255' title='bbox 143 3991 217 4065; x_wconf 89' lang='lat' dir='ltr'><strong>ains</strong></span> <span class='ocrx_word' id='word_1_256' title='bbox 244 3989 504 4084; x_wconf 83' lang='lat' dir='ltr'><strong>depopulatione</strong></span> <span class='ocrx_word' id='word_1_257' title='bbox 530 3989 688 4084; x_wconf 88' lang='lat' dir='ltr'><strong>grassati,</strong></span> <span class='ocrx_word' id='word_1_258' title='bbox 718 3989 825 4066; x_wconf 88' lang='lat' dir='ltr'><strong>eaesis</strong></span> <span class='ocrx_word' id='word_1_259' title='bbox 853 3990 990 4066; x_wconf 90' lang='lat' dir='ltr'><strong>senibus</strong></span> <span class='ocrx_word' id='word_1_260' title='bbox 1018 3991 1054 4063; x_wconf 89' lang='lat' dir='ltr'><strong>et</strong></span> <span class='ocrx_word' id='word_1_261' title='bbox 1081 3989 1323 4084; x_wconf 89' lang='lat' dir='ltr'><strong>impuberibus,</strong></span> <span class='ocrx_word' id='word_1_262' title='bbox 1344 4013 1507 4086; x_wconf 90' lang='lat' dir='ltr'><strong>magnum</strong></span> <span class='ocrx_word' id='word_1_263' title='bbox 1526 3990 1704 4084; x_wconf 86' lang='lat' dir='ltr'><strong>utriusque</strong></span> 
     </span>
     <span class='ocr_line' id='line_1_27' title="bbox 146 4110 1704 4208; baseline 0 -24"><span class='ocrx_word' id='word_1_264' title='bbox 146 4132 252 4186; x_wconf 86' lang='lat' dir='ltr'><strong>sexus</strong></span> <span class='ocrx_word' id='word_1_265' title='bbox 279 4110 474 4186; x_wconf 88' lang='lat' dir='ltr'><strong>mortalium</strong></span> <span class='ocrx_word' id='word_1_266' title='bbox 499 4133 675 4186; x_wconf 89' lang='lat' dir='ltr'><strong>numerum</strong></span> <span class='ocrx_word' id='word_1_267' title='bbox 702 4111 745 4184; x_wconf 90' lang='lat' dir='ltr'><strong>ad</strong></span> <span class='ocrx_word' id='word_1_268' title='bbox 771 4111 999 4208; x_wconf 84' lang='lat' dir='ltr'><strong>quadraginta</strong></span> <span class='ocrx_word' id='word_1_269' title='bbox 1016 4111 1127 4184; x_wconf 90' lang='lat' dir='ltr'><strong>millia</strong></span> <span class='ocrx_word' id='word_1_270' title='bbox 1145 4111 1334 4186; x_wconf 89' lang='lat' dir='ltr'><strong>animarum</strong></span> <span class='ocrx_word' id='word_1_271' title='bbox 1353 4111 1581 4205; x_wconf 87' lang='lat' dir='ltr'><strong>aestimatum,</strong></span> <span class='ocrx_word' id='word_1_272' title='bbox 1601 4113 1704 4187; x_wconf 93' lang='lat' dir='ltr'><strong>simul</strong></span> 
     </span>
     <span class='ocr_line' id='line_1_28' title="bbox 146 4231 1414 4328; baseline -0.001 -20"><span class='ocrx_word' id='word_1_273' title='bbox 146 4254 223 4308; x_wconf 88' lang='lat' dir='ltr'><strong>anm</strong></span> <span class='ocrx_word' id='word_1_274' title='bbox 252 4254 369 4328; x_wconf 90' lang='lat' dir='ltr'><strong>peoora</strong></span> <span class='ocrx_word' id='word_1_275' title='bbox 396 4235 432 4310; x_wconf 90' lang='lat' dir='ltr'><strong>et</strong></span> <span class='ocrx_word' id='word_1_276' title='bbox 458 4231 662 4328; x_wconf 79' lang='lat' dir='ltr'><strong>supellectili</strong></span> <span class='ocrx_word' id='word_1_277' title='bbox 691 4231 727 4306; x_wconf 93' lang='lat' dir='ltr'><strong>in</strong></span> <span class='ocrx_word' id='word_1_278' title='bbox 755 4231 952 4308; x_wconf 80' lang='lat' dir='ltr'><strong>servitutem</strong></span> <span class='ocrx_word' id='word_1_279' title='bbox 979 4231 1206 4308; x_wconf 89' lang='lat' dir='ltr'><strong>miserabilem</strong></span> <span class='ocrx_word' id='word_1_280' title='bbox 1231 4233 1414 4309; x_wconf 78' lang='lat' dir='ltr'><strong>obdurant.</strong></span> 
     </span>
    </p>
   </div>
   <div class='ocr_carea' id='block_1_5' title="bbox 641 4559 1214 4653">
    <p class='ocr_par' dir='ltr' id='par_1_5' title="bbox 641 4559 1214 4653">
     <span class='ocr_line' id='line_1_29' title="bbox 641 4559 1214 4653; baseline -0.002 -20"><span class='ocrx_word' id='word_1_281' title='bbox 641 4560 773 4633; x_wconf 78' lang='lat' dir='ltr'><strong>baalam</strong></span> <span class='ocrx_word' id='word_1_282' title='bbox 800 4559 907 4634; x_wconf 88' lang='lat' dir='ltr'><strong>madia</strong></span> <span class='ocrx_word' id='word_1_283' title='bbox 933 4563 1030 4634; x_wconf 83' lang='lat' dir='ltr'><strong>noete</strong></span> <span class='ocrx_word' id='word_1_284' title='bbox 1058 4565 1214 4653; x_wconf 85' lang='lat' dir='ltr'><strong>apertum.</strong></span> 
     </span>
    </p>
   </div>
   <div class='ocr_carea' id='block_1_6' title="bbox 140 4780 1702 5244">
    <p class='ocr_par' dir='ltr' id='par_1_6' title="bbox 140 4780 1702 5244">
     <span class='ocr_line' id='line_1_30' title="bbox 250 4780 1702 4879; baseline 0.001 -23"><span class='ocrx_word' id='word_1_285' title='bbox 250 4780 352 4878; x_wconf 84' lang='lat' dir='ltr'><strong>Apud</strong></span> <span class='ocrx_word' id='word_1_286' title='bbox 379 4781 630 4858; x_wconf 81' lang='lat' dir='ltr'><strong>draooriansem</strong></span> <span class='ocrx_word' id='word_1_287' title='bbox 657 4785 774 4858; x_wconf 89' lang='lat' dir='ltr'><strong>urbam</strong></span> <span class='ocrx_word' id='word_1_288' title='bbox 809 4783 846 4857; x_wconf 92' lang='lat' dir='ltr'><strong>in</strong></span> <span class='ocrx_word' id='word_1_289' title='bbox 881 4782 1150 4858; x_wconf 85' lang='lat' dir='ltr'><strong>(liroumeisionis</strong></span> <span class='ocrx_word' id='word_1_290' title='bbox 1184 4783 1318 4859; x_wconf 85' lang='lat' dir='ltr'><strong>Domini</strong></span> <span class='ocrx_word' id='word_1_291' title='bbox 1345 4784 1443 4859; x_wconf 87' lang='lat' dir='ltr'><strong>noete</strong></span> <span class='ocrx_word' id='word_1_292' title='bbox 1468 4783 1580 4858; x_wconf 89' lang='lat' dir='ltr'><strong>media</strong></span> <span class='ocrx_word' id='word_1_293' title='bbox 1605 4807 1702 4879; x_wconf 91' lang='lat' dir='ltr'><strong>aper·</strong></span> 
     </span>
     <span class='ocr_line' id='line_1_31' title="bbox 143 4903 1701 4998; baseline 0 -19"><span class='ocrx_word' id='word_1_294' title='bbox 143 4908 219 4979; x_wconf 86' lang='lat' dir='ltr'><strong>tum</strong></span> <span class='ocrx_word' id='word_1_295' title='bbox 245 4905 376 4979; x_wconf 85' lang='lat' dir='ltr'><strong>eoelum</strong></span> <span class='ocrx_word' id='word_1_296' title='bbox 402 4904 477 4978; x_wconf 89' lang='lat' dir='ltr'><strong>luae</strong></span> <span class='ocrx_word' id='word_1_297' title='bbox 504 4903 637 4998; x_wconf 88' lang='lat' dir='ltr'><strong>ingenti</strong></span> <span class='ocrx_word' id='word_1_298' title='bbox 663 4903 892 4998; x_wconf 87' lang='lat' dir='ltr'><strong>resplenduit,</strong></span> <span class='ocrx_word' id='word_1_299' title='bbox 929 4905 965 4980; x_wconf 90' lang='lat' dir='ltr'><strong>et</strong></span> <span class='ocrx_word' id='word_1_300' title='bbox 991 4927 1057 4978; x_wconf 93' lang='lat' dir='ltr'><strong>non</strong></span> <span class='ocrx_word' id='word_1_301' title='bbox 1084 4905 1194 4978; x_wconf 90' lang='lat' dir='ltr'><strong>solum</strong></span> <span class='ocrx_word' id='word_1_302' title='bbox 1229 4903 1479 4980; x_wconf 77' lang='lat' dir='ltr'><strong>Oratoriaasem</strong></span> <span class='ocrx_word' id='word_1_303' title='bbox 1516 4903 1701 4996; x_wconf 79' lang='lat' dir='ltr'><strong>civitatem,</strong></span> 
     </span>
     <span class='ocr_line' id='line_1_32' title="bbox 142 5024 1701 5122; baseline 0 -21"><span class='ocrx_word' id='word_1_304' title='bbox 142 5027 202 5101; x_wconf 88' lang='lat' dir='ltr'><strong>sed</strong></span> <span class='ocrx_word' id='word_1_305' title='bbox 229 5027 265 5100; x_wconf 90' lang='lat' dir='ltr'><strong>et</strong></span> <span class='ocrx_word' id='word_1_306' title='bbox 290 5024 499 5118; x_wconf 79' lang='lat' dir='ltr'><strong>universam,</strong></span> <span class='ocrx_word' id='word_1_307' title='bbox 527 5025 774 5101; x_wconf 87' lang='lat' dir='ltr'><strong>deleotabilitar</strong></span> <span class='ocrx_word' id='word_1_308' title='bbox 799 5025 899 5100; x_wconf 87' lang='lat' dir='ltr'><strong>iuxta</strong></span> <span class='ocrx_word' id='word_1_309' title='bbox 925 5047 965 5100; x_wconf 86' lang='lat' dir='ltr'><strong>aa</strong></span> <span class='ocrx_word' id='word_1_310' title='bbox 991 5024 1028 5100; x_wconf 90' lang='lat' dir='ltr'><strong>in</strong></span> <span class='ocrx_word' id='word_1_311' title='bbox 1046 5025 1156 5100; x_wconf 89' lang='lat' dir='ltr'><strong>media</strong></span> <span class='ocrx_word' id='word_1_312' title='bbox 1174 5024 1238 5117; x_wconf 91' lang='lat' dir='ltr'><strong>die,</strong></span> <span class='ocrx_word' id='word_1_313' title='bbox 1259 5025 1511 5102; x_wconf 80' lang='lat' dir='ltr'><strong>(lraooriensem</strong></span> <span class='ocrx_word' id='word_1_314' title='bbox 1530 5026 1701 5122; x_wconf 88' lang='lat' dir='ltr'><strong>regionem</strong></span> 
     </span>
     <span class='ocr_line' id='line_1_33' title="bbox 140 5145 1267 5244; baseline 0 -24"><span class='ocrx_word' id='word_1_315' title='bbox 140 5147 335 5239; x_wconf 82' lang='lat' dir='ltr'><strong>illustrans,</strong></span> <span class='ocrx_word' id='word_1_316' title='bbox 363 5145 522 5241; x_wconf 84' lang='lat' dir='ltr'><strong>brevique</strong></span> <span class='ocrx_word' id='word_1_317' title='bbox 549 5145 717 5240; x_wconf 76' lang='lat' dir='ltr'><strong>deridens,</strong></span> <span class='ocrx_word' id='word_1_318' title='bbox 746 5145 894 5244; x_wconf 89' lang='lat' dir='ltr'><strong>prodigii</strong></span> <span class='ocrx_word' id='word_1_319' title='bbox 921 5147 996 5223; x_wconf 87' lang='lat' dir='ltr'><strong>loeo</strong></span> <span class='ocrx_word' id='word_1_320' title='bbox 1020 5145 1175 5222; x_wconf 88' lang='lat' dir='ltr'><strong>habitum</strong></span> <span class='ocrx_word' id='word_1_321' title='bbox 1202 5148 1267 5223; x_wconf 91' lang='lat' dir='ltr'><strong>ast.</strong></span> 
     </span>
    </p>
   </div>
   <div class='ocr_carea' id='block_1_7' title="bbox 146 5404 1702 5592">
    <p class='ocr_par' dir='ltr' id='par_1_7' title="bbox 146 5404 1702 5592">
     <span class='ocr_line' id='line_1_34' title="bbox 259 5404 1702 5488; baseline 0.001 -20"><span class='ocrx_word' id='word_1_322' title='bbox 259 5405 284 5484; x_wconf 93' lang='lat'><strong>¹)</strong></span> <span class='ocrx_word' id='word_1_323' title='bbox 307 5407 445 5482; x_wconf 83' lang='lat' dir='ltr'><strong>obligata.</strong></span> <span class='ocrx_word' id='word_1_324' title='bbox 471 5405 543 5470; x_wconf 73' lang='lat' dir='ltr'><strong>(lod.</strong></span> <span class='ocrx_word' id='word_1_325' title='bbox 565 5409 659 5470; x_wconf 73' lang='lat' dir='ltr'><strong>Itoar.</strong></span> <span class='ocrx_word' id='word_1_326' title='bbox 683 5404 712 5488; x_wconf 73' lang='lat'><strong>⁹)</strong></span> <span class='ocrx_word' id='word_1_327' title='bbox 734 5406 813 5467; x_wconf 83' lang='lat' dir='ltr'><strong>MIsh</strong></span> <span class='ocrx_word' id='word_1_328' title='bbox 838 5405 909 5470; x_wconf 77' lang='lat' dir='ltr'><strong>(iod.</strong></span> <span class='ocrx_word' id='word_1_329' title='bbox 936 5405 1017 5468; x_wconf 78' lang='lat' dir='ltr'><strong>earo.</strong></span> <span class='ocrx_word' id='word_1_330' title='bbox 1048 5404 1076 5484; x_wconf 80' lang='lat'><strong>³)</strong></span> <span class='ocrx_word' id='word_1_331' title='bbox 1097 5407 1179 5468; x_wconf 88' lang='lat' dir='ltr'><strong>Duae</strong></span> <span class='ocrx_word' id='word_1_332' title='bbox 1202 5408 1280 5470; x_wconf 83' lang='lat' dir='ltr'><strong>deest</strong></span> <span class='ocrx_word' id='word_1_333' title='bbox 1301 5409 1337 5468; x_wconf 78' lang='lat' dir='ltr'><strong>io</strong></span> <span class='ocrx_word' id='word_1_334' title='bbox 1363 5405 1434 5470; x_wconf 82' lang='lat' dir='ltr'><strong>Ood.</strong></span> <span class='ocrx_word' id='word_1_335' title='bbox 1457 5405 1530 5470; x_wconf 75' lang='lat' dir='ltr'><strong>Aet.</strong></span> <span class='ocrx_word' id='word_1_336' title='bbox 1553 5404 1581 5487; x_wconf 87' lang='lat'><strong>⁴)</strong></span> <span class='ocrx_word' id='word_1_337' title='bbox 1603 5415 1702 5471; x_wconf 88' lang='lat' dir='ltr'><strong>antem</strong></span> 
     </span>
     <span class='ocr_line' id='line_1_35' title="bbox 146 5505 1511 5592; baseline 0 -20"><span class='ocrx_word' id='word_1_338' title='bbox 146 5511 208 5580; x_wconf 78' lang='lat' dir='ltr'><strong>Ed.</strong></span> <span class='ocrx_word' id='word_1_339' title='bbox 231 5510 319 5592; x_wconf 75' lang='lat' dir='ltr'><strong>Lipe.</strong></span> <span class='ocrx_word' id='word_1_340' title='bbox 343 5505 372 5591; x_wconf 76' lang='lat'><strong>⁵)</strong></span> <span class='ocrx_word' id='word_1_341' title='bbox 396 5512 589 5574; x_wconf 82' lang='lat' dir='ltr'><strong>zemomislao</strong></span> <span class='ocrx_word' id='word_1_342' title='bbox 615 5507 687 5574; x_wconf 81' lang='lat' dir='ltr'><strong>(lod.</strong></span> <span class='ocrx_word' id='word_1_343' title='bbox 712 5511 807 5574; x_wconf 72' lang='lat' dir='ltr'><strong>Beer.</strong></span> <span class='ocrx_word' id='word_1_344' title='bbox 832 5507 859 5590; x_wconf 79' lang='lat'><strong>⁶)</strong></span> <span class='ocrx_word' id='word_1_345' title='bbox 879 5511 1016 5586; x_wconf 80' lang='lat' dir='ltr'><strong>Apostoli</strong></span> <span class='ocrx_word' id='word_1_346' title='bbox 1038 5516 1069 5573; x_wconf 86' lang='lat' dir='ltr'><strong>at</strong></span> <span class='ocrx_word' id='word_1_347' title='bbox 1090 5509 1297 5586; x_wconf 81' lang='lat' dir='ltr'><strong>Evangelistae</strong></span> <span class='ocrx_word' id='word_1_348' title='bbox 1322 5509 1394 5574; x_wconf 75' lang='lat' dir='ltr'><strong>dod.</strong></span> <span class='ocrx_word' id='word_1_349' title='bbox 1417 5512 1511 5574; x_wconf 71' lang='lat' dir='ltr'><strong>Reor.</strong></span> 
     </span>
    </p>
   </div>
   <div class='ocr_carea' id='block_1_8' title="bbox 0 0 2087 6288">
    <p class='ocr_par' dir='ltr' id='par_1_8' title="bbox 0 0 2087 6288">
     <span class='ocr_line' id='line_1_36' title="bbox 0 0 2087 6288; baseline 0 0"><span class='ocrx_word' id='word_1_350' title='bbox 0 0 2087 6288; x_wconf 95' lang='lat' dir='ltr'><strong> </strong></span> 
     </span>
    </p>
   </div>
  </div>
 </body>
</html>
