4172 6278
146 560 206 673 (Α.
226 567 271 643 D.
293 565 414 670 1225.)
755 592 867 643 urana
894 593 1046 645 sarnus.
1603 575 1679 648 219

143 779 325 869 horrebant,
362 799 554 854 concessum
586 779 684 869 esset,
713 777 749 853 in
776 779 1030 853 tabernaculum
1057 777 1091 852 in
1120 778 1309 880 meditullio
1329 779 1353 873 ¹)
1379 780 1597 874 utrorumque
1623 803 1678 855 ca·

143 904 279 974 atrorum
306 899 348 973 ad
375 897 409 972 id
436 899 585 973 delirum
600 899 629 994 ¹²)
666 921 740 974 oum
768 901 857 975 certo
892 903 928 974 et
963 899 1098 992 aequali
1133 900 1400 976 consiliariorum
1436 923 1574 976 numero
1601 924 1678 977 con·

49 1073 52 1080 .
143 1019 285 1097 veniunt.
314 1019 381 1094 Ubi
409 1020 555 1114 primum
581 1020 749 1098 Henricus
776 1022 854 1095 Dux
882 1019 990 1096 dicere
1007 1020 1155 1115 orsus³),
1184 1023 1324 1117 longum
1342 1023 1383 1095 de
1402 1021 1473 1096 iure
1492 1045 1562 1114 suo,
1592 1023 1679 1115 quod

142 1141 201 1216 sibi
226 1141 261 1214 in
288 1141 482 1216 Monarchia
508 1142 707 1217 Polonorum
735 1143 956 1236 competebat,
985 1165 1170 1217 sermonem
1198 1143 1368 1218 disseruit.
1396 1143 1457 1217 (lui
1484 1165 1559 1218 cum
1581 1145 1678 1218 Lest-

141 1260 311 1337 leodibus
337 1263 565 1356 respondendo
591 1263 740 1338 rationes
766 1285 844 1338 suas
871 1263 1091 1354 dissolvisset,
1128 1263 1242 1338 Ivonis
1277 1263 1503 1340 Dracoviensis
1530 1264 1690 1360 episcopi·v

140 1385 173 1460 et
196 1383 360 1462 communi
396 1385 558 1458 baronum
594 1383 850 1479 interpositione
876 1383 1095 1479 pacificantur
1121 1386 1156 1459 et
1182 1385 1217 1458 in
1244 1407 1318 1460 eam
1345 1385 1552 1460 concordiam
1578 1387 1685 1461 redu·

139 1507 274 1581 cuntur:
303 1505 391 1596 quod
417 1505 585 1580 Henrieus
611 1505 905 1582 wratislaviensis
932 1508 967 1580 et
994 1505 1121 1580 Slesiae
1147 1507 1225 1579 Dux
1253 1507 1293 1581 de
1314 1505 1404 1580 omni
1432 1505 1504 1581 iure
1531 1508 1566 1580 el
1593 1506 1677 1581 titu-

138 1627 169 1702 lo
193 1625 402 1700 Monarchiae
437 1626 638 1701 Polonorum
673 1627 836 1702 Lestloni
873 1625 961 1701 Albo
997 1628 1113 1716 cedat,
1150 1629 1185 1702 et
1216 1649 1312 1701 omne
1340 1627 1393 1702 ius
1420 1627 1455 1701 in
1482 1627 1679 1704 Monarchia

138 1747 198 1822 sibi
224 1749 426 1842 competens,
455 1747 491 1821 in
517 1747 720 1823 Lestlronem
747 1749 976 1822 transfundat.
1011 1748 1141 1822 Initum
1168 1749 1221 1822 est
1248 1750 1283 1822 et
1309 1772 1329 1822 a
1355 1749 1504 1824 Ducibus
1532 1745 1678 1844 speciale

138 1868 257 1960 loedus,
286 1869 323 1944 et
349 1867 561 1943 iureiurando
588 1869 771 1960 firmatum,
812 1871 850 1943 ut
876 1890 964 1943 unus
991 1869 1133 1944 alterius
1160 1871 1315 1964 procuret
1341 1870 1499 1944 honorem
1526 1873 1562 1944 et
1588 1857 1686 1960 com?

137 1989 237 2080 noda,
266 1991 302 2064 et
330 1989 578 2084 occupationem
606 1992 771 2065 terrarum
790 1992 825 2065 et
843 1991 1044 2081 Ducatuum,
1074 2011 1157 2083 quas
1177 1990 1289 2065 sortiti
1317 1991 1462 2082 fuerant,
1491 2014 1559 2064 non
1586 1991 1676 2084 aspi-

136 2113 195 2185 ret.
238 2109 339 2185 Datis
365 2110 483 2185 deinde
519 2110 609 2185 inter
635 2133 671 2186 se
698 2109 902 2202 muneribus,
940 2111 1117 2185 celebratis
1152 2111 1254 2186 etiam
1290 2111 1461 2203 conviviis,
1490 2113 1525 2185 in
1554 2133 1681 2206 magna
1777 2185 1780 2190 .

136 2231 318 2306 animorum
345 2231 525 2307 identitate
552 2233 587 2306 et
614 2253 735 2322 aurore,
765 2255 808 2307 err
834 2230 988 2306 hostibus
1014 2231 1097 2306 facti
1123 2231 1330 2324 amicissimi,
1359 2232 1395 2305 in
1421 2254 1500 2306 suos
1527 2233 1677 2321 Ducatus

137 2353 358 2427 revertuntur.
385 2353 509 2426 Lateo
537 2351 701 2446 siquidem
728 2350 837 2426 Albus
856 2351 921 2426 icto
940 2353 1081 2443 foedere,
1110 2354 1180 2425 tarn
1206 2353 1390 2428 Heuricum
1409 2351 1546 2443 Slssiae,
1576 2374 1677 2451 quam

136 2473 321 2548 dunradum
355 2473 524 2557 Masoviae
558 2475 666 2549 Duces
681 2475 708 2567 ⁴)
736 2473 772 2547 in
799 2473 991 2548 cracoviam
1018 2472 1230 2564 invitaverat,
1269 2475 1304 2548 et
1336 2476 1407 2548 tam
1434 2473 1535 2568 ipsos,
1573 2495 1677 2564 quarn

136 2617 244 2670 oerum
271 2594 401 2670 militas
436 2594 626 2688 magnificis
662 2593 822 2669 tractavit
858 2593 1065 2669 necessariis.
1111 2595 1264 2670 dunrado
1291 2597 1405 2669 tamen
1432 2595 1467 2668 iu
1494 2594 1687 2668 llasoviam·

137 2715 331 2807 divertente,
360 2715 527 2791 Henricus
554 2715 682 2791 Slesiae
708 2717 787 2789 Dux
814 2717 887 2790 octo
913 2715 1030 2790 diebus
1058 2715 1093 2789 in
1121 2715 1277 2792 cracovia
1303 2717 1453 2791 moratus
1471 2719 1534 2806 est,
1564 2716 1676 2809 splen·

135 2836 206 2912 dide
230 2839 266 2914 et
293 2835 534 2911 humanissime
569 2859 589 2910 a
623 2838 792 2912 Lestkoue
827 2835 975 2927 habitus,
1013 2836 1116 2911 etiam
1148 2835 1272 2932 amplis
1298 2837 1393 2911 donis
1420 2859 1441 2912 a
1466 2837 1635 2911 Lestkone
1650 2837 1678 2930 ⁵)

135 2957 195 3034 eibi
221 2957 313 3033 datis
339 2958 491 3051 onustus,
520 2959 632 3034 laetus
658 2957 694 3034 in
720 2957 864 3034 Slesiam
886 2959 1066 3050 remeabat,
1095 2979 1170 3033 cum
1205 2959 1297 3053 apud
1323 2957 1514 3034 cracoviam
1542 2957 1674 3048 stando,

134 3081 202 3160 octo
228 3079 302 3156 dies
329 3078 582 3175 absumpsisset.
1603 3165 1609 3172 ¹
1645 3167 1648 3174 ¹
1684 3167 1688 3172 ¹

232 3201 436 3277 dolomanus
462 3199 615 3276 Andreae
650 3199 855 3306 Hungariae·
883 3199 989 3297 Degis
1016 3198 1119 3292 iilius,
1147 3201 1227 3274 dum
1254 3199 1352 3275 aunis
1378 3199 1488 3275 trrlrus
1515 3199 1551 3273 in
1578 3199 1677 3274 Prin·

132 3321 240 3417 cipatu
267 3321 477 3398 Halicziensi
503 3321 654 3415 sedisset,
683 3320 773 3418 apud
799 3320 1048 3398 Halicciensem
1074 3343 1184 3397 arcem
1204 3323 1328 3414 morbo,
1357 3321 1521 3398 incertum
1540 3323 1603 3413 est,
1633 3342 1677 3394 an

132 3467 252 3520 veneno
280 3445 466 3540 correptus,
494 3443 647 3520 moritur.
683 3443 765 3518 Post
792 3443 888 3519 cuius
914 3444 1056 3519 mortam
1082 3433 1203 3519 Daniel
1230 3439 1459 3518 Romauovioa
1487 3443 1577 3536 Dux,
1604 3443 1676 3518 Ru·

131 3563 240 3641 thenis
267 3565 473 3658 faventibus,
511 3589 621 3642 arcein
647 3567 682 3641 et
708 3565 879 3661 regionem
905 3564 1154 3641 Halicaionsem
1189 3563 1375 3660 occupavit,
1403 3563 1439 3638 in
1466 3586 1571 3656 eaque
1598 3587 1676 3640 con-

132 3687 225 3762 sedit.
253 3687 322 3763 Sed
348 3688 520 3763 Isaaslaus
538 3689 618 3762 Dux
636 3687 885 3762 Halicaiensem
911 3687 1081 3762 Ducatum
1107 3685 1172 3761 sibi
1198 3685 1447 3776 vendicaturus,
1476 3685 1586 3760 fretus
1613 3687 1676 3759 Po·

132 3810 331 3886 lovoaonum
359 3809 498 3898 auxilio,
536 3811 653 3884 contra
679 3809 778 3883 illurn
804 3808 908 3900 veuit,
937 3811 972 3884 et
999 3831 1115 3903 pugna
1149 3807 1335 3898 commissa,
1372 3805 1494 3882 Daniel
1520 3807 1600 3880 Dux
1625 3807 1676 3880 vi-

131 3931 201 4004 ctus
227 3929 437 4022 succumbit,
474 3931 618 4025 Duxque
653 3929 876 4006 Wladimirus
911 3931 947 4005 et
973 3931 1080 4004 frater
1106 3951 1206 4020 sarrs,
1245 3928 1304 4021 qui
1339 3927 1474 4002 Danieli
1512 3925 1677 4020 solatia⁶l

130 4051 290 4143 tulerant,
328 4051 563 4146 captivantur;
601 4053 738 4146 propter
773 4051 862 4143 quod
888 4073 951 4125 arx
982 4053 1017 4125 et
1056 4049 1149 4146 regio
1183 4047 1408 4125 Halicziensis
1444 4048 1480 4121 in
1515 4046 1676 4138 ditionem

129 4171 354 4250 lliohalkonis
379 4172 494 4264 Ducis,
522 4173 658 4249 favente
685 4173 847 4263 Israslao,
875 4171 1050 4247 concessit.
1685 4162 1688 4168 ’

228 4293 409 4370 Aerarium
436 4293 664 4370 cracoviensis
690 4293 848 4370 ecclesiae
876 4292 1091 4384 cathedralis,
1130 4292 1210 4369 item
1238 4291 1343 4366 turris
1378 4287 1572 4365 monasterii
1598 4309 1675 4362 san-

128 4413 372 4490 ctimonialium
391 4414 427 4488 in
445 4413 696 4510 Zvierzinyeca,
725 4413 807 4489 item
835 4412 1066 4488 dormitorium
1086 4415 1230 4486 fratrum
1249 4410 1521 4487 Praedicatorum
1541 4407 1577 4482 in
1595 4409 1674 4484 (lra-

129 4534 229 4628 covia,
268 4534 414 4612 fulmine
449 4537 553 4628 taeta,
591 4557 730 4613 accensa
764 4537 800 4612 et
826 4533 1017 4630 crematab
1052 4536 1143 4626 sunt,
1180 4532 1372 4609 hominibus
1407 4529 1536 4608 illaesis
1562 4530 1597 4606 et
1623 4529 1676 4605 in·

129 4655 328 4732 columibus.

233 4951 258 5030 ¹)
281 4953 314 5013 in
336 4953 526 5016 tabernaculo
557 4956 588 5014 in
616 4955 713 5016 medio
747 4953 818 5015 Ood.
849 4955 942 5016 Roar.
982 4949 1009 5028 Ω)
1032 4951 1158 5012 defixam
1190 4949 1262 5014 Ood.
1293 4951 1385 5012 Roar.
1424 4945 1452 5026 8)
1474 4949 1571 5008 iussus
1604 4945 1676 5006 God.

128 5053 217 5114 Roar.
258 5051 285 5134 ⁴)
307 5055 407 5117 Duces
430 5057 507 5120 dccet
529 5060 564 5120 ta
589 5055 660 5130 dod,
684 5055 757 5130 Act.
798 5053 825 5135 ⁵)
847 5057 884 5118 ab
900 5074 936 5118 eo
955 5055 1026 5120 Ood.
1049 5057 1140 5134 Roas.
1172 5051 1334 5136 ⁶)anxilia
1359 5051 1429 5116 Ood.
1452 5051 1546 5122 Roar.
1583 5045 1611 5139 ⁷)
1628 5065 1677 5119 er·

129 5163 193 5222 usta
215 5159 277 5233 Ed.
302 5158 399 5239 Dobr,
