4162 6288
402 576 475 653 362
1002 595 1114 648 arnna
1141 594 1334 649 suenrmus
1664 569 1732 672 (Α.
1754 569 1800 648 D.
1821 561 1959 673 1257.)—

403 787 530 877 ,Gorra
551 786 572 880 ¹)
600 807 678 860 suae
705 782 862 875 diocesis,
893 782 950 858 ubi
978 783 1146 874 quandam
1173 783 1246 858 erat
1272 781 1525 857 consecraturus
1555 780 1747 872 ecclesiam,
1776 781 1944 856 diverten-

403 911 478 1000 ,te,
507 906 631 981 nobilis
656 905 708 981 vir
734 905 912 980 Boleslaus
938 905 1017 978 Dux
1044 904 1192 996 Slesiae,
1223 902 1397 978 associatis
1423 902 1497 977 'sibi
1526 901 1724 994 quibusdam
1751 902 1945 994 iniqnitatis
2068 981 2069 986 ,

404 1028 519 1120 ,filiis,
547 1029 687 1102 eundern
715 1026 929 1121 episcopum,
967 1024 1195 1119 praepositum
1224 1025 1258 1098 et
1285 1025 1469 1100 Ecoardum
1483 1021 1512 1117 ²)
1549 1023 1781 1118 presbyterum
1808 1023 1945 1098 canoni·

401 1171 509 1241 ,oum,
537 1147 844 1239 Wratislauionses,
882 1169 999 1241 capere
1025 1168 1109 1220 ausu
1136 1144 1300 1240 sacrilego
1335 1168 1402 1219 non
1429 1144 1578 1239 expauit,
1616 1144 1807 1239 episcopum
1835 1145 1945 1238 ipsum

401 1272 464 1358 ,ad
492 1271 656 1362 quoddam
693 1271 842 1344 castrum
878 1289 992 1358 suum,
1030 1265 1217 1341 reverentia
1253 1265 1441 1360 pontificali
1477 1265 1674 1360 postposita,
1711 1265 1781 1340 fere
1817 1265 1945 1338 nudum

403 1394 600 1482 ,abducens
628 1390 886 1494 degustaturum
913 1387 1038 1462 ibidem
1064 1387 1241 1482 angustias
1268 1387 1463 1461 carcerales.
1491 1387 1633 1480 Propter
1659 1387 1746 1478 qnod
1772 1386 1814 1460 de
1836 1384 1944 1480 ipsius

403 1513 536 1604 ,Deoia
575 1513 674 1606 prout
701 1511 744 1584 ad
772 1510 923 1584 nostrum
944 1509 1091 1616 spectat
1118 1507 1276 1599 officium,
1315 1509 1425 1582 salute
1461 1507 1611 1599 solliciti,
1649 1528 1709 1602 per
1734 1506 1945 1582 uenerabiles

403 1635 546 1723 ,fratres
572 1633 714 1722 nostros,
743 1630 972 1706 Gnesnensem
999 1627 1296 1724 archiepiscopum,
1325 1650 1386 1702 nec
1411 1652 1477 1703 non
1504 1626 1754 1702 Gracouiensem
1781 1629 1818 1702 et
1844 1627 1943 1702 Wla·

403 1753 658 1844 ,dislariensem
684 1751 857 1846 episcopos
897 1749 1023 1824 moneri
1050 1773 1127 1824 eum
1154 1749 1395 1840 mandarimus
1424 1752 1463 1823 ut
1491 1746 1626 1843 ipsos³l
1653 1747 1820 1822 ucetiam
1858 1747 1944 1821 alios
2068 1831 2069 1846 χ

402 1897 499 1965 ,oum
527 1874 575 1947 eis
590 1875 617 1967 ⁴)
645 1875 771 1966 captos,
808 1873 934 1964 absque
962 1869 1166 1944 difficultate
1193 1870 1345 1962 qualibet
1360 1870 1399 1963 ⁵),
1437 1869 1600 1964 pristinae
1631 1868 1814 1944 restituens
1841 1868 1944 1942 liber·

402 1994 500 2086 ,tati,
529 2015 584 2070 eos
611 1993 715 2067 libere
751 1990 843 2066 abire
879 1990 1100 2085 permitteret,
1138 1992 1173 2065 et
1209 1991 1248 2064 de
1275 1989 1399 2064 ablatis
1425 1991 1525 2064 robus
1551 1991 1587 2064 ot
1612 1988 1770 2084 irrogatis
1796 1987 1942 2079 iniuriis,
2060 2017 2062 2026 ⁴

402 2115 488 2210 ,ipsi
515 2114 669 2209 episcopo
706 2114 741 2186 ot
767 2111 926 2187 ecclesiae
961 2111 1210 2186 restitutionem
1237 2113 1272 2184 et
1298 2109 1562 2186 satisfactionem
1596 2109 1783 2204 plenariam
1810 2108 1942 2203 impen-

402 2258 531 2326 ,snrus
560 2235 685 2310 Verum
712 2233 826 2308 eodem
853 2233 945 2308 Duce
971 2233 1042 2308 tarn
1070 2231 1234 2307 salutaria
1262 2231 1357 2327 parui
1376 2231 1542 2326 pendente
1561 2230 1699 2321 monita,
1728 2251 1767 2304 co
1793 2229 1943 2324 eligente

402 2360 459 2448 ,in
486 2379 545 2432 sno
572 2357 696 2432 scelere
723 2353 833 2449 perire
859 2353 973 2449 potius
1000 2377 1100 2446 qnam
1128 2375 1255 2448 parere,
1285 2351 1431 2447 praelati
1458 2351 1727 2446 archiepiscopus
1753 2354 1788 2426 et
1814 2350 1942 2446 episco-

401 2479 469 2574 ,pi,
498 2479 598 2574 prout
624 2500 645 2552 a
672 2475 766 2551 nobis
792 2474 828 2550 in
855 2473 1025 2550 mandatis
1051 2476 1260 2570 acceperant,
1288 2473 1399 2568 ipsum
1426 2473 1461 2548 et
1488 2495 1601 2548 omnes
1628 2473 1701 2548 eius
1727 2471 1764 2546 in
1790 2473 1854 2547 hac
1876 2472 1942 2546 ini·

401 2600 553 2692 ,quitnte
589 2596 800 2672 consiliarios
826 2597 862 2671 et
888 2596 1049 2686 fautores
1087 2595 1392 2670 excommunicatos
1419 2594 1582 2669 facientes
1616 2593 1749 2690 publice
1776 2593 1941 2683 nuntiari,

401 2720 670 2815 ,supposuerunt
704 2720 831 2792 terram
867 2716 985 2810 ipsine,
1022 2734 1083 2792 neo
1118 2740 1184 2791 non
1220 2717 1255 2790 et
1285 2716 1406 2808 locum,
1431 2717 1473 2790 ad
1509 2737 1609 2808 quem
1635 2716 1747 2810 ipsum
1773 2713 1942 2790 declinare

401 2841 642 2936 ,contingeret
679 2837 840 2932 quamdiu
866 2837 913 2911 ibi
940 2840 1038 2929 esset,
1076 2837 1301 2912 ecclesiastico
1330 2835 1529 2912 interdicto:
1568 2857 1627 2930 spe
1653 2837 1723 2909 tam
1750 2834 1809 2925 eie,
1838 2856 1940 2926 quam

401 2960 517 3052 ,nobis
544 2983 603 3056 per
629 2959 692 3034 hoo
718 2957 889 3053 proposita
903 2957 943 3051 6),
973 2957 1061 3048 quod
1087 2957 1159 3052 ipse
1186 2957 1234 3032 sic
1261 2979 1450 3052 percussus,
1480 2957 1608 3048 dolens,
1637 2957 1680 3030 ad
1698 2955 1941 3050 percutientem

400 3104 469 3173 ,se,
498 3103 572 3156 oum
592 3080 765 3156 deuotione
784 3080 985 3171 recurreret,
1014 3099 1163 3182 congrua
1181 3079 1299 3172 culpae
1326 3100 1408 3154 snae
1434 3078 1580 3153 remedia
1606 3076 1817 3170 requirendo,
1845 3093 1942 3170 prae*

401 3201 538 3292 ,sertim
566 3223 642 3275 oum
668 3201 837 3274 salubrem
873 3221 1112 3292 nonnunquam
1139 3197 1205 3273 sibi
1231 3199 1355 3274 doloris
1391 3197 1601 3274 immensitas
1627 3196 1778 3271 inveniat
1804 3195 1941 3274 medici
2068 3209 2069 3222 ¹

401 3345 511 3413 ,nam
558 3323 660 3396 Porro
687 3321 775 3396 idem
802 3321 881 3394 Dux
907 3319 1078 3395 Ecclesiae
1104 3320 1266 3393 malleum
1299 3319 1394 3393 uelut
1421 3318 1584 3413 stipulam
1619 3318 1792 3412 reputans,
1830 3315 1940 3391 adh‘uc
2068 3307 2069 3384 3

400 3444 457 3535 ,iu
484 3465 545 3519 sua
571 3443 763 3539 perseuerat
790 3439 987 3516 obfirmatus
1013 3439 1157 3533 malitia,
1186 3439 1320 3516 omnino
1347 3441 1540 3534 contempta
1557 3437 1728 3513 Ecclesiae
1749 3437 1938 3531 disciplina,

400 3567 456 3655 ,et
481 3565 569 3658 quod
595 3564 638 3640 ad
665 3563 836 3640 cumulum
862 3583 943 3638 suae
969 3560 1194 3636 damnationis
1222 3559 1332 3656 magis
1358 3559 1496 3652 aooedit,
1525 3581 1580 3636 eos
1607 3581 1696 3634 nunc
1722 3557 1939 3632 validioribus

399 3707 521 3780 ,qnam
548 3685 652 3781 prius,
689 3683 806 3780 poenis
842 3682 950 3761 afficit
985 3685 1019 3757 ei
1045 3681 1243 3758 tormentis:
1280 3682 1382 3776 pedes
1399 3709 1402 3716 ·
1417 3679 1507 3756 enim
1543 3679 1651 3775 ipsius
1685 3677 1844 3774 episcopi,
1881 3677 1939 3771 qui

401 3806 560 3897 ,calceati
587 3827 659 3882 esse
688 3805 811 3881 debent
836 3804 873 3878 in
900 3803 1114 3899 euangelium
1142 3801 1246 3896 pacis,
1274 3801 1392 3877 ferreis
1418 3801 1562 3877 nexibus
1588 3799 1789 3894 alligantur,
1818 3801 1854 3873 et
1880 3797 1938 3892 qui

399 3949 558 4024 ,gregem
584 3948 682 4001 sunm
710 3947 823 4002 sacrae
850 3923 1110 4020 praedicationis
1137 3925 1237 3998 ubere
1263 3923 1398 3999 deberet
1424 3921 1569 4012 reficere,
1598 3919 1747 3994 nuncin
1774 3919 1840 3993 diri
1866 3941 1938 3992 car-

399 4048 505 4138 ,oeris
531 4033 705 4143 ergastulo
732 4045 914 4137 detinetur,
942 4044 1121 4120 interdicto
1139 4041 1203 4118 sibi
1222 4041 1389 4138 capellani
1416 4041 1470 4116 sni
1496 4039 1668 4136 suffragio,
1696 4039 1750 4114 oui
1769 4038 1937 4114 conscien-

399 4169 503 4258 ,tiam
530 4191 624 4243 suam
651 4168 687 4243 in
715 4165 920 4243 confessione
956 4165 1101 4260 pandere
1128 4163 1253 4255 ualeat,
1286 4164 1322 4238 et
1348 4184 1423 4238 oum
1450 4183 1516 4253 qno
1543 4161 1648 4256 possit
1673 4159 1843 4235 interdum
1869 4160 1937 4233 sal*

399 4291 488 4378 ,mm
514 4289 693 4363 Missurum
720 4285 832 4362 officia
859 4287 1037 4362 celebrare.
1077 4286 1123 4358 Et
1149 4283 1284 4376 quidem
1311 4305 1386 4357 curn
1412 4285 1448 4358 et
1474 4303 1534 4356 nos
1560 4281 1643 4355 talis
1670 4279 1794 4354 iniuria
1819 4280 1936 4355 uulne-

398 4413 483 4502 ,rat,
512 4412 547 4485 et
573 4433 639 4484 non
665 4409 773 4484 leuem
799 4406 895 4483 nobie
916 4406 1122 4502 impressum
1141 4403 1356 4495 moestitiam,
1385 4404 1429 4478 ad
1455 4401 1697 4498 procedendum
1724 4402 1842 4476 contra
1867 4401 1936 4474 ltu-

398 4553 490 4621 ,oem
517 4530 629 4625 ipsum
655 4530 766 4606 acrius
797 4551 857 4605 nos
884 4528 1020 4602 inritat.
1065 4529 1153 4602 Nam
1179 4525 1439 4601 verisimilitudo
1465 4547 1532 4598 non
1559 4523 1693 4613 tolerat,
1722 4523 1761 4595 ut
1787 4519 1935 4616 patiente

398 4653 515 4741 ,tanto
542 4650 700 4726 ecclesiae
727 4652 884 4740 membro,
913 4651 1015 4744 caput
1040 4671 1108 4722 non
1134 4648 1308 4742 langueat,
1336 4647 1397 4720 aut
1423 4665 1545 4739 expers
1571 4643 1694 4718 doloris
1720 4641 1859 4748 existat.
1900 4641 1936 4715 si

397 4796 498 4869 ,ergo
525 4771 736 4848 commissum
763 4773 815 4846 est
842 4769 948 4862 nobis,
976 4770 1058 4844 licet
1084 4767 1245 4863 indignis,
1274 4769 1308 4842 et
1335 4788 1450 4841 curam
1476 4765 1591 4861 gregis
1616 4763 1783 4839 Dominici
1810 4761 1934 4838 sollici·

274 4917 275 4922 ‘
398 4896 488 4982 ,tam
506 4917 632 4990 gerere,
662 4895 697 4968 et
715 4893 880 4968 medelam
907 4889 1047 4966 sauciati
1076 4888 1270 4965 vulneribus
1296 4887 1465 4978 adhibere,
1494 4887 1655 4979 quomodo
1681 4885 1806 4960 Ducem
1825 4884 1934 4979 ipsum

396 5038 478 5110 ,per
494 5015 653 5091 mortales
679 5035 825 5109 campos,
854 5035 915 5107 per
940 5011 1006 5086 iter
1033 5009 1149 5085 mortis
1176 5010 1269 5084 ultra
1295 5007 1463 5103 patiemur
1489 5007 1697 5082 discurreret
1722 5005 1805 5099 quin
1824 5003 1933 5099 ipsum

396 5136 459 5224 ,ad
484 5157 608 5231 pascua
634 5133 756 5210 salutis
791 5132 999 5210 reducamus.
1044 5131 1192 5224 dumque
1228 5128 1383 5205 infirmus
1418 5126 1584 5204 salutaria
1609 5127 1758 5222 respuat,
1795 5124 1933 5218 quaerat

498 5411 522 5490 ¹)
546 5413 644 5473 Gorka
669 5409 740 5473 God.
763 5407 855 5471 Roar.
894 5400 1109 5486 illleoardnm
1134 5404 1205 5470 Ood.
1228 5403 1322 5470 Reor.
1354 5401 1380 5486 ³)
1402 5406 1497 5482 ipsum
1523 5399 1594 5468 Ood.
1617 5400 1709 5466 Roar.
1748 5395 1835 5482 ‘)ec
1860 5397 1929 5464 ooo.

390 5514 483 5582 soar.
522 5511 548 5590 6)
571 5517 669 5592 aliqua
696 5513 768 5578 eoo.
790 5515 882 5575 Roaer.
922 5509 951 5588 ὃ)
974 5513 1110 5588 apposita
1133 5513 1193 5573 Ed.
1216 5513 1302 5588 Lipe.
