4172 6278
149 509 205 608 (Α.
224 507 271 587 Ι).
292 506 398 608 1212.)
767 533 879 588 nnana
906 531 1061 588 sexsus.

603 924 812 1040 ANNUS
846 924 1073 1040 DOMINI
1107 927 1241 1042 1212.

298 1209 407 1284 burlo
432 1209 609 1285 metaurus
636 1211 858 1286 traconensis
878 1211 1044 1286 eccleciae
1071 1211 1142 1285 ictu
1168 1211 1314 1284 lul-inlr
1338 1211 1544 1286 conburitur.

244 1414 406 1528 Natalem
432 1451 560 1528 dhristi
587 1451 690 1528 huius
717 1452 798 1528 anni
825 1453 951 1529 Lestko
976 1451 1086 1527 Albus
1113 1439 1314 1528 Polonorum
1341 1453 1421 1527 Dux
1446 1453 1481 1528 et
1500 1453 1693 1544 Monarcha,

144 1571 317 1649 &moriae
343 1595 420 1649 cnm
441 1572 606 1670 genitrice
624 1596 685 1648 suu
702 1574 836 1650 Helena
853 1573 996 1649 Ducissa
1022 1576 1057 1649 et
1083 1573 1263 1650 Vincentio
1290 1573 1446 1670 episcopo
1472 1573 1694 1666 Oracoviensi,

145 1693 388 1788 baronibusque
414 1695 450 1770 in
478 1717 603 1792 magne
629 1695 702 1792 egit
728 1695 943 1788 solennitate,
972 1698 1007 1772 et
1026 1696 1156 1790 aliquot
1183 1696 1300 1772 diebus
1323 1695 1509 1791 splendidis
1535 1695 1697 1772 conviviis

145 1815 353 1892 consiliarios
379 1817 504 1894 tenuit.
533 1819 579 1891 Ε)
605 1817 687 1910 quia
710 1803 751 1894 'eo
778 1841 865 1893 anno
892 1841 945 1894 res
972 1841 1086 1894 omues
1112 1819 1156 1893 ad
1182 1818 1469 1909 tranquillitatem
1495 1818 1695 1910 reciderant,

145 1938 289 2035 singulis
317 1939 472 2015 hostibus
498 1939 535 2014 in
561 1939 705 2017 circuitu
731 1942 791 2015 aut
817 1940 1083 2034 quiescentibus,
1121 1943 1182 2015 aut
1208 1939 1397 2032 debellatis,
1435 1941 1534 2016 rebus
1561 1939 1698 2014 urbanis

145 2060 361 2137 etciuilibus
387 2063 544 2138 necatum
571 2065 635 2155 est,
664 2064 700 2139 et
725 2061 860 2137 iudiciis
895 2061 1157 2158 particularibus
1183 2063 1218 2137 et
1245 2061 1461 2158 generalibus
1487 2061 1523 2136 in
1550 2061 1697 2156 singulis
1758 2126 1762 2132 .

145 2183 355 2259 districtibus
380 2183 592 2276 irntauratis,
621 2183 696 2260 iura
722 2183 857 2280 populis
883 2183 1120 2261 reddebantur.
1148 2183 1214 2260 Sed
1239 2205 1301 2260 nec
1327 2206 1366 2259 oa
1391 2161 1629 2277 tranquillitas
1654 2184 1697 2257 ed

145 2303 316 2400 integrum
341 2306 420 2381 tuta
446 2305 526 2396 fuit,
563 2306 688 2400 nam')
713 2327 860 2401 superna
894 2305 1030 2382 vexatio
1066 2305 1284 2382 acerbitatem
1311 2304 1468 2402 ingessit.
1514 2305 1557 2379 In
1583 2326 1696 2380 mense

144 2425 310 2520 siquidem
336 2425 426 2502 Iulio
452 2425 607 2506 fulminis
633 2426 704 2503 ictu
731 2427 898 2504 cerarium
925 2425 1151 2503 Orccociensis
1186 2425 1347 2504 ecclesiae
1380 2426 1420 2502 de
1447 2426 1539 2503 caelo
1566 2427 1696 2502 tactum

145 2548 208 2641 est,
236 2547 335 2623 cuius
360 2547 498 2640 virtum
534 2545 643 2644 tignis
668 2549 704 2624 et
731 2549 903 2625 roboribus
929 2551 1057 2625 tectum
1094 2547 1378 2640 sustentantibus,
1406 2547 1563 2641 incensis,
1593 2547 1697 2623 ctiam

143 2668 278 2745 flamma
304 2669 348 2746 ad
373 2668 536 2746 interiora
562 2669 694 2762 aaroni,
722 2669 856 2747 nemine
879 2671 1028 2746 ardorem
1048 2669 1276 2766 restringente
1292 2668 1331 2764 ²),
1360 2669 1525 2764 peruenit,
1554 2668 1696 2744 serinia·

144 2813 205 2884 qno
231 2793 267 2868 et
296 2789 400 2868 cistae
427 2790 601 2887 corripuit,
630 2793 665 2868 et
691 2793 834 2882 emulus,
865 2813 1058 2887 cappasque
1084 2793 1119 2868 et
1147 2793 1256 2866 mnlta
1282 2789 1513 2867 Orecouiensis
1539 2789 1699 2866 ecclesiae

145 2915 341 2988 ornamenta
367 2914 470 3006 atque
497 2913 625 3006 decora,
663 2913 844 3009 largitIone
871 2917 906 2990 et
932 2913 1139 2990 lieonlitcto
1165 2914 1309 3010 Regum,
1342 2913 1549 3008 Principum,
1585 2911 1696 3008 ponti-

145 3031 241 3109 ficum
268 3035 305 3110 et
332 3033 798 3127 consentaneumque,
832 3058 918 3128 quoe
945 3035 982 3110 iu
1009 3035 1105 3111 cistis
1132 3033 1217 3130 ipsis
1243 3034 1378 3111 condita
1405 3036 1514 3126 orant,
1542 3033 1698 3109 dissolvit

145 3159 178 3232 et
202 3156 390 3247 devorarit,
427 3156 746 3251 cracoviensomquo
783 3157 959 3235 ecclesiam
986 3157 1057 3232 suis
1083 3156 1241 3254 pretiosis
1267 3159 1302 3232 et
1329 3156 1441 3232 charis
1476 3155 1696 3246 indumentis

145 3277 419 3375 pignoribusque,
448 3279 570 3372 quibus
597 3280 690 3354 ultra
716 3281 867 3356 caeteros
893 3278 1069 3355 Polonicus
1096 3278 1253 3355 ecclesias
1280 3279 1397 3354 dotata
1424 3281 1509 3371 erut,
1538 3277 1697 3374 priuauit.

145 3399 234 3495 Quod
261 3399 400 3493 quidem
426 3403 554 3477 tactum
582 3400 729 3498 prodigii
749 3402 822 3476 loco
839 3391 1006 3494 habitum,
1034 3401 1139 3476 etiam
1166 3401 1255 3496 apud
1282 3400 1457 3475 ministros
1479 3400 1540 3475 Dei
1559 3403 1595 3475 et
1613 3400 1698 3475 alios

144 3521 321 3600 timoratos
339 3521 429 3599 uiros
449 3523 486 3598 in
505 3522 705 3619 religionem
731 3545 864 3600 versum
891 3526 954 3615 est,
983 3523 1248 3613 autumantibus,
1277 3522 1573 3615 conflagrationem
1591 3522 1698 3617 ipsum

146 3644 248 3720 solius
275 3644 340 3721 Dei
367 3647 453 3722 nutu
480 3647 617 3742 propter
643 3644 793 3723 facinora
819 3645 919 3720 illum
945 3644 1161 3741 provocantia
1188 3643 1392 3740 prouenisse.

144 4011 290 4090 nudari
319 4013 456 4108 prinum
483 4017 598 4088 contro
630 4013 861 4089 Polovczoroc
887 4013 1022 4089 ueniunt
1048 4017 1082 4088 et
1107 4013 1326 4088 liutbenemn
1363 4030 1489 4088 onnon
1515 4013 1698 4107 potentian

516 4183 517 4186 κ
573 4136 622 4209 als
649 4135 863 4211 amianton
890 4135 1029 4211 malunt
1055 4140 1090 4210 et
1117 4135 1266 4211 coelunt.

245 4375 441 4454 Potentiam
468 4397 564 4453 snum
592 4377 834 4454 Thartarorum
873 4401 957 4474 gens
993 4378 1028 4452 in
1055 4399 1129 4454 eam
1156 4378 1243 4454 diem
1271 4377 1428 4473 ignorata
1454 4379 1489 4453 ot
1516 4376 1575 4453 uix
1601 4377 1696 4452 audi·

144 4500 190 4591 ta,
218 4499 261 4573 ad
289 4501 405 4595 partos
430 4499 724 4594 septemtrionales
750 4503 944 4592 extensum,
973 4500 1153 4577 Poloucnis
1173 4523 1216 4574 cx
1233 4499 1296 4574 illu
1322 4501 1420 4595 purte
1446 4497 1593 4594 maris³l
1620 4521 1698 4574 con-

144 4619 358 4713 sistentibus,
385 4623 420 4696 et
438 4621 592 4717 pluribus
610 4621 689 4697 aliis
707 4621 902 4698 nationibus
922 4622 1098 4715 conflictis,
1129 4622 1249 4698 deletis
1276 4623 1336 4697 aut
1363 4621 1565 4716 subiugatis,
1595 4621 1699 4695 etiam

144 4743 186 4818 nd
211 4745 326 4818 terras
352 4763 477 4836 mrum,
505 4743 565 4837 qni
591 4743 678 4819 citra
704 4765 797 4820 mare
823 4744 994 4820 Ruthenis
1021 4743 1229 4819 contuentes
1252 4744 1431 4839 degebant,
1458 4743 1563 4818 venit.
1591 4742 1656 4838 Qui
1671 4741 1700 4836 6)

144 4863 184 4940 de
209 4863 366 4962 potentia
392 4885 454 4940 suu
480 4864 596 4957 diffisi,
625 4865 823 4961 periculum,
852 4867 940 4958 quod
966 4865 1039 4940 illis
1065 4865 1280 4940 adhortaris
1306 4865 1514 4956 imminebat,
1543 4865 1697 4958 petentes

146 5005 181 5061 se
198 4985 370 5065 uniuersis
387 4983 550 5083 potentiis
576 4987 811 5064 Ruthenorum
830 4987 994 5080 adiuvari,
1023 4987 1209 5080 insinuant,
1238 4987 1466 5063 denuntiando
1493 5007 1554 5080 par
1581 4984 1699 5059 discri-

254 5279 281 5363 ¹)
305 5301 371 5345 nom
394 5284 473 5346 deest
494 5287 530 5346 ic
557 5283 626 5346 coe.
650 5279 723 5346 Aac.
748 5286 855 5345 etenim
882 5281 953 5346 God.
977 5283 1069 5347 Reor,
1104 5283 1354 5363 brostinguenco
1381 5281 1451 5344 Ood.
1474 5281 1566 5342 Reor.
1596 5277 1624 5360 ³)
1640 5297 1700 5342 ma-

144 5387 189 5462 gis
210 5389 272 5450 aa
296 5389 391 5451 Dobr.
431 5385 458 5467 ⁴)
479 5389 624 5451 Polewcni
650 5389 719 5451 Ood.
742 5390 836 5450 Roer.

194 5505 216 5549 u.
230 5506 323 5558 urnam.
339 5505 424 5549 muer.
437 5507 518 5550 aaron.
531 5507 558 5550 n.
571 5505 604 5556 11,
1513 5511 1545 5558 nc
