4162 6288
139 509 200 606 (Α.
218 506 269 588 D.
288 507 410 606 1264.)
745 531 859 586 urana
885 529 1079 586 snrrrnus.

267 842 424 919 lmmtlo
451 843 643 920 norrrtorli
669 841 793 918 ordinis
824 843 1085 918 Praediortorrn
1111 844 1145 917 ln
1171 843 1327 918 durorum
1355 841 1557 937 onerosior.

241 1083 399 1160 Nominis
430 1085 536 1161 diuini
572 1086 607 1162 et
643 1084 771 1163 ordinis
806 1085 1079 1162 Praedioatomm
1116 1084 1315 1181 religionem
1349 1084 1544 1160 Kauimirus
1583 1085 1690 1180 lluya-

137 1205 277 1297 aiensis,
314 1206 541 1282 Ianeidensis
567 1209 602 1282 et
629 1207 830 1282 Siradiensis
860 1208 940 1281 Dux
975 1206 1011 1280 in
1038 1207 1109 1281 suis
1136 1205 1388 1302 Prineipatibus
1422 1208 1592 1298 aueturus,
1621 1229 1691 1281 mo·

137 1327 325 1402 uastarium
351 1328 387 1402 in
415 1327 536 1423 oppido
563 1351 622 1403 suo
649 1329 811 1405 Bruesoue
838 1328 1037 1424 Guyariensi
1063 1329 1186 1402 fundat
1203 1330 1238 1403 et
1255 1327 1369 1423 erigit,
1399 1329 1434 1402 et
1452 1329 1576 1402 fratres
1595 1349 1691 1422 prae-

138 1448 246 1524 diotos
274 1471 295 1523 a
322 1449 525 1525 Prorineiali
552 1451 711 1526 Poloniae
747 1451 891 1545 potitos,
928 1452 963 1525 et
990 1473 1033 1525 ex
1059 1449 1269 1525 cracoviensi
1296 1452 1463 1524 conventu
1489 1452 1689 1544 assumptos,
1772 1483 1774 1488 ·

138 1569 172 1644 in
201 1571 265 1645 illo
292 1572 391 1663 loaat,
420 1593 601 1665 auramque
628 1573 765 1647 illorurn
791 1572 903 1646 dueali
930 1572 1163 1648 munilioentia
1189 1593 1319 1666 gerens,
1359 1571 1534 1646 eeclesiam
1562 1593 1622 1666 pro
1649 1571 1691 1643 il-

137 1691 182 1765 lis
208 1695 357 1768 arontam
384 1694 558 1788 oalioibus,
587 1693 721 1786 oasulis,
750 1693 959 1787 metensque
984 1693 1147 1770 olenodiis
1178 1695 1331 1769 adornat.

374 2060 556 2136 turnomio
583 2060 725 2135 oeolorla
751 2061 784 2132 ln
811 2059 956 2134 ordinem
984 2061 1216 2135 dmollororun
1243 2063 1469 2135 oonnatrtrr.

245 2300 435 2376 dulmensis
477 2299 652 2397 episeopus
692 2300 860 2377 Henrieue
901 2301 1029 2377 ordinis
1068 2301 1338 2377 Praedicatorum
1378 2301 1485 2378 frater
1520 2299 1694 2378 ecelesiam

138 2445 237 2498 suam
266 2423 488 2514 dulmensem,
517 2443 618 2515 quarn
641 2425 851 2530 ⁴saecularem
878 2423 1073 2518 reperierat,
1102 2423 1347 2518 irregularem
1375 2423 1614 2499 dononioorum
1642 2445 1693 2498 re-

137 2543 314 2640 gularium
340 2544 431 2620 beati
453 2543 645 2639 ‘Augustini
672 2545 891 2620 transtulisse
917 2542 985 2620 nori
1012 2545 1200 2637 contentus,
1238 2545 1361 2620 itemm
1392 2545 1490 2620 illurn
1516 2544 1553 2619 in
1579 2543 1693 2620 Ornoi·

138 2666 290 2742 leroruru
316 2666 478 2758 ordinem,
507 2666 767 2761 metropolitano
793 2689 853 2742 suo
880 2665 1068 2742 Gnesnonsi
1099 2665 1349 2762 arehiepiseopo
1375 2666 1554 2762 ignorante
1579 2668 1614 2742 et
1640 2666 1693 2740 in·

138 2788 309 2880 oonsulto,
337 2789 556 2879 transmutat,
585 2791 620 2864 ot
647 2787 717 2862 ritu
743 2787 984 2864 Oanonioorum
1011 2787 1222 2884 regularium
1257 2791 1360 2880 atque
1396 2789 1515 2863 habitu
1551 2787 1692 2880 abieoto,

139 2909 299 2983 hobitum
340 2909 442 3002 atquo
480 2908 586 2984 ritum
625 2909 871 2986 Ornoilororurn
913 2910 1039 2984 ordinis
1079 2909 1337 2986 Teutonieorum
1377 2910 1521 2986 Sanetao
1555 2909 1693 3002 Mariae,

139 3051 209 3105 una
237 3051 314 3105 oum
346 3029 497 3125 capitulo
532 3051 593 3105 suo
628 3030 800 3106 dulmensi
835 3031 998 3124 assumit,
1036 3031 1188 3125 generali
1223 3033 1306 3107 tuno
1340 3031 1504 3127 Magistro
1539 3030 1695 3106 Prassiao

139 3149 334 3226 Helmerieo
362 3153 397 3225 et
423 3149 601 3226 Fratribus
628 3151 681 3226 sui
708 3151 856 3242 ordinis,
884 3152 994 3247 ipsum
1021 3153 1056 3227 et
1084 3152 1271 3248 capitulum
1298 3173 1396 3227 suurn
1422 3153 1465 3227 ad
1487 3153 1695 3228 transmuto-

139 3271 269 3348 tionem
296 3271 489 3348 huiusmodi
524 3274 595 3346 tam
627 3295 724 3368 praee
750 3295 852 3365 quarn
888 3273 1102 3369 persuasione
1138 3275 1346 3370 impellente,
1382 3274 1536 3348 adhibita
1561 3273 1695 3369 gratili-

140 3395 275 3470 oatione
302 3396 338 3469 ot
363 3415 525 3470 eonsensn
551 3393 706 3470 Anselmi
734 3395 882 3491 episeopi
910 3395 1129 3490 Vermionsis,
1168 3399 1249 3473 tuno
1284 3394 1500 3492 apostolieae
1535 3396 1632 3473 Sedis
1658 3395 1695 3472 in

139 3515 284 3592 Prassia
309 3515 428 3613 legati,
457 3515 493 3590 in
519 3515 676 3594 dolendis
702 3516 890 3593 Februarii.

653 3882 833 3958 trroiloror
861 3883 1011 3958 rudent
1038 3881 1186 3960 erodunt

248 4119 402 4200 doenum
429 4121 587 4221 Berglrid
614 4125 798 4202 Pruthenis
829 4126 982 4202 barbaris
1017 4125 1258 4220 obsidentibus,
1295 4123 1539 4203 drueilerorum
1566 4125 1694 4204 exerei-

139 4249 199 4322 tus
227 4247 409 4322 adrenions
443 4246 481 4320 in
513 4248 672 4322 barbaros
706 4271 821 4323 somno
857 4269 989 4343 pressos
1019 4248 1139 4340 irruit,
1176 4250 1211 4324 st
1238 4248 1334 4324 mille
1368 4249 1528 4325 treoentis
1564 4249 1693 4342 oensis,

139 4367 293 4459 reliquos
319 4367 355 4442 in
382 4368 500 4464 lugam
527 4367 619 4464 egit,
649 4371 865 4461 austrumque
892 4369 1069 4464 Bergfrid,
1102 4391 1144 4445 ne
1170 4391 1210 4444 eo
1235 4369 1419 4463 aliquando
1444 4369 1578 4446 barbari
1605 4369 1694 4467 poti-

139 4490 273 4581 rentur,
302 4487 382 4584 igne
408 4489 544 4565 delerit.
573 4490 744 4584 Reparato
771 4511 855 4566 noro
881 4491 1033 4566 exercitu
1060 4492 1095 4566 et
1121 4489 1264 4582 fortiori,
1292 4491 1458 4566 Prutheni
1472 4495 1596 4568 terram
1615 4493 1695 4567 (lul-
1752 4472 1753 4476 Ν

141 4630 293 4686 mensem
319 4609 476 4705 ingressi,
505 4609 637 4706 spoliis,
666 4611 747 4707 igne
774 4613 810 4686 et
835 4610 991 4686 enodibus
1018 4613 1228 4707 peruastant.
1264 4612 1389 4688 Contra
1416 4635 1499 4706 quos
1524 4613 1694 4688 Helmeri-

140 4752 203 4806 ous
231 4729 388 4806 Prussiuo
413 4729 578 4826 Magister
605 4754 680 4808 oum
707 4731 890 4807 Theodrioo
926 4734 1088 4808 marsaloo
1123 4732 1296 4825 dimicans,
1335 4733 1464 4809 oeeisus
1495 4735 1692 4826 sueeumbit,
1728 4793 1729 4798 a

140 4855 177 4928 et
205 4851 360 4928 barbaris
386 4852 671 4948 praevalentibus,
705 4852 794 4928 vires
822 4853 1078 4947 Oruoiferornm,
1115 4855 1343 4950 quadraginta
1378 4855 1482 4931 etiam
1517 4855 1694 4931 Fratribus

141 4995 222 5050 oum
247 4975 412 5070 Magistro
438 4976 473 5050 et
500 4975 665 5052 marsaleo
693 4975 900 5068 radentibue,
929 4975 1070 5052 attritae
1097 4978 1189 5051 sunt.
1217 4977 1259 5051 In
1279 4975 1389 5053 loeum
1416 4975 1514 5052 oooisi
1536 4975 1695 5075 Magistri

141 5095 345 5190 Helmerioi,
374 5095 539 5194 septimus
565 5097 732 5194 Magister
757 5097 946 5176 Ludorious
972 5097 1013 5175 de
1039 5098 1271 5176 Baldensthen
1290 5097 1315 5194 ¹)
1340 5099 1512 5176 suffectus.

252 5353 276 5436 ¹)
298 5355 516 5422 Kddenseneiu
538 5355 598 5424 Ed.
621 5357 709 5436 Idea.
