4162 6288
370 511 445 584 380
976 526 1088 580 arnna
1115 525 1309 580 smannens.
1663 507 1728 602 (Α.
1746 504 1920 605 111281.)
1948 594 1951 599 ,
2078 517 2079 520 ‘

369 717 478 794 terras
513 714 780 806 lathomorum,
818 712 1087 811 Samagitarum,
1124 714 1389 811 Iacavingorum
1422 716 1459 792 et
1492 714 1637 793 aliorum
1671 717 1854 813 gentilium
1885 719 1920 794 et

370 839 625 915 idololatrarum
650 836 804 930 intravit,
832 839 939 913 terras
965 836 1057 933 ipsas
1084 837 1238 912 vastitati
1264 840 1300 914 et
1326 837 1526 914 desolationi
1560 861 1621 934 per
1646 841 1779 916 caedem
1806 842 1843 916 et
1869 839 1920 915 in·

371 960 489 1037 cendia
514 959 727 1034 subacturus,
771 957 838 1034 His
864 961 989 1052 autem,
1018 979 1103 1052 quae
1130 958 1167 1034 in
1194 958 1360 1054 principio
1387 962 1615 1053 occurrebant,
1647 959 1684 1036 in
1711 963 1863 1058 stragem
1887 964 1922 1039 et

371 1065 524 1158 flammas
550 1080 651 1173 datis,
689 1103 766 1156 eum
792 1079 965 1156 residuum
991 1080 1068 1173 iter,
1101 1103 1167 1173 quo
1193 1080 1230 1154 in
1257 1079 1418 1158 interiora
1443 1081 1689 1158 Lithuanorum
1715 1084 1751 1158 et
1776 1083 1922 1158 aliarum

372 1203 549 1280 nationum
576 1225 808 1298 perversarum
835 1203 1081 1298 penetrandum
1107 1203 1192 1294 erat,
1224 1202 1391 1280 viscosum
1418 1205 1454 1280 et
1479 1203 1635 1299 pluribus
1661 1203 1923 1281 difficultatibus

372 1328 537 1403 refertum
563 1326 664 1418 esset,
702 1325 809 1401 fames
845 1346 976 1419 quoque
1012 1325 1224 1420 pabulorum,
1261 1324 1416 1402 barbaris
1446 1326 1619 1402 frumenta
1645 1347 1753 1421 pauca
1778 1325 1922 1402 serenti-

373 1451 436 1523 bus
476 1449 512 1524 et
538 1447 622 1522 haec
649 1445 724 1542 ipsa
749 1446 786 1521 in
814 1445 909 1522 silvis
936 1448 971 1522 et
998 1447 1179 1542 paludibus
1210 1447 1451 1539 occulentibus,
1488 1447 1678 1524 crederetur
1704 1449 1801 1524 tanto
1827 1469 1924 1524 exer·

373 1569 457 1646 citui
484 1591 671 1661 occursura,
708 1567 884 1664 quadrigis
911 1569 946 1642 et
972 1567 1223 1663 impedimentis
1249 1590 1326 1644 oum
1353 1591 1456 1664 parva
1483 1569 1633 1644 militum
1658 1591 1771 1661 manu,-
1800 1569 1860 1664 qui
1886 1591 1927 1646 aa

374 1693 562 1783 tuerentur,
591 1690 731 1782 relictis,
760 1691 803 1766 ad
829 1689 1060 1766 meditullium
1087 1691 1305 1766 barbarorum
1332 1690 1420 1766 itum
1445 1693 1510 1766 cst.
1543 1691 1609 1768 Sed
1634 1692 1808 1782 hithuani‚
1838 1693 1925 1779 Pru:

374 1814 470 1890 thoni
497 1814 532 1889 et
559 1812 619 1888 alii
645 1812 791 1904 barbari,
820 1812 857 1886 in
883 1811 987 1886 armis
1013 1812 1048 1888 et
1075 1811 1229 1906 potentia
1259 1835 1321 1887 sua
1347 1811 1465 1904 diffisi,
1502 1812 1633 1888 animos
1659 1815 1701 1888 ad
1727 1813 1865 1889 fraudes
1890 1815 1926 1890 et

375 1937 469 2012 dolos
495 1936 716 2011 convertunt:
752 1936 788 2009 et
813 1936 857 2010 ab
883 1933 1155 2030 exploratoribus
1182 1933 1253 2010 suis
1280 1933 1380 2026 docti,
1417 1956 1502 2028 quae
1529 1938 1618 2012 esset
1644 1934 1803 2012 catholici
1830 1957 1926 2011 exer-

375 2057 463 2133 citus
489 2057 604 2148 facies,
642 2055 719 2149 quis
745 2056 853 2148 tenor,
890 2056 967 2149 quis
1002 2056 1091 2147 ordo,
1130 2055 1258 2132 milites
1293 2055 1352 2150 qui
1378 2056 1420 2131 ad
1447 2056 1689 2152 impedimenta
1715 2059 1750 2131 et
1776 2057 1927 2132 sarcinas

374 2178 605 2256 remanserant
624 2176 659 2272 ¹),
697 2177 852 2252 omnibus
887 2177 992 2273 copiis
1019 2177 1196 2270 invadunt,
1233 2177 1496 2271 resistentesque
1531 2200 1634 2273 parvo
1669 2178 1808 2274 negotio
1835 2180 1926 2271 (cum

376 2299 535 2376 catholici
569 2300 725 2393 respectu
760 2297 954 2374 barbaricae
990 2297 1222 2374 multitudinis
1258 2299 1359 2394 pauci
1394 2299 1521 2393 forent)
1556 2299 1716 2392 fundunt,
1744 2300 1780 2376 et
1806 2298 1844 2374 in
1871 2321 1927 2375 ore

376 2421 485 2518 gladii
511 2421 581 2496 fere
608 2441 740 2494 omnem
768 2420 903 2493 turbam
930 2419 1003 2495 illio
1029 2419 1270 2496 consistentem
1298 2420 1470 2516 perimunt
1497 2423 1532 2494 et
1559 2421 1685 2512 dolent,
1722 2419 1928 2515 sarcinisque

376 2543 646 2619 christianorum
682 2539 871 2636 potiuntur.
917 2540 1011 2636 Quod
1046 2542 1126 2616 dum
1152 2541 1349 2634 Christiani,
1387 2541 1504 2638 paucis
1540 2541 1599 2635 qni
1624 2537 1709 2639 fuga
1739 2542 1926 2634 evaserant,

377 2664 628 2755 nuntiantibus,
658 2663 920 2759 persensissent,
948 2664 992 2739 ad
1017 2664 1128 2740 locum
1155 2664 1363 2742 sarcinarum
1389 2663 1573 2758 celerrime,
1601 2667 1761 2741 barbaros
1787 2686 1928 2760 occupa

378 2787 459 2876 turi,
488 2787 716 2863 revertuntur.
761 2787 847 2862 Erat
872 2787 908 2861 et
934 2785 1085 2862 barbaris
1114 2809 1176 2881 par
1203 2787 1337 2862 animus
1364 2809 1515 2884 pugnam
1550 2786 1754 2879 conserendi,
1791 2789 1929 2882 proptor

377 2910 467 3004 quod
492 2911 528 2984 et
554 2907 821 2984 flhristianorum
848 2908 994 2983 reditum
1020 2907 1057 2982 in
1084 2908 1291 2984 sarcinarum
1317 2910 1388 2984 loeo
1414 2908 1661 3004 operiebantur.
1693 2907 1928 2986 Convenienti·

378 3033 442 3106 bus
468 3028 672 3105 (11111011οη10
698 3030 733 3104 01
760 3028 922 3121 barbaris,
961 3029 1002 3104 fit
1028 3030 1149 3106 durum
1184 3031 1355 3106 certamen
1390 3029 1480 3105 inter
1515 3031 1686 3124 utrosque,
1715 3032 1750 3106 et
1776 3029 1930 3124 pluribus

378 3151 482 3244 horis,
511 3151 662 3228 ducibus*
677 3173 754 3226 suos
781 3151 1052 3242 adhortantibus,
1080 3173 1186 3244 aequo
1212 3152 1321 3226 Marte
1349 3153 1577 3247 pugnabatur.
1605 3153 1652 3226 Et
1679 3151 1760 3226 lieet
1786 3173 1930 3246 magnae

379 3276 512 3348 turmae
529 3275 746 3348 barbarorum
765 3271 975 3364 cecidissent,
1004 3271 1207 3347 Christianis
1234 3275 1348 3348 tamen
1375 3272 1522 3368 primum
1549 3272 1668 3368 pedem
1694 3271 1928 3364 referentibus,

380 3419 460 3471 mox
485 3394 589 3471 etiam
615 3394 714 3490 terga
739 3393 960 3485 vertentibus,
998 3392 1150 3469 barbaris
1177 3394 1342 3489 provenit,
1379 3394 1467 3470 iusto
1494 3395 1565 3470 Deo
1591 3393 1742 3470 facinora
1768 3393 1929 3471 Christis

380 3540 500 3594 norum
526 3517 716 3612 plectente,
745 3515 896 3592 victoria.
944 3514 1008 3611 Qui
1035 3514 1155 3591 vicisse
1182 3515 1333 3591 contenti
1360 3517 1395 3592 et
1421 3517 1533 3591 locum
1559 3515 1760 3591 insidiarum
1786 3515 1931 3593 incidere

381 3639 493 3731 veriti,
521 3638 753 3734 profugientes
785 3637 941 3734 persequi
977 3637 1224 3712 subet'terunt:
1252 3659 1318 3732 quo
1344 3639 1500 3715 effectum
1515 3637 1544 3733 ²)
1570 3639 1634 3731 ert,
1663 3638 1702 3712 ut
1728 3638 1842 3714 clades
1868 3637 1930 3713 ali·

382 3762 510 3854 quanto
537 3760 656 3852 minor,
685 3782 787 3854 quam
815 3782 874 3854 pro
901 3782 1039 3835 nurnero
1066 3759 1231 3836 ederetur.
1260 3759 1387 3835 Occidit
1413 3761 1527 3836 autern
1554 3759 1590 3834 in
1617 3758 1809 3836 huiusmodi
1836 3782 1930 3855 prae·

381 3883 428 3958 lio
455 3883 554 3959 miles
580 3881 726 3978 insignis
741 3879 769 3977 ³)
796 3881 959 3958 Schinkol
986 3882 1026 3958 de
1044 3882 1180 3978 Bpthon
1196 3880 1224 3976 ⁴)
1250 3903 1373 3977 genere
1391 3882 1602 3959 Westfalus:
1630 3881 1690 3974 qui
1716 3883 1930 3958 barbarorum

383 4027 503 4080 euneos
538 4006 832 4095 transverberans,
874 4005 1056 4095 antequam
1091 4003 1307 4078 medietatem
1343 4003 1537 4100 attigisset,
1578 4003 1762 4079 barbaricis
1796 4003 1931 4080 frameis

282 4217 289 4230 ,
383 4103 529 4202 obtritus
555 4127 620 4200 est.
648 4123 777 4202 Occidit
804 4127 839 4201 et
865 4125 982 4205 domes
1009 4125 1049 4199 (10
1075 4124 1236 4200 Reiderer
1251 4123 1290 4219 5),
1320 4125 1354 4201 01
1372 4127 1487 4220 plures
1513 4125 1575 4200 alii
1602 4125 1763 4200 militaris
1780 4127 1817 4201 et
1833 4147 1931 4217 eque·

383 4248 465 4323 stris
492 4246 618 4323 ordinis
644 4246 720 4322 viri.
758 4247 824 4321 Sed
851 4248 886 4324 et
912 4269 979 4322 non
1006 4268 1111 4342 parva
1138 4245 1321 4320 multitudo
1348 4245 1425 4322 viva
1451 4246 1487 4321 in
1514 4267 1634 4322 manus
1660 4247 1852 4324 barbaricas
1877 4269 1932 4322 ve·

384 4370 448 4445 nit.
489 4371 544 4443 Ex
571 4369 693 4461 quibus
720 4369 800 4443 dum
827 4368 926 4444 iuxta
952 4390 1031 4443 suas
1058 4367 1207 4444 nefariae
1235 4367 1504 4462 superstitiones,
1532 4367 1608 4442 Diis
1634 4367 1705 4443 suis
1731 4391 1791 4462 pro
1819 4391 1930 4444 00100-

385 4493 464 4566 outa
489 4489 631 4566 victoria
657 4489 804 4565 oblaturi
832 4489 1006 4580 libamina,
1044 4511 1149 4564 unum
1176 4491 1266 4566 sorte
1293 4489 1510 4584 deposcerent
1536 4489 1680 4565 flammis
1707 4490 1932 4582 cremandum,

385 4613 420 4688 et
446 4634 517 4688 sors
543 4611 580 4687 in
606 4610 806 4687 Hircahalsa
833 4611 939 4688 civem
965 4606 1274 4708 Mapdburgensem'
1304 4610 1489 4704 cecidisset,
1528 4610 1686 4688 beneficio
1713 4633 1845 4706 quoquo
1870 4611 1932 4687 ali·

385 4754 528 4829 quorum
554 4735 770 4810 barbarorum
797 4733 897 4808 illum
924 4733 1134 4810 noscentium
1161 4733 1214 4809 bis
1240 4733 1404 4809 liberatus
1431 4735 1528 4825 foret,
1561 4733 1665 4809 tertia
1691 4733 1825 4808 demum
1852 4733 1931 4825 vice,

385 4856 465 4930 duur
492 4855 592 4930 illum
618 4876 690 4930 sors
717 4855 920 4950 deposceret,
949 4857 1068 4950 sponte
1095 4877 1131 4932 se
1158 4854 1295 4948 obtulit,
1311 4856 1346 4932 et
1373 4854 1538 4952 sacrilego
1564 4853 1635 4931 ritu
1661 4875 1737 4937 cum
1759 4875 1855 4948 equo,
1883 4853 1933 4932 oui

385 4975 564 5068 insidebat,
592 4974 737 5051 flammis
764 4977 932 5052 crematus
958 4976 1022 5052 est.

497 5252 960 5333 1)1011011010111(10111100.
1001 5253 1159 5332 q>facturn
1186 5251 1372 5317 00111001.
1411 5251 1439 5333 ³)
1461 5255 1585 5330 insignis
1615 5260 1646 5314 et
1675 5253 1833 5316 bellicosus
1862 5249 1933 5315 0011.

388 5355 540 5440 110104)
563 5359 703 5434 Schinkel
718 5359 755 5422 de
769 5359 884 5442 Bython
911 5357 982 5432 Geel.
1005 5359 1097 5432 Roar.
1121 5359 1254 5443 (Stenael
1269 5359 1306 5425 de
1320 5356 1491 5442 Bentleim)
1531 5354 1559 5436 ⁶)
1583 5357 1727 5436 disideras
1748 5355 1820 5432 God-
1842 5357 1934 5430 aaa.
