4140 6298
162 551 227 648 (Α.
248 553 295 630 D.
316 553 435 650 1253.)
780 579 891 632 creua
918 579 1112 632 surrrmue.
1644 563 1716 634 337

167 765 250 857 ,qui
280 788 339 862 pro
367 765 588 840 monstruosis
615 787 727 839 rerum
756 766 1058 862 perplexitatibus,
1087 767 1192 841 uellet
1218 765 1374 841 fiduciam
1402 767 1592 842 narratibus
1612 767 1636 862 ¹)
1662 767 1720 840 ad·

168 888 318 976 ,bibere
352 889 562 982 Frequenter
588 887 676 962 euim
706 887 863 984 contigit,
892 889 979 981 quod
1007 891 1286 981 consummatum,
1315 891 1368 965 rel
1396 889 1491 982 quasi
1520 889 1721 965 coniecturis

168 1010 424 1106 ,probabilibus
450 1009 693 1085 aestimabatur
719 1011 904 1105 negotium,
933 1012 968 1084 ot
993 1011 1077 1085 tuuc
1104 1033 1146 1084 ex
1173 1013 1316 1106 abmpto
1331 1011 1360 1106 2)
1387 1011 1517 1086 inuenit
1535 1013 1721 1107 tempestas

168 1131 390 1228 „impeditira
417 1154 592 1227 processus
619 1131 739 1223 babiti,
777 1155 864 1226 quae
890 1133 931 1208 de
957 1131 1048 1208 facto
1083 1133 1302 1228 consumpsit,
1339 1135 1428 1226 quod
1462 1133 1550 1208 ratio
1586 1133 1719 1228 praedi-

168 1256 291 1343 „xerat
316 1256 597 1330 consummatum.
626 1255 682 1329 Sic
709 1255 847 1329 Saturni
877 1257 987 1328 motus
1014 1256 1147 1350 experti
1174 1257 1254 1330 sunt
1282 1277 1342 1350 per
1368 1255 1534 1345 effectum,
1563 1255 1620 1349 qui
1639 1257 1719 1330 Pla·

168 1378 272 1466 ,neta
298 1377 423 1453 dicitur
451 1377 643 1470 malivolus,
674 1377 856 1473 procedens
883 1379 919 1452 et
945 1378 1102 1453 recedens
1129 1379 1245 1453 ordine
1272 1379 1479 1473 retrogrado.
1507 1379 1553 1452 Et
1579 1378 1628 1452 sic
1646 1379 1719 1452 lon-

168 1497 378 1594 „ganimiter
413 1501 638 1576 exercuerunt
664 1499 783 1575 durias
818 1499 969 1574 studium
985 1497 1024 1593 ³),
1062 1501 1150 1594 quod
1178 1501 1323 1575 inultum
1339 1499 1368 1594 ⁴)
1395 1499 1536 1595 profecti
1565 1500 1656 1592 sunt,
1686 1501 1720 1574 et

168 1643 312 1716 ,parum
341 1621 555 1716 profecerunt
581 1621 672 1698 infra
698 1621 891 1714 teudinum,
930 1629 996 1696 non
1025 1622 1171 1697 heberte
1206 1622 1358 1698 bracium
1386 1643 1486 1696 cursu
1514 1644 1584 1696 suo.
1630 1622 1720 1696 Tan·

67 1776 78 1789 ·
168 1743 267 1832 ,dem
295 1766 373 1820 roro
399 1765 475 1818 cum
503 1745 659 1821 rediisset
686 1745 793 1821 frater
818 1746 960 1820 Iacobus
987 1745 1139 1840 laegatus
1167 1745 1287 1837 fidelis,
1325 1747 1360 1820 et
1387 1744 1516 1840 negotii
1543 1743 1641 1818 firma
1668 1767 1721 1817 sa·

168 1865 296 1959 „nitas
326 1867 385 1944 rix
413 1868 552 1947 obtenta
578 1867 646 1941 fuit
673 1867 715 1941 ad
743 1867 955 1943 referendum
984 1865 1201 1962 particularis
1236 1866 1430 1943 audientia:
1468 1867 1622 1961 quamvis
1649 1865 1722 1962 ipse

167 1989 335 2077 „uidisset
369 1993 504 2066 curatos
531 1992 566 2064 et
592 1988 821 2065 examinasset
857 1989 1076 2084 inquisitores
1112 1990 1299 2084 primarios,
1337 1989 1393 2082 qui
1427 1991 1659 2084 processerant
1686 1988 1721 2062 iu

170 2111 349 2199 „omnibus
377 2111 442 2188 lide
471 2114 568 2188 bona.
596 2112 667 2187 Nos
693 2134 771 2187 rero
798 2111 950 2188 finaliter
976 2111 1159 2208 stupefacti
1187 2113 1227 2186 de
1253 2113 1352 2186 tanta
1378 2112 1533 2206 congerie
1552 2111 1721 2206 probatio·

169 2257 275 2323 ,num
303 2259 369 2312 non
396 2233 553 2324 admissa,
591 2235 782 2331 praeposito
814 2235 1021 2330 procuratori
1053 2235 1201 2310 diximus
1229 2235 1325 2328 quasi
1354 2234 1560 2330 parabolice:
1597 2233 1720 2309 Neces-

170 2355 321 2444 ,sarium
349 2358 452 2432 habet
493 2357 637 2430 Sanctus
664 2358 776 2432 uester
803 2380 907 2431 unum
934 2357 1084 2433 finaliter
1120 2356 1250 2452 operari
1287 2355 1498 2448 miraculum,
1536 2355 1624 2448 quod
1651 2355 1720 2430 dis-

170 2479 370 2567 ,cordantes
397 2478 431 2552 in
460 2478 633 2553 miraculis
660 2478 864 2554 mirabiliter
890 2479 993 2554 faciat
1020 2479 1228 2554 concordare.
1257 2478 1446 2552 Effectum
1467 2479 1518 2552 est
1545 2478 1605 2570 ita,
1634 2477 1722 2571 quod

173 2601 254 2690 ,ubi
282 2600 388 2696 pestis
424 2600 570 2697 grauior,
608 2599 654 2675 ibi
682 2602 775 2676 salus
811 2603 864 2678 est
898 2603 1035 2677 suborta
1071 2599 1299 2697 propinquior,
1331 2603 1366 2676 et
1392 2600 1504 2675 subito
1533 2599 1626 2696 prius
1653 2601 1726 2688 dis·¹

170 2723 307 2812 ,cordes
342 2723 491 2799 conuersi
528 2724 609 2797 sunt
645 2721 853 2800 unanimiter
888 2724 930 2798 ad
966 2724 1227 2798 concorditetem
1262 2722 1466 2815 concordiae,
1503 2723 1722 2798 decernentes

172 2844 409 2934 ,uniformiter
436 2846 540 2922 talem
568 2844 679 2920 airum
707 2845 959 2922 canonisationc
975 2846 1004 2941 ⁵)
1030 2845 1279 2942 dignissimum,
1316 2849 1352 2920 et
1379 2867 1438 2940 per
1464 2865 1503 2919 ea
1529 2868 1615 2938 quae
1642 2844 1724 2920 fecit

171 2955 368 3060 ,miracula
406 2989 547 3062 quorum
583 2965 681 3043 extat
712 2969 888 3044 luculenta
923 2969 1088 3064 probatio,
1126 2967 1290 3044 veraciter
1317 2989 1389 3043 esse
1416 2968 1589 3042 Sanctum.
1635 2967 1723 3041 Sanc

172 3089 387 3185 „praefatum
421 3093 669 3186 procuratorem
696 3093 732 3167 et
758 3091 924 3187 collegam
961 3091 1084 3187 ipsius,
1122 3113 1182 3187 pro
1218 3113 1280 3164 sua
1311 3089 1495 3186 multiplici
1531 3089 1721 3186 diligentia,

172 3213 326 3300 ,restrae
353 3212 526 3289 dilectioni
554 3213 861 3290 recommendamus
887 3211 1126 3308 multipliciter
1141 3213 1181 3307 ⁶).
1209 3213 1296 3286 Nam
1315 3215 1432 3287 nostra
1454 3211 1606 3303 interest,
1635 3211 1724 3304 quod

173 3334 401 3423 ,honorentur
426 3335 484 3430 qui
512 3335 609 3410 uobis
636 3335 821 3411 astiterunt
848 3335 883 3410 in
911 3359 1019 3432 agone
1046 3335 1252 3428 certaminis,
1281 3337 1316 3410 et
1343 3335 1430 3428 quod
1457 3335 1648 3410 tractentur
1665 3356 1725 3429 per

172 3477 254 3544 ,ros
280 3459 444 3551 tanquam
471 3457 716 3551 benemeriti,
745 3461 866 3534 saltem
902 3481 963 3555 pro
989 3460 1104 3534 nostro
1142 3458 1276 3534 nomine
1303 3460 1510 3533 reverentur.
1557 3455 1722 3552 Quicquid

173 3577 285 3668 ,enim
312 3579 459 3672 honoria,
501 3581 627 3656 fauoris
654 3581 710 3655 vel
737 3581 869 3677 gratiae
896 3581 1030 3658 dilectis
1057 3581 1173 3656 amicis
1200 3581 1335 3673 nostris,
1369 3583 1442 3654 tum
1471 3603 1529 3675 pro
1557 3601 1619 3653 sua
1646 3601 1723 3674 pro·

172 3701 315 3795 ,bitctq
344 3704 417 3778 tum
445 3725 505 3798 pro
533 3706 649 3778 nostro
684 3703 894 3799 precamine,
924 3727 983 3800 pcr
1010 3727 1068 3780 uos
1096 3701 1286 3779 exhibitum
1314 3702 1429 3794 fuerit,
1469 3701 1564 3776 nobis
1592 3701 1721 3797 impen-

174 3845 271 3913 ,smn
298 3845 372 3900 esse
398 3826 604 3920 generaliter
640 3825 904 3918 aestimabimus,
939 3829 974 3902 et
1000 3827 1041 3901 ad
1070 3825 1240 3901 Ecclesiae
1276 3828 1407 3901 restrae
1434 3823 1660 3899 defensionem
1689 3825 1724 3897 et

173 3946 480 4035 ,conservationem
508 3947 542 4022 in
570 3946 641 4022 suis
668 3947 809 4037 iuribus,
838 3951 989 4023 nostram
1017 3947 1111 4023 robis
1139 3947 1263 4022 exilem
1291 3947 1488 4042 potentiam,
1517 3946 1557 4020 ad
1578 3945 1723 4040 diligen-

173 4069 264 4158 ,tom
292 4068 441 4164 ipsomm
477 4071 688 4161 instantiam,
726 4070 914 4148 liberaliter
949 4072 1214 4166 praesentamus.
1260 4070 1381 4146 Valete
1414 4069 1449 4143 in
1475 4068 1618 4143 Domino
1645 4067 1724 4143 lesu

173 4190 367 4280 ,Obmsto.“
1407 4217 1408 4220 ‘

195 4557 415 4636 dancnlrelnr
441 4561 583 4638 tructas
611 4561 799 4637 stanislaum
827 4559 860 4635 ir
887 4561 1026 4638 ecclesia
1052 4561 1246 4638 barisiensi:
1273 4562 1308 4638 et
1335 4561 1368 4638 in
1395 4576 1434 4639 se
1453 4559 1699 4641 canonizatione

703 4689 854 4760 nonum
881 4686 1101 4761 resuscitatus
1129 4691 1191 4761 cst.

274 4925 395 5002 Natali
421 4925 585 5002 Dominae
613 4929 746 5003 nostrae
773 4928 1079 5005 excellentissimae
1097 4929 1251 5026 Virginis
1278 4930 1404 5006 Mariae
1431 4930 1630 5006 adveniente
1658 4931 1722 5024 die,

167 5049 329 5124 Summus
355 5048 515 5124 Pontifex
542 5049 760 5126 Innocentius
787 5073 863 5127 curn
890 5051 1034 5149 collegio
1061 5051 1289 5128 dardiuulium
1316 5055 1351 5129 et
1379 5053 1599 5129 multitudine
1626 5077 1723 5149 praa·

281 5327 305 5408 ¹)
326 5331 514 5392 narrantibus
537 5329 597 5392 Ed.
621 5329 709 5407 nepo.
742 5326 770 5414 l)
787 5348 823 5392 ex
839 5333 965 5407 obrupto
984 5333 1054 5396 Geel.
1077 5331 1152 5394 Aut.
1185 5331 1354 5412 ³)stadium
1381 5331 1452 5394 Ood.
1476 5331 1567 5394 Roar.
1597 5321 1624 5412 ⁴)
1639 5335 1723 5394 multi

167 5435 231 5497 Ed.
253 5435 342 5512 Lips.
381 5431 410 5514 ⁶)
434 5436 663 5496 canonisationis
685 5453 805 5496 munere
832 5435 903 5498 eoo.
926 5439 1020 5499 Roas.
1060 5435 1087 5517 ⁶)
1110 5439 1275 5513 diligenter.
1303 5439 1373 5500 Cod.
1397 5440 1488 5500 Roar.

218 5587 242 5632 J,
257 5588 350 5641 umam.
365 5590 450 5633 Hister.
464 5589 544 5631 Polou.
559 5589 585 5631 r.
599 5590 631 5632 11.
1395 5644 1399 5652 ,
1536 5583 1568 5630 ⁴³
