4162 6288
368 527 442 600 372
783 585 786 592 .
973 545 1084 596 annun
1111 545 1304 598 susumus.
1647 523 1710 616 (Α.
1730 523 1777 598 Ι).
1798 523 1913 618 rate.)
1949 589 1952 594 .

367 732 572 810 victualibus
599 731 767 808 munitum
787 733 821 825 ¹),
859 732 948 806 illud
975 731 1011 806 in
1037 730 1137 806 fidem
1164 732 1200 806 et
1225 731 1429 826 potestatem
1461 731 1624 807 Semouiti
1649 731 1820 808 Maeoniae
1846 732 1913 806 Du-

368 855 417 929 ois
444 854 688 929 oommendaut.
734 853 862 948 Quibus
889 855 990 928 rebus
1021 852 1215 926 Kaaimirus
1250 851 1468 947 capariensis
1494 853 1584 943 Dux,
1621 853 1678 946 qui
1706 853 1794 927 alias
1819 855 1857 928 ot
1881 854 1916 930 in

368 975 468 1050 foetis
495 976 530 1050 et
555 974 667 1050 vorbis
694 976 836 1069 superbo
863 975 955 1050 fastu
982 975 1146 1066 tumebat,
1176 974 1258 1050 adeo
1284 973 1487 1050 humiliatus
1514 976 1578 1065 est,
1606 977 1646 1048 nt
1680 973 1795 1050 missis
1822 975 1915 1069 lega

369 1096 425 1188 tie,
453 1095 667 1171 sufferentias
694 1096 788 1190 paois
815 1097 857 1170 ad
884 1096 972 1172 diem
1007 1095 1098 1174 beati
1124 1095 1278 1172 Andreae
1313 1094 1467 1190 Apostoli
1494 1096 1684 1187 rimatores,
1721 1077 1917 1172 aDuoibns

371 1217 591 1312 praestandas
617 1219 803 1312 expeteret,
838 1219 873 1293 et
900 1217 936 1291 in
963 1218 1077 1292 eodem
1113 1217 1232 1292 Sanoti
1266 1215 1420 1292 Andreae
1455 1216 1521 1308 dio,
1558 1216 1657 1292 iuxta
1692 1217 1917 1294 eommuniun

288 1327 291 1334 ⁴
371 1341 534 1414 baronum
560 1337 738 1414 arbitrium
774 1339 954 1430 decretum,
983 1341 1019 1413 et
1044 1337 1166 1414 eastris
1200 1337 1371 1432 ooonpatis
1397 1339 1433 1413 et
1459 1338 1584 1414 finibus
1610 1361 1646 1414 se
1673 1359 1857 1431 sessurum,
1884 1339 1918 1412 et

372 1459 539 1555 imperata
553 1459 582 1554 Ἰ)
608 1482 629 1534 a
655 1459 837 1535 baronibus
864 1482 900 1536 se
926 1459 1138 1534 iureiurando
1166 1459 1347 1554 spopondit
1377 1459 1608 1554 impleturum.

476 1581 678 1657 Duodecimo
705 1581 870 1656 colendas
897 1580 1048 1655 Ianuarii
1074 1579 1241 1674 Hodvigis
1267 1579 1421 1673 Durissa,
1454 1603 1590 1658 oonsors
1616 1580 1766 1658 Boloslai
1793 1579 1920 1677 legni-

374 1703 504 1780 ozensis
530 1703 631 1778 Duris
658 1705 693 1778 et
721 1702 793 1776 filia
819 1701 960 1778 Comitis
987 1703 1028 1777 de
1054 1699 1192 1777 annuo
1207 1698 1246 1794 ³),
1274 1700 1371 1777 obiit.

535 2068 694 2142 tonantio
717 2067 913 2142 nonasterii
939 2067 1236 2142 runnlnounliu
1268 2069 1407 2142 bonomo
1434 2067 1546 2142 blame
1573 2067 1606 2140 in
1633 2066 1768 2142 annua.

478 2310 684 2404 Exemplum
710 2307 860 2385 Boloslai
896 2307 1014 2384 Pudioi
1048 2307 1276 2384 Graoouiensis
1307 2309 1343 2385 et
1368 2306 1651 2384 sudomiriensis
1686 2307 1789 2383 Duois
1824 2309 1923 2384 Bole-

374 2433 467 2506 slaus
493 2433 575 2506 Pius
601 2429 816 2507 bulloniensis
843 2431 922 2505 Dux
949 2431 1104 2522 mutue,
1141 2431 1288 2506 alterum
1315 2429 1352 2504 in
1380 2429 1520 2507 oiuitate
1556 2429 1746 2506 Gneenonsi
1782 2429 1952 2526 femina,

375 2576 451 2628 rum
482 2553 724 2629 monasterium
751 2551 1005 2628 Minorissarum
1032 2573 1092 2627 seu
1119 2553 1262 2630 Sanotae
1288 2552 1408 2628 illatae
1434 2552 1556 2628 nudet
1581 2554 1616 2628 et
1647 2551 1752 2644 uillis,
1780 2550 1926 2648 proediis

374 2677 410 2752 et
435 2674 632 2752 introitibus
657 2697 701 2752 ex
727 2673 808 2752 fieoo
834 2673 947 2750 ouoab
973 2673 1160 2752 liberaliter
1187 2674 1284 2750 dotat
1310 2675 1346 2752 et
1372 2673 1525 2750 libertat.

431 3042 615 3118 aurinum
643 3041 804 3136 buarius
830 3042 902 3116 box
929 3045 1074 3118 oratmn
1101 3041 1291 3116 barranum
1318 3041 1470 3134 oplaoopo
1488 3041 1753 3118 lllalirlrrionri
1771 3042 1877 3134 eripit

483 3283 737 3380 Prinoipatibus
763 3283 845 3378 suis,
876 3283 1105 3375 Laneioiensi,
1134 3282 1335 3379 Gnyauiensi
1350 3283 1398 3379 ⁴),
1432 3282 1626 3360 Karimirns
1651 3286 1731 3360 Dux
1757 3309 1825 3362 uon
1851 3308 1929 3362 eon·

380 3409 507 3498 tentus,
536 3410 685 3483 oestrum
712 3407 955 3502 Roonmmhb
981 3429 1057 3482 oum
1085 3429 1144 3482 suo
1172 3405 1330 3481 districtu
1356 3409 1399 3482 eb
1426 3405 1567 3482 ooolesia
1588 3405 1869 3484 Wlodislsrienei
1896 3410 1932 3483 et

380 3529 535 3625 episeopo
562 3527 741 3606 Wolimiro
772 3529 940 3618 auferens,
978 3551 1037 3622 per
1069 3527 1228 3602 iniuriam
1263 3529 1406 3622 oooupat
1432 3529 1468 3602 et
1494 3549 1574 3604 suae
1609 3528 1762 3623 applioab
1797 3528 1930 3605 ditioni.

381 3650 581 3728 Wolinirus
607 3653 722 3726 autem
748 3650 923 3746 episeopus
942 3648 1237 3726 Wladislariensis
1263 3650 1336 3722 tem
1362 3669 1501 3742 gravem
1526 3649 1686 3724 iniuriam
1713 3673 1780 3726 non
1807 3651 1929 3742 ferens,

381 3771 592 3846 Konimirum
628 3771 867 3868 buyariensem
909 3772 1035 3846 Dueom
1070 3768 1339 3846 exeommunioat
1374 3771 1409 3844 et
1439 3771 1548 3846 terras
1591 3793 1670 3846 suas
1705 3771 1931 3847 eeclesiastico

383 3891 520 3968 subiioit
554 3891 744 3984 interdicto,
781 3891 1035 3984 eonfestimqno,
1072 3915 1114 3967 no
1150 3913 1211 3984 per
1243 3891 1369 3964 Duoem
1404 3889 1616 3978 Kaaimirum
1652 3891 1771 3986 impeti
1807 3894 1930 3987 posset,

384 4013 541 4089 diooesim
569 4035 664 4088 suam
691 4035 859 4108 egressus,
888 4013 923 4087 in
951 4011 1162 4089 Oraooriensi
1190 4010 1313 4086 dionei
1339 4012 1428 4105 apud
1454 4013 1577 4107 Lagou
1604 4015 1810 4090 morabatur.
1855 4015 1933 4088 Dux

384 4136 499 4210 autem
526 4134 739 4227 Kaaimirus,
772 4157 848 4209 oum
876 4134 912 4208 in
938 4133 1131 4229 episeopum
1158 4155 1224 4208 non
1252 4133 1376 4227 posset,
1410 4132 1444 4206 in
1472 4135 1558 4208 bona
1583 4156 1645 4210 sua
1670 4135 1800 4212 seorim
1826 4133 1934 4230 eoepit

384 4257 420 4331 et
447 4257 561 4350 plures
588 4256 698 4332 ourias
734 4277 814 4332 suae
850 4279 926 4332 oum
962 4254 1092 4332 horreis
1118 4257 1154 4330 et
1180 4253 1361 4330 frumentis
1388 4256 1449 4330 sub
1476 4257 1627 4350 tempore
1653 4255 1933 4353 Qumrngesinao

386 4377 465 4474 igno
492 4378 714 4474 oonmnpsit.
1502 4359 1504 4366 ’

578 4741 748 4814 lunurriar
775 4741 808 4813 iu
836 4741 1115 4832 orobiopiaoopnn
1142 4739 1359 4815 bnornonrrn
1385 4741 1506 4814 bonae
1533 4744 1751 4814 oonroomtur.

491 4981 698 5058 Gnesnonsis
725 4979 885 5058 eeclesiae
911 4981 1039 5057 eleetos
1055 4979 1084 5074 6)
1111 4979 1298 5073 Ianusoius,
1326 4978 1438 5056 literis
1455 4979 1649 5056 nuntiorum
1668 5004 1814 5074 suorum,
1843 4983 1932 5058 Hen-

388 5155 801 5186 ....-.........l-

497 5273 522 5353 1)
543 5277 694 5352 impletum
719 5275 792 5340 Coei.
813 5277 907 5339 Rorr.
931 5273 1130 5355 'limpetrata
1155 5273 1226 5338 Ood.
1248 5277 1340 5338 Reor.
1372 5273 1401 5346 ³)
1424 5276 1561 5338 Hanbadl
1578 5275 1649 5340 Ooo.
1665 5277 1759 5340 Reor.
1791 5273 1820 5357 ⁴)
1843 5277 1933 5354 Cura·

389 5381 499 5454 riensi,
538 5380 757 5456 suanensiquo
796 5379 869 5444 Ood.
906 5382 999 5446 Rorr.
1046 5376 1072 5461 ι)
1102 5380 1248 5462 Raoiasoh
1285 5380 1345 5444 Bo.
1376 5381 1463 5462 arpo.
1502 5375 1529 5465 ⁶)
1559 5382 1671 5450 eleetos
1700 5382 1935 5464 achiepiscopus

395 5483 466 5550 Oool.
490 5485 584 5548 Rorr.
