4172 6278
152 529 215 626 (Α.
236 529 284 608 D.
304 531 424 626 12³7.)
679 523 684 534 ’
780 556 893 610 nunna
920 557 1073 610 saurus.
1630 545 1702 620 251

150 739 317 832 consiliis,
343 739 651 834 direptionibusque
678 741 886 838 repromittit
910 743 1120 839 pariturum,
1157 768 1357 841 germanum
1393 750 1552 843 patruum
1579 737 1705 827 (luura-

150 863 233 938 dum
258 862 428 940 Masurius
465 864 592 939 Duoem
619 887 686 940 non
713 886 809 940 soous
843 888 945 958 quam
981 866 1181 944 acerrimum
1218 869 1350 944 hostem
1378 871 1552 965 pertaesus
1573 873 1617 966 '):
1646 874 1705 966 qui

151 983 218 1060 etsi
246 987 287 1061 ob
314 984 349 1060 id
375 986 592 1062 vehomenter
618 1008 655 1062 se
681 989 880 1078 quereretur
915 987 1114 1064 iniuriaturn
1150 990 1185 1064 et
1217 991 1405 1084 nemineum,
1444 993 1554 1087 pastis
1592 997 1705 1070 tamen

150 1109 188 1182 et
214 1105 428 1184 iureiurando
463 1107 687 1200 oonstriotus,
726 1108 959 1205 compositioni
996 1111 1112 1205 paruit
1145 1113 1181 1188 et
1208 1112 1378 1207 praesidia
1404 1137 1447 1189 ox
1473 1116 1624 1192 euolosiis
1652 1117 1703 1192 iu·

151 1229 354 1322 castellatis,
381 1227 542 1306 videlieet
568 1229 851 1324 Seurbimiriensi,
880 1231 1142 1309 Andrueoriensi
1169 1237 1205 1310 et
1241 1235 1523 1311 Prandooniuensi
1550 1239 1704 1314 deduxit.

150 1352 207 1428 Ex
233 1374 272 1427 eo
299 1350 415 1444 itaque
441 1353 593 1448 tompore
619 1351 788 1428 Henrious
806 1377 882 1430 oum
900 1356 1005 1430 barba
1022 1356 1290 1452 sellouuroham
1319 1357 1467 1434 Polonioi
1496 1359 1606 1454 Regni
1626 1383 1703 1457 ges·

150 1473 210 1566 sit,
238 1474 275 1549 et
300 1474 373 1550 tam
399 1474 549 1566 solertia,
578 1497 680 1568 quum
707 1477 791 1552 natu
818 1479 854 1552 et
876 1475 1178 1572 Prinoipatibusb,
1207 1477 1266 1570 qui
1294 1478 1329 1552 in
1356 1503 1434 1556 eum
1460 1482 1703 1576 confluxerant,

151 1594 241 1671 inter
267 1593 428 1672 Poloniae
463 1597 573 1672 Duoos
610 1595 716 1672 maior
749 1598 958 1686 habebatur;
996 1621 1075 1674 nour
1112 1598 1175 1674 etsi
1205 1601 1343 1695 propter
1378 1625 1537 1694 amorem,
1575 1628 1642 1695 quo
1670 1605 1705 1678 in

149 1716 347 1792 Bolsslaum
373 1716 536 1793 Pudiouru
576 1717 831 1795 cracoviensem
867 1719 993 1796 Duaour
1021 1721 1200 1816 flagrabat,
1228 1744 1249 1796 a
1276 1723 1379 1798 titulo
1406 1725 1558 1799 Duoatus
1585 1727 1703 1802 Grano-

150 1836 278 1914 riousis
305 1839 341 1915 et
367 1838 650 1915 Sandomiriensis
676 1839 854 1932 abstinuit,
884 1842 941 1917 sed
969 1843 1140 1918 duntaxat
1167 1864 1203 1919 se
1230 1843 1368 1918 blaioris
1395 1845 1554 1922 Poloniae
1577 1849 1612 1923 ot
1630 1849 1702 1924 slo-

149 1958 223 2036 siae
247 1960 375 2038 Dauom
401 1961 437 2038 et
463 1960 635 2038 domiuum
662 1961 871 2056 nominarim
900 1963 936 2038 in
963 1963 1048 2059 ipsis
1075 1964 1191 2042 tamon
1217 1966 1404 2042 Duratibus
1431 1967 1643 2044 (lraoorionsi
1670 1972 1705 2045 ot

149 2081 414 2158 Sandomiriensi
442 2082 552 2178 magis
578 2081 631 2157 illi
658 2085 694 2160 ot
720 2083 792 2160 suis
819 2083 987 2180 imperiis,
1016 2108 1116 2177 qaam
1145 2086 1281 2182 proprio
1303 2089 1338 2162 et
1356 2089 1506 2164 naturali
1533 2091 1617 2165 Daoi
1638 2093 1701 2166 Bo·

149 2203 256 2280 leslao
283 2203 409 2280 Pudioo
436 2206 515 2300 post
541 2205 659 2281 foedus
686 2227 763 2281 oum
790 2205 943 2282 Gunredo
970 2207 1138 2283 Maeoniae
1164 2209 1256 2284 Duos
1284 2208 1389 2284 iatum
1417 2213 1609 2306 parebatur.
1638 2213 1704 2290 Sed
1828 2220 1832 2226 ’

148 2327 184 2402 et
210 2327 291 2402 Dux
317 2326 495 2402 Boleslaus
521 2326 670 2403 Pudious
696 2327 926 2404 Oraoorionsis
952 2327 1139 2424 gratificari
1167 2327 1265 2424 illi³)
1305 2331 1421 2407 volens
1457 2334 1494 2408 ot
1519 2333 1701 2428 impensae,

148 2469 235 2543 quas
261 2469 322 2544 pro
349 2470 385 2524 se
411 2449 447 2524 et
473 2447 546 2524 suis
571 2449 761 2558 Duratibus
796 2451 837 2526 de
873 2472 976 2526 manu
1012 2451 1158 2526 (lauradi
1185 2451 1353 2528 illusoriae
1388 2453 1493 2530 Dueis
1519 2455 1702 2550 eripiendis

149 2569 287 2662 locarat,
325 2569 515 2663 refundere,
553 2569 722 2648 notabiles
758 2571 844 2648 Duri
879 2571 1026 2648 Hemioo
1060 2595 1138 2648 oum
1173 2575 1277 2650 barba
1310 2575 1441 2652 reditus
1481 2579 1516 2651 et
1543 2576 1704 2654 introitus

151 2691 286 2768 tamin
312 2691 522 2768 braoorionsi
549 2694 585 2769 ot
612 2693 874 2771 Sandomiriauei
912 2693 1111 2787 Duratibus,
1146 2717 1248 2790 quam
1275 2695 1312 2770 in
1338 2696 1459 2793 uuppis
1485 2697 1702 2775 Wioliouien·

149 2813 256 2907 sibus,
284 2812 494 2908 tolouoisquo
520 2813 791 2912 oonsignarerat.
836 2815 1046 2892 Monarohali
1071 2817 1186 2894 autom
1213 2819 1402 2913 potestate,
1441 2820 1640 2914 praesertim
1667 2821 1715 2896 in.

148 2935 359 3014 Oratorionsi
378 2937 414 3013 at
432 2936 696 3014 Saudomirieuei
713 2937 814 3015 torris
841 2939 1008 3014 Haurieus
1035 2937 1258 3036 praeditum),
1286 2941 1372 3016 bona
1390 2941 1587 3018 monasterii
1614 2943 1702 3038 Opa-

147 3057 355 3152 thoaiensis,
383 3057 615 3136 (lraooriensis
632 3059 785 3152 dionesie,
814 3059 974 3138 uidelicet
991 3060 1153 3156 oppidum
1171 3061 1334 3157 Opathoa
1352 3085 1429 3138 oum
1447 3063 1590 3141 sedenim
1610 3063 1703 3152 uillis

148 3183 184 3256 et
210 3179 343 3276 aliquot
368 3179 640 3276 manipularibus
666 3179 817 3274 decimis,
854 3181 1058 3279 Templsriis
1092 3183 1254 3278 exclusis,
1291 3207 1431 3277 quorum
1469 3184 1604 3281 insigne
1630 3185 1705 3262 illio

149 3304 225 3380 erat
250 3301 455 3396 noerolium,
493 3303 665 3380 annuento
692 3304 727 3380 ot
753 3304 845 3380 ultro
880 3304 1112 3382 consentiente
1147 3305 1236 3382 rotis
1270 3305 1342 3382 sais
1379 3307 1536 3384 Boleelao
1563 3307 1699 3400 Pudice,

149 3422 311 3502 ooolosiao
336 3423 547 3502 Imbuoaensi
574 3424 627 3500 sui
654 3425 794 3502 dominii
815 3425 979 3524 applicat.
1007 3428 1078 3504 Noo
1103 3427 1159 3502 his
1186 3429 1377 3522 contentus,
1405 3428 1442 3503 in
1468 3429 1569 3504 terris
1595 3429 1701 3506 llaio-

148 3545 197 3622 ris
223 3545 384 3642 Poloniae
410 3545 571 3642 oppidum
607 3546 799 3625 Karimioru
826 3571 902 3625 oum
929 3570 990 3625 suo
1016 3549 1187 3642 distriotu,
1225 3572 1301 3626 oum
1327 3550 1580 3644 quatuordeeim
1607 3551 1702 3640 villis

148 3671 185 3746 ot
211 3667 354 3746 totidem
380 3667 531 3762 daoimls,
559 3667 642 3744 item
669 3668 704 3745 in
731 3669 834 3746 torris
861 3669 991 3748 Slesiae
1017 3670 1178 3767 oppidum
1204 3673 1315 3748 Borelr
1343 3694 1419 3748 oum
1446 3671 1596 3764 decimis,
1625 3695 1701 3749 oum

147 3789 244 3867 uillis
269 3792 307 3870 et
331 3791 484 3884 laaubns,
512 3792 686 3887 possintne
712 3791 924 3870 Lubuuaonsi
950 3791 1111 3870 ooalesioe
1137 3794 1251 3870 donat.

174 4161 378 4254 Ιιοοιιῦοοι
396 4159 558 4253 omnuim
585 4161 656 4234 unx
683 4159 759 4234 olan
786 4160 948 4253 orphanos
976 4165 1010 4234 ot
1035 4159 1152 4235 ulnas
1179 4159 1301 4233 iniuste
1328 4159 1460 4251 apellat
1486 4180 1507 4234 a
1534 4162 1678 4235 muribus

833 4281 1017 4357 bonoratur.

252 4526 333 4600 Dux
358 4525 569 4622 ltpaonslaus
584 4524 613 4621 ⁶)
639 4525 778 4621 propter
805 4524 1031 4620 caesariomb
1069 4523 1192 4621 ospitis
1219 4547 1339 4620 parum
1366 4546 1482 4600 sanam
1510 4525 1705 4620 appellatus

147 4645 353 4725 tthosuisako
368 4645 408 4742 ⁷),
445 4647 613 4723 Duoatum
640 4646 884 4744 (impuriensem
919 4671 963 4724 ex
989 4648 1098 4745 patris
1130 4647 1184 4722 sui
1210 4646 1314 4724 Duois
1349 4645 1521 4732 Maeoniae
1557 4645 1704 4722 (lauradi

147 4767 362 4846 oonoossiono
389 4767 479 4844 iuter
504 4768 630 4846 fratres
656 4768 809 4862 sortitus,
846 4770 926 4844 dnm
962 4771 1124 4865 quasdam
1159 4768 1278 4846 viduos
1313 4770 1349 4845 ot
1374 4769 1543 4863 orphanos
1570 4771 1704 4863 praeter

147 4889 360 4984 aequitatem
385 4891 421 4967 et
447 4889 617 4966 iustitiam
652 4890 847 4987 spoliasset,
875 4893 912 4968 et
937 4891 1048 4968 vaoois
1074 4914 1190 4968 aarum
1226 4889 1396 4982 mastatio,
1435 4888 1704 4982 substantiisque

7 5032 10 5038 ’
147 5011 335 5110 oooupatie,
372 5011 587 5109 splendidum
621 5013 811 5092 oonririum
837 5037 881 5092 ex
908 5013 981 5090 illis
1007 5013 1230 5110 optimatibus
1257 5015 1293 5088 et
1320 5011 1487 5088 militibus
1514 5010 1702 5106 Gapavien-

258 5309 283 5390 ¹)
304 5312 401 5384 vitans
422 5309 484 5374 na.
506 5312 602 5374 Dobr.
642 5309 948 5390 'lprinoipalioribns
970 5311 1031 5374 Ed.
1054 5312 1148 5374 Βοῦν.
1188 5307 1218 5388 ³)
1240 5309 1399 5384 gratificari
1421 5307 1550 5368 Henrioo
1574 5307 1704 5368 curatori

149 5432 204 5478 nuo
230 5414 303 5478 coo.
326 5415 420 5478 moer.
459 5411 488 5500 ⁴)
510 5418 622 5493 potitus
658 5415 730 5479 θοοῦ.
759 5417 853 5479 Rosr.
891 5417 1013 5478 obtenta
1041 5415 1101 5478 Ed.
1130 5413 1224 5476 Βοῦν.
1264 5409 1291 5491 ⁶)
1314 5412 1519 5488 Myesohlans
1537 5410 1607 5473 Ood.
1629 5409 1704 5472 Aoo.

150 5515 179 5605 ‘)
199 5525 328 5589 montom
351 5521 412 5590 Ed,
434 5521 530 5594 Βοῦν.
563 5519 589 5601 ⁷)
605 5521 751 5608 Kosaislro
778 5517 851 5596 Οοά.
872 5521 968 5592 Beer.
991 5519 1136 5590 Chosisko
1162 5517 1232 5582 Ood.
1255 5517 1327 5601 Lip.
1351 5515 1513 5582 Chosuisko
1536 5515 1594 5580 Βῦ.
1609 5515 1705 5580 Βοῦν.
