4172 6278
370 524 446 598 254
999 543 1111 594 uranu
1138 543 1291 596 sexsus.
1648 520 1709 614 (Α.
1729 521 1777 597 D.
1798 521 1919 626 1238.)

368 731 481 808 ducali
516 731 661 808 tenendo
696 727 864 806 Henricus
899 753 974 805 cum
1009 732 1115 806 barba
1149 730 1427 828 consignaverat,
1472 755 1539 806 non
1574 731 1700 808 audens
1735 752 1916 823 remanere,

360 841 458 950 'petit
476 853 500 948 ¹)
527 851 563 926 in
590 850 706 946 aliqua
733 850 920 928 munitione
947 852 1176 928 Granouiensis
1202 856 1313 930 terrae
1338 852 1506 944 collocari,
1544 853 1648 930 donec
1682 854 1776 928 furor
1801 853 1916 930 aduer-

369 974 532 1051 sariorum
560 996 696 1050 suorum
724 973 949 1066 conquiescat,
978 977 1014 1050 et
1040 973 1221 1051 baronibus
1247 975 1318 1052 suis
1344 974 1559 1072 congregatis
1590 976 1625 1051 et
1651 974 1820 1066 adunatis,
1848 977 1917 1050 sta
1951 999 1953 1004 ·

369 1099 426 1173 tos
452 1081 709 1192 Principatuum
737 1118 873 1172 suorum
899 1097 988 1173 uires
1015 1119 1198 1188 resumens,
1235 1099 1396 1174 aduersus
1422 1119 1478 1174 eos
1505 1097 1702 1173 invalescat.
1746 1099 1826 1172 Dux
1853 1097 1917 1174 itu·

370 1241 434 1312 que
461 1218 628 1308 Henricus
654 1220 789 1294 curator
816 1241 899 1302 suus
925 1217 1146 1294 munitionem
1173 1219 1278 1316 rupis,
1308 1243 1394 1313 quoe
1420 1219 1544 1294 dicitur
1570 1219 1685 1311 Skala,
1715 1217 1750 1294 in
1780 1219 1917 1315 Prnegi·

369 1339 428 1416 nia
454 1339 502 1416 eie
529 1339 681 1416 concedit
708 1341 750 1416 ad
777 1340 1010 1433 habitandum,
1048 1343 1083 1416 et
1118 1343 1227 1418 certos
1261 1341 1391 1418 reditus
1406 1341 1434 1436 ²)
1461 1341 1614 1436 providet
1639 1341 1683 1416 ad
1709 1342 1918 1418 iacendum:

370 1461 427 1538 nbi
463 1461 597 1538 collecti
612 1459 639 1556 3)
667 1463 737 1538 lere
764 1461 993 1557 quinquennio
1028 1462 1249 1540 delituerunt.
1294 1465 1373 1559 Ipse
1400 1486 1477 1538 uero
1503 1461 1671 1540 Henricus
1685 1462 1713 1559 ⁴)
1739 1465 1819 1538 Dux
1845 1486 1920 1539 oum

370 1583 524 1660 omnibus
550 1583 726 1676 reditibus,
751 1583 1034 1680 presentibusque
1061 1584 1254 1662 cracoviam
1279 1585 1323 1661 nd
1350 1607 1448 1660 usum
1474 1607 1572 1660 suum
1608 1583 1768 1678 retinens,
1804 1584 1920 1660 habito

370 1704 537 1780 communi
564 1703 704 1782 consilio
730 1703 878 1801 episcopi
905 1707 941 1781 et
966 1707 1140 1799 baronum,
1160 1705 1417 1802 Rempublieam
1444 1704 1581 1801 provide
1607 1704 1787 1798 ordinauit,
1816 1707 1920 1802 leges,

370 1826 492 1922 quibus
519 1828 668 1903 humana
693 1826 835 1904 audacia
861 1829 1087 1919 coerceretur,
1125 1827 1279 1904 institnit
1304 1830 1340 1906 et
1365 1826 1583 1923 conscripsit,
1622 1826 1711 1904 viros
1737 1826 1921 1904 industrios

370 1950 406 2024 et
431 1948 586 2043 providos
622 1947 785 2044 praefecit
820 1949 991 2026 boneficiis
1017 1951 1053 2026 et
1079 1949 1348 2046 magistratibus,
1372 1949 1572 2046 pestiferum
1598 1971 1706 2046 genus
1732 1948 1916 2042 hominum,

371 2069 528 2147 uidelicet
555 2070 725 2146 maleficos
752 2072 787 2146 et
814 2070 1076 2146 calumniatores
1110 2071 1360 2164 exterminavit,
1398 2072 1492 2168 leges
1519 2069 1789 2166 concussionis&
1814 2069 1919 2163 elisit,

370 2191 544 2287 seilicetb
570 2195 753 2268 Pomoczne
779 2194 815 2268 et
841 2192 1019 2288 Virginale
1054 2195 1089 2270 et
1123 2194 1278 2285 Viduale,
1316 2193 1408 2270 etsi
1435 2215 1521 2289 quae
1553 2196 1635 2269 sunt
1660 2191 1798 2285 similia,
1826 2214 1920 2288 pror·
1960 2213 1963 2223 ·

370 2313 471 2410 sus⁷)
497 2313 703 2409 extirpauit3
732 2314 871 2410 insuper
897 2315 1091 2391 libertatern
1118 2315 1276 2392 ecelesiae
1302 2315 1523 2392 confirmavit.
1552 2315 1674 2409 sieque
1699 2313 1736 2391 iu
1762 2337 1801 2390 eo
1828 2316 1920 2390 statu

370 2437 462 2511 terra
487 2435 609 2532 posita,
637 2459 743 2528 eoque
769 2438 945 2532 regnante,
975 2435 1071 2530 quasi
1099 2461 1158 2532 por
1184 2437 1381 2514 decennium
1408 2437 1514 2515 creuit
1540 2459 1652 2514 rerum
1677 2436 1922 2532 incrementat

370 2557 406 2632 et
432 2557 576 2655 profecit
604 2559 719 2636 mutuo
744 2558 879 2638 uinculo
906 2581 1056 2638 munera
1082 2558 1265 2639 societatis.

824 2923 1034 3039 ANNUS
1068 2923 1295 3039 DOMINI
1332 2923 1472 3038 1238.

372 3173 526 3248 bondeno
553 3192 627 3248 oum
653 3175 753 3247 barba
790 3177 934 3248 aroanna
971 3175 1116 3264 moritur,
1153 3178 1188 3248 a
1214 3193 1271 3248 aar
1297 3174 1346 3247 ita
1373 3176 1511 3248 roratur
1539 3173 1604 3263 sit,
1639 3174 1740 3247 retent
1773 3166 1923 3246 mietio

372 3295 530 3390 graphas,
557 3297 612 3390 qni
640 3315 712 3370 oum
739 3297 924 3389 accepisset
951 3296 984 3368 in
1011 3291 1259 3370 iiaebnieaenai
1285 3295 1485 3370 monastario
1512 3297 1732 3390 sepulturam,
1759 3294 1925 3370 bordon·

839 3419 942 3491 lilium
969 3437 1064 3491 auum
1090 3417 1203 3492 babuit
1229 3435 1463 3492 suceessorum.

477 3657 705 3736 Monarchiam
741 3658 854 3755 Regni
889 3658 1049 3736 Poloniae
1083 3657 1249 3734 Henrious
1284 3680 1360 3735 cum
1395 3661 1499 3734 barba
1533 3657 1671 3734 Maioris
1706 3657 1865 3758 Poloniae
1891 3659 1926 3735 et

374 3781 502 3858 Slesiae
527 3783 607 3856 Dux
634 3781 789 3876 adeptus,
826 3781 870 3856 ad
896 3780 1030 3858 felicem
1057 3781 1350 3877 tranquillumque
1377 3783 1505 3856 statum
1532 3779 1673 3857 Polonia
1699 3783 1761 3856 sub
1787 3779 1925 3877 regimi-

374 3925 417 3978 ne
442 3904 479 3977 et
505 3901 704 3998 Principatu
730 3903 803 3978 tam
830 3901 913 3977 iusti
939 3905 975 3978 et
1001 3901 1142 3978 celebris
1169 3902 1338 3998 Principis
1364 3901 1438 3978 visa
1469 3903 1524 3978 est
1550 3900 1756 3996 peruenisse.
1801 3901 1927 3978 Sedet

374 4021 543 4098 Henricus
568 4024 648 4097 Dua
674 4023 848 4118 praefatus
882 4023 919 4098 in
950 4022 1087 4099 llaioris
1122 4023 1282 4100 Poloniae
1317 4025 1451 4100 Ducatu
1486 4021 1609 4100 solium
1644 4045 1744 4098 suum
1770 4021 1927 4118 quiete’)

375 4144 574 4221 credebatur
600 4143 763 4237 firmasse,
792 4167 869 4222 eum
896 4145 1008 4220 subito
1034 4167 1158 4220 novum
1185 4144 1410 4241 dispendium,
1438 4167 1590 4240 novaque
1616 4142 1783 4240 pernicies
1809 4144 1927 4241 Regno

375 4266 528 4362 praefato
553 4265 713 4344 Poloniae
730 4266 890 4344 accessit:
918 4267 998 4342 Dux
1015 4265 1180 4361 siqnidem
1197 4264 1242 4362 ¹⁰)
1268 4267 1436 4344 Hemicus
1461 4267 1505 4348 ad
1522 4268 1638 4362 partes
1663 4264 1926 4344 inferioresbu·

375 4390 512 4464 eatuum
539 4409 686 4481 suorum,
713 4389 918 4478 ·Krosnnam,
956 4409 1059 4483 prope
1086 4387 1248 4464 terminos
1265 4379 1456 4466 'Bohemiao
1482 4387 1567 4464 sitas
1601 4388 1816 4480 descendens,
1851 4389 1925 4464 lan·

376 4531 479 4606 guare
506 4509 655 4606 grauiter
691 4511 813 4606 coepit.
860 4510 908 4585 Et
939 4508 1093 4602 quamuis
1127 4509 1168 4586 de
1203 4511 1365 4606 languore
1400 4532 1460 4586 suo
1496 4495 1630 4586 consors
1665 4530 1728 4586 sua
1763 4508 1926 4606 Hedrigis

236 4677 240 4682 -
375 4632 476 4707 beata
502 4653 561 4726 per
588 4631 729 4708 celerem
757 4629 916 4706 nuntium
943 4629 1066 4706 certior
1092 4631 1185 4706 faeta
1210 4630 1342 4725 fuisset,
1372 4631 1511 4708 uisitare
1537 4633 1651 4708 bmen
1669 4631 1782 4726 illum,
1810 4654 1926 4726 qnam·

375 4751 429 4830 ris
454 4751 519 4830 uiri
546 4753 700 4848 precibus
727 4751 966 4848 multipliciter
997 4753 1127 4847 rogata,
1166 4751 1367 4846 intermisit,
1392 4776 1435 4828 ne
1461 4775 1563 4846 qnam
1599 4751 1787 4830 scintillam
1813 4753 1925 4831 eoniu-

379 4873 470 4970 galis
509 4875 668 4952 moeroris
702 4873 773 4951 uiso
810 4897 911 4971 aegro
947 4872 1069 4948 marito
1106 4873 1340 4967 contraxisset,
1377 4897 1477 4968 quem
1513 4874 1604 4950 inira
1638 4897 1745 4952 annos
1771 4875 1926 4974 triginta,

377 4995 499 5091 quibus
526 4997 669 5088 uterque
704 4995 867 5074 caelibem
902 4997 1027 5092 agebat
1062 4993 1180 5088 uitam,
1217 4995 1388 5074 rarissime
1414 4999 1449 5074 et
1475 5019 1542 5074 non
1572 4995 1640 5072 nisi
1666 4996 1704 5074 in
1730 4997 1927 5076 necessitate

641 5138 790 5148 ...ρ-

485 5187 510 5266 ¹)
531 5189 608 5264 petit
629 5189 667 5251 ab
688 5189 819 5250 Hanrico
842 5204 907 5247 cam
928 5187 1022 5248 barba
1043 5188 1104 5248 Ed.
1126 5188 1222 5250 Dobr.
1261 5185 1288 5268 α)
1311 5189 1400 5250 ocrim
1422 5187 1567 5251 reditibus
1598 5189 1659 5252 Ed.
1681 5189 1777 5251 Dobr.
1816 5185 1846 5269 ³)
1869 5190 1926 5250 col·

377 5293 468 5354 locati
493 5290 565 5354 coo.
587 5293 680 5356 Roar.
715 5288 742 5371 ⁴)
765 5292 912 5354 Heminae
935 5307 1001 5352 cam
1022 5292 1115 5354 barba
1139 5289 1211 5356 (lod.
1233 5292 1325 5362 Roas.
1357 5288 1384 5371 Β)
1407 5293 1608 5354 concursionis
1633 5291 1705 5358 Geni.
1727 5293 1821 5356 Rosr.
1845 5289 1925 5372 “ini-

379 5395 488 5460 delioet
509 5397 570 5460 Ed.
592 5397 687 5459 moer.
727 5393 900 5475 'iperosus
933 5394 1005 5459 Uoot.
1028 5396 1122 5460 Roas.
1162 5394 1422 5476 ⁸)incrementum
1447 5392 1509 5469 Ed.
1532 5398 1627 5468 Dobr,
1665 5395 1693 5482 ⁹)
1715 5399 1847 5481 quietum
1869 5396 1926 5464 Ed.

378 5501 485 5570 Deba·
516 5498 556 5583 ¹⁰)
579 5517 704 5588 namque
726 5501 786 5562 Ed.
808 5495 910 5580 Dobr,
