4162 6288
161 548 234 651 (Α.
257 552 304 629 D.
324 550 449 655 1275.)
773 579 886 632 arene
912 579 1106 636 susumus.
1637 569 1712 639 435

157 762 317 838 turanum
343 783 526 855 sacrarum,
555 763 677 855 quibus
703 765 888 842 Ecclesiam
914 767 976 842 Dei
1003 767 1241 864 multipliciter
1267 769 1466 861 illustravit,
1501 773 1642 863 labores,
1671 774 1715 847 ad
1808 857 1815 868 ¹

156 884 390 979 lugdunense
416 884 602 961 Ooncilinm
630 909 690 982 per
716 886 914 981 Gregorium
942 891 1070 984 Papam
1088 890 1109 985 ¹)
1136 893 1286 982 uocatus,
1314 893 1393 966 dum
1411 915 1455 967 eu
1473 893 1626 988 Neapoli,
1655 895 1714 969 ubi

156 1005 317 1099 degebat,
345 1004 381 1078 in
406 1006 612 1100 Lugdunum
639 1009 862 1102 perrecturus,
891 1009 1064 1086 discedens
1084 1011 1120 1084 in
1139 1012 1358 1106 Campaniam
1385 1013 1603 1106 pervenisset,
1632 1037 1713 1108 gra-

156 1125 194 1199 ui
223 1127 387 1221 languora
412 1128 596 1222 correptus
625 1150 702 1202 cum
728 1129 782 1202 sui
808 1129 936 1204 ordinis
964 1132 1167 1207 monasteria
1193 1133 1233 1208 de
1260 1156 1363 1228 prope
1389 1157 1455 1208 non
1474 1137 1642 1227 extarent,
1671 1138 1712 1210 ad

158 1247 404 1324 monasterium
430 1249 662 1324 cistarciensis
698 1249 836 1341 ordinis,
874 1252 961 1342 quod
999 1253 1093 1328 Noua
1120 1255 1211 1328 fossa
1236 1255 1441 1348 appellatur,
1470 1255 1618 1332 divertit.
1666 1259 1713 1330 Et

157 1365 416 1463 ingrauescente
450 1369 675 1464 aegritudine,
703 1374 840 1446 etcum
868 1370 1000 1466 ingenti
1037 1373 1222 1465 deuotione,
1261 1374 1385 1449 mentis
1420 1398 1551 1469 quoque
1578 1378 1613 1450 et
1639 1400 1710 1482 ccr-

157 1489 265 1584 poris,
293 1513 362 1582 qua
386 1513 517 1586 semper
543 1492 728 1586 splenduit,
756 1492 925 1586 puritate,
954 1494 1096 1570 moritur
1135 1497 1171 1569 et
1197 1496 1233 1569 in
1261 1497 1467 1591 presbyterio
1494 1497 1614 1572 altaris
1641 1521 1711 1572 ma·

156 1611 243 1686 ioris
283 1613 478 1701 monasterii
505 1597 670 1708 praedicti
711 1614 945 1690 honestissime
972 1616 1147 1710 sepelitur.
1190 1617 1293 1693 (luins
1320 1619 1537 1696 sanctitatem
1564 1621 1712 1696 clemens

155 1731 325 1808 Dominus
351 1734 471 1809 multis
498 1733 735 1810 miraculorum
763 1735 952 1811 illustravit
978 1737 1224 1831 splendoribus.

610 2091 819 2205 ANNUS
854 2094 1078 2206 DOMINI
1114 2095 1249 2209 1275.

264 2337 415 2430 driplrinc
442 2357 578 2412 consors
603 2340 759 2413 Lastheni
786 2341 881 2432 lligro
910 2361 965 2433 por
990 2343 1161 2416 Boleslans
1191 2344 1343 2418 l’ndicnm
1370 2347 1606 2419 reconcilietur.

264 2579 529 2674 Separationem,
557 2603 626 2674 qua
652 2581 687 2656 s'e
714 2581 882 2676 (triphinae
908 2583 1049 2660 Ducissa
1075 2584 1256 2660 Lectionis
1283 2585 1383 2680 Nigri
1409 2587 1513 2661 Ducis
1536 2587 1707 2664 Siradien-

154 2701 205 2775 sis
232 2707 379 2792 consors,
417 2702 547 2778 obiecta
572 2703 626 2777 illi
654 2703 844 2798 frigiditate
871 2706 906 2778 et
933 2706 1144 2800 impotentia,
1183 2707 1402 2798 quadriennio
1438 2708 1506 2782 iarn
1538 2711 1709 2784 transacto

155 2821 365 2914 seiunxerat,
394 2823 572 2900 Boleslans
599 2824 746 2900 Pudicus
774 2825 1002 2902 (tracoviensis
1028 2828 1063 2902 et
1090 2827 1370 2904 Sandomiriensis
1396 2830 1474 2904 Dux
1502 2833 1641 2907 molesta
1658 2833 1708 2906 fe-

155 2966 248 3035 rens,
276 2945 418 3020 dedecus
443 2948 480 3020 et
505 2945 727 3040 ignominiam
762 2949 940 3043 propterea
974 2949 1072 3024 fratri
1109 2973 1169 3024 suo
1203 2950 1288 3026 Duci
1323 2951 1486 3049 Lestlroni
1522 2953 1629 3046 Nigro
1656 2953 1709 3027 in·

158 3067 275 3141 ustam
311 3067 533 3159 abstersurus,
562 3067 598 3142 in
625 3067 792 3144 Siradiam
820 3069 1044 3163 personaliter
1071 3071 1253 3164 descendit,
1282 3073 1317 3146 ct
1344 3073 1417 3148 tum
1444 3095 1504 3166 par
1521 3095 1567 3163 se,
1595 3075 1669 3148 tum
1682 3072 1710 3168 a)
1777 3133 1779 3138 .

156 3209 219 3282 per
254 3188 395 3262 barones
430 3187 683 3280 Oraoouienses,
724 3189 782 3282 qni
817 3190 917 3264 illum
953 3191 1213 3283 comitabantur,
1250 3193 1453 3268 tractatibus
1484 3193 1707 3288 interpositis,

156 3306 360 3402 Griphinam
386 3307 563 3384 Duoissam
589 3308 675 3384 Duci
701 3310 864 3386 Lestkoni
891 3311 998 3406 Nigro
1025 3313 1124 3387 sexta
1150 3312 1275 3388 mensis
1300 3312 1450 3408 Augusti
1477 3313 1647 3404 conciliat,
1674 3316 1710 3389 st

155 3429 396 3506 altercationes
421 3428 629 3507 inveteratas
655 3431 690 3506 et
717 3430 830 3527 iurgia
856 3431 946 3508 inter
972 3433 1051 3508 illos
1078 3433 1217 3528 prouida
1244 3433 1454 3509 ordinatione
1472 3435 1645 3526 rescindit,
1674 3437 1709 3510 et

157 3549 371 3645 coniugalem
396 3549 673 3644 interutrosque
710 3552 879 3628 instaurat
911 3555 947 3629 et
973 3554 1107 3630 ordinat
1142 3554 1353 3646 charitatem,
1391 3577 1477 3646 quea
1512 3557 1638 3631 extunc
1663 3558 1706 3631 ab

156 3672 300 3766 unoque
335 3671 463 3750 sincere
489 3675 525 3749 et
544 3673 720 3758 ,saecun
745 3676 782 3750 ot
807 3697 912 3769 usquc
938 3674 976 3751 in
1002 3676 1092 3752 diem
1118 3676 1237 3753 mortis
1263 3678 1398 3754 servata
1423 3679 1488 3752 est.

154 4055 324 4128 Boleslans
351 4055 469 4129 datm
496 4057 634 4129 alteram
662 4056 751 4130 ducit
770 4076 911 4147 uxorem,
941 4079 1023 4152 crac
1048 4060 1242 4133 adulterium
1257 4060 1351 4133 illins
1368 4077 1493 4152 perora,
1520 4061 1706 4152 adpatruus

829 4180 1018 4269 regreditur.

255 4413 425 4511 Hedvigis
451 4414 524 4490 filia
550 4415 690 4493 Haurici
717 4417 858 4494 Comitis
884 4421 925 4495 de
950 4419 1116 4512 Anhalth,
1146 4442 1231 4494 uxor
1249 4420 1398 4494 Boleslci
1417 4420 1510 4493 Calvi
1530 4442 1589 4496 seu
1608 4421 1706 4495 Saevi

153 4534 400 4632 Legnicnenais
424 4535 540 4627 Ducis,
569 4537 712 4611 moritur
747 4541 783 4613 et
808 4533 844 4613 iu
872 4541 1074 4616 monasterio
1101 4543 1260 4614 Fratrum
1278 4540 1549 4616 Praedicatorum
1577 4541 1613 4614 in
1641 4543 1704 4615 Ia-

154 4656 255 4752 gnioa
300 4677 361 4751 per
395 4657 586 4751 praefatum
621 4659 816 4733 Boleslaum
851 4659 1022 4756 Ducant
1057 4660 1320 4755 Legnicuensom
1355 4661 1496 4735 fundato
1528 4661 1704 4755 sepelitur.

154 4775 317 4876 Quamuis
344 4778 458 4852 autem
486 4800 527 4852 ex
554 4777 617 4852 illa
644 4779 772 4873 prolem
798 4781 871 4856 tam
897 4781 1008 4856 uirilis
1041 4803 1143 4874 quam
1179 4779 1317 4856 feminei
1352 4802 1454 4856 seuam
1490 4781 1704 4875 suscepisset,

151 4899 344 4973 inaltatus
380 4899 496 4972 murem
530 4899 668 4995 nuptias
704 4902 871 4993 convolat,
908 4904 943 4977 et
976 4901 1164 4998 Adlsydam
1200 4901 1367 4997 uirginem
1403 4901 1509 4976 liliam
1540 4903 1705 4978 Samborii

151 5018 257 5095 Ducis
290 5018 509 5096 Pomeraniae
535 5019 600 5096 eibi
627 5021 773 5097 assumit
808 5023 904 5098 laeuo
930 5025 965 5098 et
990 5023 1121 5100 infelici
1157 5023 1307 5118 auspicio
1344 5023 1379 5096 in
1415 5045 1565 5098 uxorem.
1611 5025 1705 5098 Haec

152 5139 220 5215 etsi
246 5139 399 5217 honestis
425 5139 573 5216 moribus
600 5142 716 5236 fuerit,
754 5145 891 5240 propter
918 5145 1194 5222 consuetudinem
1221 5147 1336 5220 tamen
1363 5143 1485 5240 stupri,
1515 5145 1704 5236 quodcum

261 5415 287 5497 ¹)
309 5418 419 5495 Papam
449 5419 593 5482 decimum
625 5418 697 5484 Ood.
719 5421 813 5490 Roar.
853 5419 934 5504 ⁹)et
963 5429 1023 5486 mm
1051 5439 1106 5499 per
1135 5439 1176 5496 se,
1209 5439 1295 5497 quam
1328 5419 1399 5486 coc.
1422 5421 1515 5484 Roar.
1543 5419 1705 5499 ³)Ducem

151 5519 231 5588 aaa
253 5522 291 5585 ia
316 5518 388 5586 coa.
410 5521 484 5597 Act,
