4140 6298
128 577 190 675 (Α.
212 577 261 655 D.
281 579 399 674 1250.)
742 602 854 655 urnas
881 602 1074 656 sarsurus.
1604 587 1678 660 323

127 786 162 860 in
189 787 350 882 Regnum
377 788 413 862 et
438 786 561 862 solium
598 787 779 888 paternum
815 788 987 880 suffectus,
1025 787 1124 862 annis
1160 787 1292 882 aliquot
1318 788 1406 864 illud
1433 789 1532 881 iuste,
1562 789 1617 884 pie
1645 791 1681 864 et

126 907 288 1002 religiose
314 907 603 998 administrasset,
632 931 653 983 a
680 909 785 984 fratre
812 908 942 984 iuniore
968 907 1055 984 Abel
1081 909 1235 1000 nomine,
1271 911 1429 1006 Regnum
1465 913 1500 986 et
1527 911 1679 986 domina-

127 1027 257 1104 tionem
283 1027 463 1120 ambiente,
491 1030 563 1104 tam
591 1030 710 1124 Regno
738 1028 905 1124 privatur,
943 1050 1045 1122 quam
1071 1029 1154 1104 vita.
1200 1031 1284 1104 itum
1310 1032 1485 1106 nonnullis
1511 1031 1680 1124 siquidem

127 1150 283 1226 scelestis
309 1149 391 1226 viris
418 1150 454 1224 in
480 1173 596 1226 necem
629 1150 736 1246 Regis
763 1152 798 1225 et
824 1151 942 1226 fratris
969 1151 1033 1243 sui,
1070 1151 1250 1228 tenerrimo
1286 1152 1386 1227 illum
1421 1153 1600 1249 diligentis
1627 1154 1679 1228 al·

126 1273 232 1364 iectu,
262 1271 470 1366 conspirans,
498 1271 609 1367 ipsum
638 1273 740 1368 capit,
769 1274 972 1367 captumque
996 1273 1136 1347 marinis
1156 1276 1298 1350 suffocat
1315 1274 1424 1366 undis,
1454 1276 1679 1370 Regnumque

126 1392 221 1468 illico
250 1393 393 1469 invadit.
422 1392 569 1468 Facinus
595 1397 708 1470 tamen
737 1396 809 1470 tam
836 1394 1071 1470 detestandum
1090 1395 1276 1470 ulciscente
1303 1397 1384 1487 Deo,
1414 1419 1522 1487 nequo
1548 1395 1679 1472 Princi-

125 1515 239 1610 patus,
264 1535 373 1608 nequa
399 1513 471 1590 vita
498 1515 591 1591 luere
618 1514 672 1590 illi
699 1515 871 1590 diuturna.
900 1514 1097 1592 Frisonibus
1124 1516 1225 1608 enim,
1254 1518 1316 1592 sub
1343 1517 1461 1610 iugum
1489 1515 1566 1590 illos
1593 1515 1636 1590 iri
1656 1517 1678 1610 ¹)

125 1637 301 1732 satagens,
330 1636 458 1711 bellum
485 1659 573 1712 anno
600 1635 793 1729 insequenti
829 1637 989 1730 inferens,
1026 1637 1155 1732 praelio
1182 1638 1279 1730 inito,
1308 1641 1350 1714 ab
1377 1637 1450 1712 illis
1477 1637 1615 1729 occisus,
1644 1639 1680 1714 ot

125 1755 234 1832 vitam
263 1759 298 1834 et
324 1758 482 1853 Regnum
514 1757 642 1834 amisit.

123 2125 353 2216 teguiezensia
379 2128 451 2199 oux
476 2083 649 2198 liolealaus
676 2124 844 2197 ilenrionm
880 2126 1013 2196 tratrem
1040 2125 1157 2196 bucam
1184 2123 1486 2197 wratislaviensem
1513 2125 1612 2198 tortio
1640 2135 1678 2199 ut

123 2251 249 2320 temere
277 2248 325 2321 ita
352 2247 577 2320 infelicissimo
606 2247 735 2338 impetit
755 2249 789 2318 u
807 2248 951 2319 cestrum
972 2245 1177 2319 tubrozense
1205 2246 1350 2337 albegno
1378 2247 1528 2319 buloniae
1548 2247 1679 2320 alienat

231 2488 371 2562 Duabus
398 2485 670 2582 expeditionibus
697 2488 816 2562 contra
842 2486 968 2562 Ducem
995 2485 1180 2562 Honricum
1204 2484 1520 2563 wratislaviensem
1546 2510 1678 2583 germa-

124 2631 222 2700 num,
251 2629 416 2702 suumque
441 2609 621 2699 Ducatum,
650 2607 878 2702 superioribus
905 2605 1004 2682 annis
1022 2606 1170 2698 indictis,
1199 2607 1376 2683 Boleslaus
1402 2608 1525 2684 Calvus
1550 2607 1677 2703 Legni·

124 2729 258 2806 coensis
283 2731 363 2804 Dux
389 2727 527 2804 tertiam
555 2728 689 2820 adiecit,
727 2731 763 2803 et
789 2729 919 2804 aestate
946 2727 1026 2803 anni
1054 2727 1156 2802 huius
1182 2727 1352 2822 stipendio
1388 2728 1561 2806 conductis
1587 2728 1679 2803 mili-

124 2851 234 2944 tibus,
262 2851 364 2927 tertio
391 2853 427 2926 et
452 2851 620 2926 Ducatum
647 2849 965 2928 wratislaviensem
991 2849 1143 2926 vastavit
1168 2853 1203 2926 et
1230 2850 1403 2928 civitatem
1431 2850 1572 2942 obsedit,
1600 2851 1678 2946 plu-

124 2973 290 3066 ribusque
317 2972 491 3048 conatibus
527 2973 570 3048 ad
601 2971 673 3047 eius
708 2971 994 3067 oppugnationem
1029 2993 1143 3046 curum
1169 2973 1205 3047 et
1231 2971 1472 3066 cogitationem
1499 2971 1678 3068 impendit.

125 3096 194 3172 Sed
222 3096 293 3169 tam
321 3093 471 3168 militum
497 3093 601 3169 Ducis
627 3093 778 3184 Honrioi,
807 3114 907 3186 quam
935 3091 1059 3168 civium
1085 3091 1167 3167 forti
1194 3091 1399 3184 resistentia,
1436 3092 1538 3168 tertio
1565 3094 1679 3189 repul·

124 3238 184 3292 sus
215 3217 295 3290 dnm
321 3215 359 3289 in
384 3214 534 3310 Lsgnicz
570 3215 717 3290 fremens
752 3213 878 3290 rediret
893 3213 933 3309 Ἰ),
970 3213 1107 3309 singula
1141 3213 1221 3308 igne
1246 3214 1406 3292 vastavit.
1452 3212 1485 3290 A
1512 3213 1680 3289 militibus

123 3340 241 3414 autem
268 3335 506 3429 Teuthonicis,
545 3357 629 3428 quos
655 3336 883 3427 conduxerat,
921 3356 980 3429 pro
1007 3335 1157 3412 mercede
1183 3334 1349 3429 promissa
1375 3337 1536 3426 vexatus,
1571 3334 1678 3411 omui-

124 3463 193 3535 bus
220 3459 327 3551 equis,
356 3457 472 3550 armis,
500 3457 647 3534 fortunis
673 3459 708 3533 et
733 3456 897 3533 clenodiis
924 3477 960 3532 se
986 3455 1094 3548 exuit,
1123 3458 1159 3532 ot
1185 3456 1400 3532 mercenariis
1431 3456 1599 3532 militibus
1625 3479 1679 3532 so-

124 3581 276 3677 miplene
302 3579 510 3674 stipendium
538 3577 712 3674 persolvit.
741 3580 883 3674 Propter
910 3578 998 3670 quod
1025 3581 1060 3653 et
1088 3577 1123 3652 in
1150 3598 1211 3652 suo
1237 3577 1459 3673 Legniousnsi
1486 3581 1521 3654 et
1547 3578 1678 3654 Wrati-

125 3702 291 3779 slaviensi
318 3701 505 3778 Duoatibus
532 3702 632 3796 plura
657 3701 798 3776 fuerunt
823 3723 910 3776 nora
936 3700 1010 3774 loca
1036 3721 1096 3794 per
1123 3699 1306 3794 praedones
1332 3701 1367 3776 et
1389 3720 1456 3792 eos,
1486 3699 1608 3792 quibus
1626 3722 1678 3776 so·

125 3825 215 3902 lutio
242 3824 334 3900 facta
361 3847 429 3898 non
455 3824 578 3916 iuerat,
607 3822 835 3897 incastellata.
863 3821 1123 3896 Multisautem
1148 3821 1326 3896 Boleslaus
1344 3820 1583 3916 Legnicrensis
1600 3823 1679 3896 Dux

125 3968 265 4043 pressus
291 3943 519 4039 incommodis,
550 3946 697 4022 castmm
724 3964 822 4018 suum
849 3944 1065 4018 Lubucuense
1081 3940 1109 4037 3)
1136 3941 1281 4017 Iohanni
1307 3944 1343 4018 et
1369 3942 1486 4018 Ottoni
1512 3941 1679 4019 Marobio·

125 4069 229 4144 nibus
256 4066 615 4163 Brandeburgonsibus
641 4065 677 4140 in
705 4065 772 4142 levi
808 4064 1025 4160 pecuniarum
1061 4063 1254 4157 quantitate
1283 4063 1468 4157 (scotiam
1495 4085 1555 4160 spe
1582 4064 1678 4140 illec-

124 4193 196 4282 tus,
225 4189 313 4282 quod
339 4189 658 4284 Brundeburgonses
684 4186 895 4264 Marcbioues
917 4187 1017 4260 illum
1034 4186 1106 4261 suis
1122 4186 1282 4282 gentibus
1300 4187 1417 4261 contra
1443 4187 1567 4262 fratres
1585 4188 1680 4262 Hen-

125 4311 236 4388 ricum
263 4311 298 4386 et
324 4309 515 4386 cunradum
542 4309 699 4384 adiuvare
725 4329 762 4384 so
788 4307 1035 4402 astrinxerant)
1062 4307 1205 4403 obligat.
1232 4305 1285 4384 Ab
1313 4329 1418 4398 eoque
1444 4309 1595 4402 tempore
1622 4328 1679 4382 oa·

126 4433 239 4508 strum
265 4433 301 4508 et
326 4431 501 4508 districtus
528 4431 600 4526 ipse
627 4453 649 4506 a
675 4431 877 4505 Polonorum
903 4429 1024 4524 Regno
1051 4428 1176 4504 iniuste
1199 4427 1379 4520 alienatus,
1409 4429 1450 4502 cd
1468 4427 1679 4504 Marchiona-

126 4556 203 4630 tum
230 4553 567 4649 Braudeburgensem
604 4551 755 4628 transiit.
784 4551 908 4628 Verum
936 4550 1015 4624 dum
1042 4571 1103 4626 nec
1128 4548 1179 4626 sic
1205 4550 1306 4646 longo
1341 4551 1431 4626 bello
1467 4550 1566 4625 rebus
1597 4549 1678 4642 suis,

126 4673 253 4752 debitis
279 4675 315 4750 et
341 4695 416 4751 aare
441 4674 551 4752 alieno
579 4673 764 4764 involutus,
801 4671 1015 4768 providisset,
1043 4693 1064 4746 a
1091 4670 1236 4766 propriis
1272 4670 1440 4746 militibus
1466 4671 1618 4748 desertus
1645 4674 1681 4747 et

127 4797 354 4892 contemptus,
383 4817 404 4870 a
430 4783 644 4872 mercenariis
669 4817 758 4887 voro,
787 4815 869 4888 quos
885 4795 913 4888 4)
938 4816 1006 4868 non
1033 4793 1235 4885 exsolverat,
1269 4791 1476 4884 caeterisque
1503 4790 1679 4888 praedoni·

126 4920 191 4993 bus
217 4919 331 4994 castra
357 4939 444 4992 nova
469 4916 720 5012 occupantibus
758 4917 839 4991 adeo
874 4913 1071 4992 exinanitus
1097 4917 1132 4990 et
1158 4913 1195 4989 in
1222 4915 1407 5010 egestatem
1442 4935 1528 5008 pene
1564 4916 1679 4989 extre·

127 5061 218 5116 marn
247 5039 402 5114 detrusum
430 5040 494 5130 est,
523 5039 612 5132 quod
638 5037 850 5132 frequentius
878 5037 1028 5132 pedibus,
1057 5057 1158 5130 quam
1185 5058 1270 5128 equo
1292 5038 1420 5127 vectus,
1449 5034 1603 5111 omnibus
1621 5035 1678 5154 de·

127 5160 274 5238 stitutus
300 5159 536 5254 familiaribus,
564 5183 630 5236 uno
657 5160 889 5236 tantummodo
916 5158 1077 5234 Surriano
1103 5156 1295 5253 figellatore
1322 5155 1508 5234 miserrime
1533 5155 1679 5232 associa·

238 5438 263 5518 ¹)
286 5441 351 5518 cogi
385 5438 456 5503 (lod.
487 5442 579 5504 Roar.
619 5439 758 5536 “precibu
788 5446 819 5514 et
846 5439 906 5512 Ed.
929 5439 1017 5526 Lips.
1057 5435 1084 5522 ³)
1106 5437 1278 5501 Lubeoense
1308 5436 1368 5500 Ed.
1399 5434 1484 5514 Lice.
1524 5431 1551 5513 ⁴)
1573 5434 1681 5514 qubus

132 5541 205 5626 (lod.
228 5545 321 5624 Rosa,
