4246 6274
412 587 434 657 8
1025 603 1144 660 nnana.
1162 603 1331 674 ausurus.
1673 580 1740 680 (Α.
1758 581 1806 662 D.
1827 582 1938 681 1142.)

405 791 564 880 iniuriae,
595 793 634 866 ut
660 813 703 865 ex
729 789 882 866 omnibus
909 792 1169 888 possessionibus
1196 793 1318 868 fratres
1344 793 1547 870 deturbaret.
1575 794 1663 870 Nam
1689 812 1764 870 oum
1782 795 1868 870 esset
1886 793 1938 868 in-

411 914 507 989 vidus
533 916 568 989 et
594 913 800 1006 ambitiosus,
830 937 1030 1009 uxoremque
1057 915 1196 990 sortitus
1222 916 1315 990 fastu
1342 915 1552 1010 arrogantiae
1576 915 1737 992 tumidam
1764 918 1799 993 et
1825 938 1938 1012 proua-

410 1059 493 1129 oem,
521 1037 557 1112 in
583 1037 680 1112 rebus
707 1036 808 1112 etiarn
835 1037 877 1112 ad
904 1059 938 1113 se
965 1038 1137 1114 trahendis
1164 1061 1327 1133 rapuoem,
1361 1038 1470 1133 ipsum
1497 1039 1630 1132 quidem
1656 1062 1715 1134 per
1740 1038 1861 1114 vitium
1887 1039 1938 1113 in·

409 1159 528 1251 vidiae,
565 1159 721 1255 Regnum
756 1159 912 1236 Poloniae
949 1160 1097 1236 desernit
1116 1161 1139 1254 ¹)
1165 1161 1324 1235 fratribus
1350 1160 1420 1235 suis
1447 1161 1754 1238 eommunieandum
1789 1185 1854 1238 non
1881 1161 1937 1238 de-

409 1285 506 1372 bere;
534 1305 577 1356 ex
603 1281 783 1358 ambitione
817 1306 894 1358 vero
928 1283 1074 1360 deurevit
1110 1284 1231 1358 fratres
1266 1283 1356 1378 ipsos
1382 1284 1422 1358 de
1448 1285 1537 1360 terra
1562 1284 1798 1362 exterminare.
1843 1284 1938 1358 Uxor

408 1427 486 1481 vero
512 1427 574 1480 sua
600 1405 692 1480 fastu
727 1406 859 1481 tumens
893 1405 1076 1500 superbiae,
1113 1405 1280 1481 oonsortia
1314 1408 1348 1480 et
1376 1429 1481 1482 mores
1515 1409 1691 1503 aspernata
1725 1407 1934 1498 Polonorum,

408 1527 569 1604 oflioiales
595 1527 697 1602 etiam
732 1549 824 1616 suos,
862 1527 1036 1622 pinoernas
1061 1528 1096 1604 et
1121 1527 1288 1623 dapiferos
1314 1528 1356 1604 ad
1382 1550 1530 1604 mensam
1564 1551 1659 1606 suam
1685 1531 1821 1606 vetabat
1846 1551 1936 1604 aooe·

409 1651 495 1742 dere,
524 1650 655 1726 disens:
684 1649 747 1724 sihi
774 1649 920 1726 taedium
947 1673 989 1726 ex
1016 1673 1127 1725 eorum
1153 1653 1290 1748 aspertu
1317 1651 1480 1746 generari,
1509 1675 1546 1726 eo
1573 1653 1661 1743 quod
1686 1651 1839 1728 anhelitu
1866 1652 1935 1726 foe·

409 1775 519 1849 terent
554 1774 589 1848 et
620 1770 744 1846 amiotu
771 1771 892 1847 inoulti
919 1771 990 1846 eius
1017 1771 1232 1868 displicerent
1268 1773 1390 1850 oeulis:
1421 1773 1512 1888 undo
1536 1775 1571 1848 et
1597 1773 1717 1849 leviros
1743 1795 1819 1848 suos
1845 1773 1936 1850 dedi-

409 1895 586 1990 gnabatur,
615 1893 884 1985 fastidiebatque.
917 1895 980 1970 Per
1006 1893 1182 1970 avaritiam
1209 1917 1296 1988 vero,
1326 1897 1504 1990 praetextu
1531 1896 1691 1990 palliatae
1717 1895 1935 1972 honorifioen-

408 2017 477 2092 tiae
518 2016 582 2091 sibi
610 2039 674 2090 non
702 2015 867 2090 immerito
893 2015 1109 2110 exhibendae,
1146 2017 1267 2113 populo
1303 2019 1410 2094 terrae
1445 2017 1635 2110 mandabat,
1672 2020 1711 2094 ut
1741 2019 1777 2092 in
1803 2017 1936 2114 magnis

408 2138 650 2215 festivitatibus
676 2139 787 2234 pullos
808 2137 1023 2234 gallinarum,
1053 2159 1179 2234 porros,
1208 2161 1307 2214 ausas
1322 2139 1361 2234 ²),
1390 2141 1468 2232 mel,
1496 2139 1657 2232 tritioum,
1685 2162 1833 2233 avenam,
1861 2140 1935 2232 qui-

408 2262 493 2337 libet
518 2284 577 2357 pro
604 2261 655 2335 sui
682 2283 703 2336 a
729 2261 956 2356 possibilitate
978 2262 1012 2336 et
1038 2259 1243 2356 facultate&
1270 2261 1449 2338 honorifioe
1484 2263 1526 2338 ad
1552 2285 1699 2338 mensam
1725 2263 1827 2340 Duois
1853 2263 1936 2338 libe-

408 2384 525 2461 raliter
552 2383 793 2480 praesentaret.
825 2382 951 2479 Quibus
977 2383 1105 2477 aliquot
1131 2383 1257 2460 visibus
1283 2385 1516 2479 praesentatis,
1544 2385 1700 2478 decrevit,
1729 2387 1767 2459 ut
1792 2387 1875 2462 haea
1900 2385 1936 2460 in

409 2507 577 2603 posterum
604 2507 646 2582 ad
673 2505 789 2582 fisoum
815 2505 990 2581 annuatim
1026 2507 1268 2602 persolvantur,
1296 2509 1331 2582 et
1356 2530 1415 2602 per
1441 2508 1527 2583 hano
1562 2507 1723 2584 astutiam
1750 2508 1865 2604 populi
1892 2509 1934 2582 li·

407 2632 573 2708 bertatem
599 2629 634 2704 in
661 2629 764 2706 debiti
791 2628 1022 2706 nenessitatem
1048 2633 1082 2704 et
1109 2629 1305 2706 servitutem
1330 2630 1505 2706 obnoxiam
1532 2631 1706 2707 convertit.

511 2753 603 2828 Idem
630 2774 712 2847 pene
747 2751 839 2826 fruor
873 2751 962 2846 apud
994 2751 1167 2842 Bohemos,
1204 2752 1262 2846 qui
1288 2753 1323 2828 et
1349 2753 1438 2846 apud
1473 2753 1626 2846 Polonos,
1663 2776 1702 2830 ea
1736 2755 1936 2849 tempestate

408 2875 494 2968 (sive
521 2875 555 2950 id
581 2874 775 2952 coelestium
801 2873 862 2965 vis,
891 2873 961 2949 sive
987 2873 1179 2948 ambitionis
1204 2875 1308 2950 fomes
1335 2877 1508 2970 causabat)
1534 2878 1618 2952 erat.
1663 2875 1802 2952 Bohemi
1828 2876 1934 2970 siqui·

407 2999 481 3074 dem
508 2997 736 3093 Prinoipatnm
762 2996 940 3073 Wladislai
967 2995 1069 3072 Dueis
1095 2997 1159 3090 sui,
1201 2999 1374 3092 propterea
1400 2999 1486 3089 quod
1513 2998 1691 3093 vagationis
1718 3019 1834 3074 sensus
1860 3002 1933 3074 erat

407 3123 444 3195 et
469 3120 628 3212 quosdam
654 3141 766 3196 eorum
793 3117 912 3193 olfioiis
947 3121 1167 3212 submoverat,
1204 3119 1401 3212 quibusdam
1428 3141 1503 3195 vero
1518 3115 1546 3214 ⁴)
1572 3120 1668 3196 frena
1693 3119 1848 3197 lieentiae
1875 3121 1933 3196 ad·

407 3245 524 3338 egerat
538 3242 577 3338 ⁵),
605 3265 671 3317 non
696 3243 853 3332 forentes,
887 3241 1076 3317 llunradum
1102 3241 1324 3318 llarehionem
1351 3241 1527 3336 Moraviae,
1556 3241 1664 3318 hlium
1690 3243 1844 3319 Leutoldi
1871 3242 1935 3316 lilii

407 3365 551 3441 Ounradi
577 3365 692 3442 fratris
718 3363 896 3442 Wratislai
916 3364 1014 3460 primi
1041 3365 1146 3470 Regis
1164 3365 1354 3456 Bohemiae,
1382 3365 1424 3440 ad
1451 3367 1678 3461 occupandum
1703 3365 1932 3462 Prinoipatnm

406 3488 585 3565 Bohemiae
611 3489 703 3564 vafro
729 3490 765 3564 et
790 3489 900 3562 doloso
928 3487 1062 3583 ingenio
1087 3488 1280 3562 subornant.
1313 3488 1485 3564 dannanus
1512 3488 1625 3582 itaque
1651 3488 1799 3565 Murohio
1824 3489 1933 3563 hlora-

408 3612 481 3688 viae
515 3611 720 3708 praediatus,
757 3591 941 3686 ferentibus
977 3610 1040 3684 sibi
1076 3611 1198 3686 solatia
1232 3613 1267 3686 et
1302 3610 1411 3705 ipsum
1446 3611 1596 3706 personis
1621 3614 1656 3687 et
1682 3611 1839 3708 gentibus
1865 3611 1934 3686 suis

407 3733 683 3829 adinventiones
710 3733 831 3810 Ottono
857 3732 1083 3809 Olomuozensi
1107 3733 1208 3821 Duae,
1237 3733 1421 3810 Wratislao
1447 3732 1518 3809 fiho
1544 3732 1690 3808 Odulrioi
1721 3733 1836 3810 fratris
1853 3733 1934 3808 dieti

406 3857 561 3949 (lauradi,
589 3856 777 3934 Wladislao
803 3855 874 3931 filio
901 3854 1063 3930 Sobieslai
1088 3855 1152 3929 filii
1176 3855 1353 3932 Wratislai
1380 3855 1480 3951 primi
1506 3856 1686 3933 Bohemiae
1712 3856 1827 3952 Regis,
1856 3855 1932 3950 Spi-

406 3979 521 4076 tigneo
547 3980 582 4054 et
607 3979 775 4076 leupoldo
789 3978 817 4073 7)
843 3977 925 4052 filiis
951 3977 1119 4074 Boraivvoy
1146 3977 1209 4052 filii
1235 3978 1412 4054 Wratislai
1443 3978 1544 4074 primi
1570 3978 1686 4076 Regis,
1722 3979 1780 4073 qui
1806 3981 1841 4054 et
1867 3977 1932 4072 ipsi

406 4101 524 4179 asnis
549 4101 682 4178 sedibus
709 4103 744 4176 et
769 4101 950 4176 Duoatibus
978 4099 1078 4197 pulsi,
1107 4101 1147 4176 ad
1174 4102 1359 4176 novandum
1386 4121 1450 4192 res,
1478 4101 1600 4193 quibus
1627 4101 1698 4175 illis
1724 4121 1804 4176 suus
1824 4101 1933 4176 status

405 4227 498 4304 reddi
525 4226 646 4322 posset,
675 4223 823 4299 animum
858 4223 1080 4314 intenderant,
1117 4245 1193 4300 oum
1218 4223 1328 4299 valido
1364 4223 1512 4300 exereitu
1539 4223 1575 4298 in
1601 4222 1794 4298 Bohemiam
1820 4221 1931 4318 ingre·

406 4349 508 4441 ditur,
536 4349 692 4424 atillam
726 4345 891 4438 oaedibus,
929 4345 1007 4442 igne
1042 4348 1076 4420 et
1102 4345 1220 4441 spoliis
1255 4346 1447 4442 plurimum,
1484 4347 1577 4422 velut
1612 4349 1738 4422 terram
1764 4345 1931 4436 hostilem,

406 4473 508 4548 vexat
533 4474 568 4546 et
594 4471 800 4563 contorquet.
828 4470 910 4544 llam
931 4469 1149 4546 vastationem
1176 4470 1254 4544 Dux
1280 4469 1458 4546 Bohemiae
1485 4468 1694 4546 Wladislaus
1720 4491 1786 4543 non
1812 4468 1931 4560 ferens,

405 4593 441 4669 in
468 4595 578 4670 monta
605 4593 764 4670 Wisaoha
789 4593 938 4688 Septimo
965 4593 1128 4668 colendas
1154 4591 1235 4668 Maii
1261 4614 1335 4667 eum
1362 4592 1533 4667 nonnullis
1560 4591 1736 4686 militibus,
1769 4590 1827 4683 qui
1854 4613 1931 4686 par-

405 4719 459 4792 tes
485 4739 564 4792 suas
589 4716 823 4810 sequebantur,
852 4737 1032 4806 ooourrens,
1061 4714 1223 4811 oonlligit,
1251 4717 1287 4790 et
1313 4715 1411 4791 oaede
1434 4737 1555 4811 magua
1581 4717 1616 4790 et
1642 4715 1820 4811 plusquam
1839 4712 1930 4789 civili

405 4839 562 4931 utrinque
588 4838 688 4930 edita,
717 4838 924 4916 Wladislans
959 4837 1144 4913 subcumbit
1179 4839 1214 4912 et
1248 4837 1284 4911 in
1319 4839 1462 4934 Pragam
1489 4837 1628 4933 refugit.
1669 4837 1734 4912 Sed
1770 4859 1829 4912 neo
1859 4835 1931 4912 illio

405 4962 585 5038 subsistere
611 4962 723 5037 tutum
749 4963 854 5054 ratus,
881 4961 924 5036 ad
949 4959 1137 5035 Ounradum
1163 4961 1412 5057 Imperatorem,
1445 4959 1538 5036 ouius
1572 4981 1715 5036 sororem
1741 4958 1931 5037 (dertmdim

404 5085 536 5162 nomine
562 5084 602 5159 in
623 5083 808 5160 consortem
834 5085 1006 5177 habuerat,
1038 5082 1167 5159 auxilia
1192 5083 1370 5179 petitums,
1399 5083 1556 5161 decurrit.
1601 5083 1771 5160 Ounradus
1797 5081 1931 5160 iuterim

511 5381 535 5462 ¹)
560 5380 689 5443 decrevit
712 5380 781 5445 (lod.
804 5383 892 5443 Beer.
926 5379 951 5460 Ω)
974 5397 1091 5442 anseres
1120 5378 1190 5443 Ood.
1213 5381 1304 5443 Rosa.
1335 5379 1362 5460 ³)
1385 5397 1437 5457 pro
1460 5384 1519 5442 suis
1535 5381 1720 5444 facultatibus
1748 5381 1816 5463 Ood.
1839 5381 1930 5443 Roas.

405 5479 432 5567 ⁴)
455 5487 540 5550 eliam
565 5487 635 5551 (lod.
657 5489 747 5549 Roas.
787 5483 813 5566 ⁶)
834 5488 986 5548 remiserat
1011 5485 1082 5547 God.
1105 5488 1196 5548 Rosa.
1236 5483 1262 5564 θ)
1285 5487 1444 5548 ferentibus
1474 5489 1530 5548 sihi
1560 5493 1620 5548 tum
1648 5489 1739 5550 milite
1765 5495 1825 5550 tum
1846 5506 1929 5564 praa·

404 5595 505 5658 sentus
527 5596 586 5656 suis
608 5595 716 5658 auxilia
740 5591 809 5658 Ood.
831 5593 922 5656 Reus.
963 5588 988 5672 ⁷)
1010 5593 1138 5670 Zbigneo
1161 5599 1191 5654 et
1212 5593 1355 5653 Lentoldo
1382 5591 1451 5655 Ood.
1473 5594 1563 5654 Roar.
