4172 6278
401 513 475 587 202
1029 534 1141 589 nnana
1167 533 1321 589 snxrus.
1686 511 1750 607 (Α.
1770 510 1817 589 D.
1836 511 1949 630 1216.)

398 721 566 796 bellomm
592 719 717 795 stridor
742 718 936 796 Almaniam
963 722 1158 816 premebat:
1195 742 1339 816 magnae
1376 719 1504 796 etenim
1538 720 1639 815 atque
1665 720 1860 816 frequentes
1885 743 1947 816 pu·

399 865 489 938 gnae
517 865 591 918 cnm
629 842 728 918 caede
754 843 790 918 et
815 842 958 918 interitu
996 843 1181 918 multarum
1216 842 1405 940 insignium
1440 864 1657 938 personarum
1684 841 1775 918 inter
1799 841 1947 918 Frideri-

399 985 475 1038 oum
502 965 537 1040 et
564 965 720 1040 Ottonem
748 963 885 1040 habitae
912 965 1003 1055 sunt,
1041 967 1075 1040 et
1103 987 1191 1040 nunc
1218 964 1289 1058 uni,
1317 989 1408 1044 nunc
1435 965 1536 1042 alteri
1563 963 1759 1041 obveniebat
1796 962 1947 1040 uictoria.

398 1085 468 1159 Nec
494 1084 633 1160 dubium
660 1085 742 1177 quin
770 1087 861 1179 Otto,
899 1086 957 1178 qui
993 1087 1108 1180 plures
1144 1086 1268 1162 amices
1303 1089 1338 1162 et
1365 1088 1515 1164 fautores
1542 1086 1579 1162 in
1604 1085 1765 1162 Almanie
1790 1085 1946 1176 habebat,

398 1206 550 1300 superior
576 1207 749 1299 euasisset,
787 1206 853 1282 nisi
889 1208 1108 1284 Innocentius
1135 1210 1228 1304 Papa
1258 1208 1381 1296 tertius
1417 1211 1536 1285 duram
1571 1206 1775 1284 sententiam
1811 1205 1947 1282 tulisset

398 1328 517 1402 contra
543 1350 658 1404 omnes
685 1328 819 1404 Ottonis
845 1330 1006 1405 fautores.
1038 1329 1109 1424 Quo
1137 1329 1299 1425 suffragio
1326 1330 1518 1407 Fridericus
1544 1329 1680 1406 adiutus
1707 1330 1824 1404 contra
1850 1328 1946 1402 Otto·

399 1471 476 1524 nem
503 1449 706 1543 praevaluit,
738 1452 773 1525 et
799 1451 879 1524 Otto
905 1451 948 1526 ad
975 1450 1175 1546 Philippum
1201 1451 1332 1546 Regem
1359 1451 1394 1526 in
1421 1451 1564 1543 Gallias,
1592 1449 1651 1544 qui
1677 1472 1757 1528 suae
1783 1448 1875 1545 parti
1896 1449 1946 1522 lu·

398 1572 510 1661 rebat,
539 1569 688 1645 divertit.
717 1571 762 1658 Et
786 1571 939 1663 quemvis
966 1571 1164 1648 Innocentio
1192 1573 1304 1666 Papae
1331 1595 1398 1648 non
1425 1572 1610 1668 placuisset
1626 1571 1746 1648 electio
1772 1569 1946 1661 driderici,

399 1689 629 1766 dissimulauit
664 1693 779 1767 tamen
815 1695 952 1787 propter
988 1693 1100 1768 odium
1137 1692 1283 1784 Ottonis,
1321 1693 1401 1785 quia
1437 1694 1557 1768 durum
1593 1695 1667 1768 erat
1693 1693 1746 1767 tot
1771 1690 1947 1786 Principes

401 1813 616 1906 perturbare3
645 1834 801 1888 coronare
827 1816 942 1890 tamen
967 1813 1176 1890 Fridericum
1212 1815 1361 1907 distulit,
1398 1814 1581 1893 iuuenilem
1607 1814 1662 1888 illi
1687 1814 1835 1890 aetatem
1863 1812 1944 1888 obii·

398 1933 506 2008 ciens:
535 1955 621 2026 quae
648 1933 768 2009 dilatio
795 1937 838 2010 ab
865 1935 1027 2012 electione
1053 1935 1217 2012 Frideriei
1257 1956 1364 2028 usque
1391 1937 1434 2010 ad
1461 1937 1603 2011 mortem
1629 1933 1831 2026 innocentii,
1860 1934 1947 2025 qnod

397 2053 465 2126 fuit
492 2055 690 2148 septennale
726 2055 886 2150 spatium,
924 2057 1137 2132 tendebatur.
1182 2055 1400 2133 Innocentius
1435 2059 1550 2133 autem
1585 2058 1680 2152 Papa
1715 2054 1839 2132 tertius
1871 2057 1946 2149 post

398 2173 585 2250 Concilium
611 2175 703 2269 apud
729 2177 935 2252 Lateranum
971 2178 1179 2253 celebratum
1218 2177 1255 2252 in
1282 2177 1439 2252 Tusciam
1474 2177 1646 2254 descendit
1680 2177 1723 2252 ad
1763 2174 1944 2272 pacifican-

398 2295 477 2368 dum
496 2295 639 2372 Pisanos
657 2298 692 2372 et
709 2297 893 2374 Ianuenses
914 2299 947 2392 ¹),
976 2301 1145 2392 quatenus
1164 2298 1271 2374 unitis
1300 2298 1462 2394 potentiis
1489 2299 1626 2375 facilius
1652 2299 1775 2375 Terrae
1802 2297 1945 2373 Sanctam

397 2419 533 2511 possent
560 2418 648 2494 ferre
675 2419 851 2516 suffragia.
898 2420 963 2496 Sed
990 2442 1066 2496 cum
1093 2419 1242 2496 uenisset
1277 2420 1465 2513 Perusium,
1501 2419 1694 2496 infirmatur
1728 2421 1763 2496 et
1790 2417 1944 2510 moritur,
2060 2489 2064 2500 .

397 2559 473 2612 eum
501 2561 606 2615 annos
633 2540 746 2616 decem
772 2544 807 2616 et
833 2543 974 2636 septem,
1003 2564 1134 2618 menses
1160 2542 1285 2634 decem,
1322 2541 1394 2618 dies
1420 2541 1545 2638 uiginti
1571 2543 1642 2618 tres
1668 2541 1821 2634 sedisset,
1849 2541 1884 2615 et
1909 2539 1946 2613 in

397 2660 539 2736 ecclesIa
565 2661 683 2738 Sancti
709 2662 887 2740 Laurentii
914 2662 951 2737 in
978 2662 1117 2738 Perusia
1144 2662 1325 2740 honorifice
1347 2663 1522 2757 sepelitur.
1551 2663 1814 2740 hocurantibus
1831 2663 1946 2738 autem

396 2781 571 2856 Perusinis
598 2783 726 2859 includi
742 2782 771 2878 ⁹)
798 2783 978 2879 collegium
997 2783 1238 2877 cardinalium,
1266 2784 1443 2880 episcopus
1469 2785 1636 2861 Ostiensis
1651 2783 1690 2880 ³),
1718 2783 1854 2860 natione
1876 2783 1943 2858 Ro·

397 2925 529 2996 manus,
558 2903 594 2977 in
621 2905 796 2980 Summum
831 2905 1030 2981 Pontificem
1065 2906 1274 2982 concorditer
1309 2907 1437 2982 electus
1463 2908 1527 3000 est,
1565 2908 1600 2983 et
1625 2905 1796 2982 Honorius
1823 2903 1943 2980 tertius

396 3026 545 3116 vocatus,
578 3025 637 3119 qui
663 3025 778 3103 eodem
804 3026 1023 3123 promotionis
1049 3048 1131 3103 suae
1158 3051 1246 3104 annu
1273 3027 1423 3104 ordinem
1449 3028 1731 3121 Praedicatcrum,
1759 3049 1859 3120 quem
1885 3027 1942 3098 In-

396 3145 571 3221 nocentius
606 3146 742 3238 quidem
780 3148 976 3226 confirmare
1012 3149 1223 3244 decreuerat,
1260 3151 1319 3228 sed
1355 3151 1462 3228 morte
1497 3151 1699 3245 praesentas
1732 3148 1939 3245 neglexerat,

396 3265 618 3346 confirmauit.

842 3636 967 3715 bellun
993 3637 1078 3714 inter
1103 3636 1282 3715 tlttnanos
1308 3640 1344 3714 at
1368 3638 1503 3714 llmror.

498 3874 662 3954 Lithuani
688 3900 764 3955 cum
791 3879 827 3956 in
855 3879 936 3956 enni
963 3880 1065 3956 huius
1091 3880 1201 3958 hieme
1227 3880 1373 3958 Ruseiae
1400 3881 1572 3978 regionem
1607 3881 1805 3976 praedatum
1831 3879 1939 3956 uenis·

395 4001 481 4092 sent,
510 4003 676 4095 raptaque
702 4002 826 4096 praeda
854 4025 945 4078 more
971 4025 1031 4078 auo
1059 4002 1274 4098 diffugerent,
1312 4004 1451 4078 aDuce
1486 4003 1636 4078 Ieroslao
1662 4001 1900 4079 Weneuoldicn
1914 3997 1941 4094 ⁴)

394 4123 430 4196 et
455 4122 770 4217 Novogrodensibue
796 4125 976 4217 consecuti,
1005 4124 1132 4219 praelio
1151 4124 1236 4200 inito
1254 4125 1500 4220 confliguntur;
1529 4123 1700 4199 Ruthenis
1726 4145 1858 4216 quoque
1877 4144 1941 4196 non

395 4241 573 4318 incruenta
598 4243 701 4319 cessit
726 4243 878 4339 uictoria,
900 4245 1065 4340 vqnoniam
1092 4247 1127 4321 et
1153 4247 1232 4320 Dux
1257 4245 1366 4320 Dauid
1393 4244 1621 4339 'Phoropeczki
1637 4243 1665 4338 ⁶)
1691 4245 1727 4319 et
1748 4245 1864 4338 plures
1883 4241 1940 4317 alii

395 4363 539 4439 Russiae
566 4364 693 4440 milites
719 4365 1006 4442 desiderabantur.
1040 4366 1202 4459 Sequenti
1229 4388 1362 4460 quoque
1388 4369 1549 4460 tempore,
1577 4365 1657 4439 dum
1683 4363 1772 4440 alius
1798 4363 1939 4438 Lithua·

395 4483 492 4558 nicus
518 4486 687 4562 exercitus
714 4485 887 4563 civitatem
914 4489 949 4564 et
976 4487 1149 4582 regionem
1174 4488 1357 4562 Peloczslro
1383 4488 1544 4577 uastaret,
1572 4487 1651 4560 Dux
1677 4483 1857 4559 Mecislaus
1873 4484 1939 4558 Da-

394 4604 550 4681 uidouicn
577 4628 653 4680 cum
679 4607 928 4683 Srnolnensium
964 4607 1090 4683 militia
1125 4607 1226 4683 celeri
1257 4629 1355 4682 cursu
1382 4607 1418 4680 in
1445 4606 1627 4681 Polocnslro
1662 4605 1855 4696 adueniens,
1883 4603 1938 4676 Ii·

394 4726 541 4802 thuanos
568 4726 721 4804 incautos
756 4729 937 4820 offendens,
975 4730 1100 4820 absque
1126 4751 1264 4804 numero
1300 4727 1424 4802 sternit
1451 4728 1486 4802 et
1512 4726 1643 4819 occidit,
1676 4727 1853 4821 plerosque
1881 4746 1937 4800 an-

394 4850 464 4924 tem
479 4847 518 4942 6),
546 4848 605 4943 qui
632 4849 668 4924 in
695 4848 805 4924 curias
831 4851 867 4925 et
893 4850 1005 4925 domos
1032 4849 1222 4925 occultandi
1249 4848 1362 4944 gratia
1396 4849 1630 4943 confugerant,
1668 4846 1746 4921 inde
1771 4847 1939 4921 extractos

394 4969 487 5046 sarie
512 4969 680 5065 supplicio
707 4971 816 5063 necat,
854 4969 939 5046 alios
965 4969 1069 5048 etiam
1096 4969 1133 5044 in
1158 4970 1300 5046 lacubus
1335 4967 1536 5065 submergit,
1565 4970 1600 5045 et
1625 4965 1742 5062 paucis
1768 4963 1937 5042 erodenti-

393 5091 467 5183 bus,
495 5091 565 5167 fere
592 5113 706 5168 omnes
728 5091 865 5169 delerit.

436 5402 441 5412 ·
502 5367 525 5446 ¹)
549 5371 720 5432 Gennenses
745 5367 817 5433 coo.
840 5370 933 5432 Rocr.
966 5367 992 5448 2)
1015 5367 1112 5430 claudi
1134 5367 1194 5430 Ed.
1218 5367 1313 5430 Dobr.
1344 5362 1372 5447 ³)
1394 5365 1560 5430 Hostiensis
1586 5365 1657 5430 coo.
1680 5363 1754 5428 Aac.
1795 5361 1822 5444 ⁴)
1836 5364 1937 5431 Wsne·

393 5471 558 5567 ¹aroldouicz
585 5474 657 5540 doe.
680 5477 774 5542 Roaer.
813 5470 840 5558 ⁶)
861 5473 1063 5554 Oboropeozki
1089 5473 1161 5538 Cod.
1185 5475 1277 5539 Roer.
1315 5469 1522 5554 ⁶)pluroeque
1543 5489 1612 5540 uero
1635 5471 1694 5534 Ed.
1716 5469 1811 5548 Dobr.
1852 5541 1854 5546 ,
