4162 6288
158 559 223 655 (Α.
243 558 291 635 ὓ.
311 559 428 654 1257.)
772 584 883 636 arnna
910 583 1102 636 ssummus.
1632 566 1705 640 361

158 767 321 862 positum,
349 768 623 862 Hadoardumque
649 768 846 844 oanouioum
873 769 1027 846 relaxare
1053 769 1179 862 (adhue
1204 767 1295 846 enim
1319 769 1402 844 tuno
1427 769 1506 845 illos
1532 770 1710 846 Boleslaus

158 889 289 964 Saeuus
315 889 555 985 Legnioaensis
581 891 660 964 Dux
680 890 704 984 Ι)
730 911 860 966 earoere
888 892 1021 966 olausos
1038 893 1074 966 et
1091 891 1305 986 compedibus
1331 891 1488 966 aehiotos
1503 890 1532 986 α)
1557 893 1710 986 tenebat)

159 1009 407 1104 aeaptlvitate
442 1005 629 1102 soluisse,x
649 1012 721 1086 nelo
761 1010 823 1086 Dei
849 1011 885 1086 in
912 1011 1139 1088 eeclesiastioa
1173 1011 1332 1088 libertate
1367 1015 1402 1088 et
1436 1012 1604 1087 ministris
1638 1011 1711 1086 eius

158 1130 382 1204 defendendis
408 1130 564 1207 ineensus
576 1129 616 1226 3),
643 1131 860 1208 insolentiam
887 1135 923 1206 et
949 1132 1174 1208 temeritatem
1201 1132 1349 1208 Boleslai
1376 1132 1475 1208 Saevi
1502 1132 1709 1228 hegniouen-

157 1249 209 1326 sis
235 1251 338 1324 Duois
352 1251 379 1347 ⁴)
406 1251 505 1346 virga
530 1251 716 1346 apostoliea
742 1273 1002 1346 eompressunus,
1030 1253 1196 1329 uexillum
1222 1251 1337 1328 (trudis
1363 1255 1481 1328 eontra
1519 1254 1710 1348 presidium

159 1371 359 1446 Boloslaum
385 1371 528 1448 Saevum
556 1374 592 1447 et
617 1374 727 1456 terras
753 1393 852 1464 suas,
881 1375 975 1448 velut
1001 1375 1118 1448 eontra
1143 1372 1316 1448 ethnioum
1342 1374 1378 1448 et
1405 1373 1482 1448 fidei
1510 1395 1548 1447 aa
1573 1373 1709 1468 religio·

159 1491 218 1564 nis
244 1491 430 1567 oatholieoe
457 1493 600 1583 hostem,
627 1493 788 1568 desernit.
824 1491 1012 1568 Gnesnensi
1040 1517 1171 1588 quoque
1197 1495 1233 1568 et
1258 1493 1518 1588 blapdburgensi
1545 1493 1708 1587 arehiepi-

159 1611 274 1706 soopis
300 1613 393 1687 dedit
429 1635 489 1707 per
512 1613 674 1708 speciales
709 1615 844 1706 literas,
881 1614 1013 1698 faoinus
1040 1615 1075 1689 in
1102 1615 1263 1688 Theman
1298 1611 1612 1690 Wratislauienssm
1638 1615 1710 1708 epi·

158 1751 300 1826 soopum
327 1755 387 1827 per
413 1733 608 1810 Boleslaum
634 1735 778 1810 Saevum
805 1734 988 1810 admissum
1011 1735 1240 1826 deelarantes,
1269 1734 1305 1808 in
1335 1733 1515 1826 mandatis,
1543 1736 1711 1825 quatenus

160 1873 224 1946 por
250 1852 425 1928 Poloniam
459 1855 496 1928 et
522 1853 738 1930 Germaniam
772 1855 911 1930 Omnem
938 1855 1129 1930 huiusmodi
1157 1854 1350 1948 praedioent
1384 1857 1420 1929 et
1454 1875 1568 1930 omnes
1594 1855 1710 1930 oatho·

159 1971 247 2046 lioos
272 1973 396 2068 Reges,
424 1973 611 2069 Prineipes,
639 1974 795 2067 domitos,
833 1978 973 2050 barenes
1000 1977 1036 2049 et
1062 1976 1231 2066 quoslibet
1258 1975 1373 2050 fideles
1399 1973 1435 2049 in
1466 1975 1612 2068 praefati
1643 1976 1710 2050 Bo·

159 2092 262 2168 leslai
297 2093 536 2188 legniosensis
580 2095 684 2170 Duois
718 2098 754 2171 ot
788 2117 923 2170 suorum
967 2097 1177 2170 subditorum
1212 2095 1452 2170 exterminium
1489 2096 1645 2170 inrooent
1676 2098 1712 2169 et

160 2213 327 2288 animent.
364 2213 435 2309 Quo
462 2215 621 2290 mandato
647 2217 753 2291 Fuleo
780 2215 986 2291 arusuensis
1013 2216 1283 2311 archiepiscopus
1310 2218 1457 2310 aooapto,
1485 2217 1594 2304 altera
1620 2215 1711 2309 apud

159 2332 356 2409 Laneioiam
393 2356 452 2428 pro
488 2335 542 2411 die
577 2336 691 2412 Saneh
728 2336 856 2411 calixti
892 2337 1025 2432 Synodo
1060 2336 1257 2431 prouinciali
1293 2336 1471 2428 instituta,
1514 2336 1710 2410 Prandotha

160 2454 385 2547 (lraeoviensi,
414 2457 541 2530 Thema
568 2456 855 2565 wratislaviensi,
884 2459 941 2548 qui
970 2458 1037 2532 iam
1065 2461 1146 2532 tuno
1173 2481 1232 2552 per
1260 2461 1359 2553 pasta
1381 2457 1615 2551 eaptivitatem
1632 2479 1710 2531 eua-

161 2577 267 2666 serat,
295 2577 496 2671 Boguphalo
522 2577 759 2669 Pesnaniensi‚
788 2577 966 2655 Wolimiro
992 2578 1287 2666 Wladislariensi,
1316 2577 1452 2652 Andrea
1477 2575 1649 2652 Ploozensi
1675 2577 1711 2650 et

163 2695 350 2774 Wilhelmo
384 2698 603 2789 Lubuoaensi,
639 2697 815 2793 episeopis,
852 2698 1038 2789 multisque
1073 2699 1251 2776 abbatibus
1286 2699 1335 2774 el«
1356 2697 1521 2792 praelatis
1551 2696 1712 2772 ecelesiae

162 2816 342 2892 Polonioae
368 2817 653 2910 eonsenientibus,
682 2819 879 2894 mandatum
905 2819 1127 2913 apostolieum
1155 2817 1310 2894 omnibus
1328 2817 1478 2908 intimat,
1506 2817 1711 2908 orueonquo

163 2938 282 3011 eontra
308 2937 503 3013 Boleslaum
538 2938 682 3024 Saeuum
717 2938 901 3034 praedicat,
930 2941 966 3014 et
992 2940 1088 3014 illam
1123 2939 1264 3014 mandat
1298 2938 1501 3012 auemritate
1527 2936 1712 3034 apostoliea

162 3057 208 3131 ah
235 3056 389 3132 omuibus
424 3057 590 3152 episeopis
617 3079 698 3134 suae
725 3059 916 3153 provintiae
952 3060 1149 3154 praedioari.
1193 3058 1347 3154 Argutus
1373 3061 1427 3135 ost
1452 3060 1487 3135 et
1515 3061 1597 3132 tuna
1622 3058 1711 3132 suo·

165 3197 239 3252 mas
274 3177 449 3273 episeopus
480 3178 779 3255 'Wratislauiensis
814 3179 1004 3273 praediatus
1039 3182 1082 3256 ab
1117 3179 1208 3255 omni
1242 3164 1402 3255 Polonioa
1436 3180 1586 3270 ecelesia,
1624 3177 1713 3271 quod

166 3297 355 3392 pastionem
382 3299 513 3374 foedam
539 3301 609 3374 mm
637 3301 792 3394 exemplo
819 3301 963 3394 pessimo
991 3323 1091 3392 quam
1119 3324 1165 3392 re,
1193 3301 1229 3373 in
1256 3300 1541 3376 transmutatione
1567 3300 1712 3374 deeima-

165 3440 242 3494 rum
280 3417 543 3514 manipularium
578 3418 614 3494 in
650 3420 852 3511 fortunales,
889 3420 1045 3495 uiolando
1080 3421 1115 3495 et
1150 3420 1344 3496 libertatem
1380 3418 1643 3496 ecelesiasticam
1678 3421 1713 3493 et

165 3539 372 3614 laudabilem
398 3538 576 3614 Polonieae
603 3539 745 3634 patriae,
782 3562 866 3633 quae
898 3543 1075 3635 propterea
1100 3541 1191 3634 apud
1216 3542 1351 3618 exuras
1386 3540 1539 3614 nationes
1573 3538 1713 3614 celebris

165 3659 364 3751 habebatur,
393 3681 518 3734 morem
532 3659 572 3754 ⁶),
600 3659 837 3736 eonsentieudo
852 3660 881 3754 ⁶)
908 3660 1106 3752 nooituram,
1134 3661 1253 3736 feeerit
1267 3660 1307 3754 ⁷).
1336 3659 1401 3754 Qui
1427 3661 1462 3734 et
1489 3661 1627 3750 metum,
1655 3657 1714 3754 qui

167 3778 204 3854 in
230 3779 341 3853 virum
367 3781 578 3856 oonstmtem
604 3781 721 3856 eadere
748 3782 892 3874 poterat,
926 3783 961 3854 et
988 3780 1195 3875 multiplices
1221 3781 1393 3874 passiones
1421 3801 1499 3854 suas
1526 3801 1610 3872 quas
1636 3800 1712 3873 por·

166 3901 307 3990 tulerat,
344 3901 509 3994 allegans,
547 3901 772 3995 spoponderat
797 3923 851 3991 se,
887 3899 969 3976 lieet
995 3923 1062 3976 non
1089 3900 1297 3996 impleverit,
1334 3899 1500 3995 promissa
1533 3899 1574 3974 de
1600 3901 1712 3972 trans-

167 4020 340 4096 mutandis
366 4019 635 4114 manipularibus
667 4020 804 4096 desinis
830 4021 866 4094 in
893 4021 1086 4112 fortunales,
1124 4023 1219 4096 nullo
1247 4043 1396 4114 unquam
1422 4021 1573 4116 tempore
1600 4041 1712 4094 serra·

166 4143 294 4215 turum.
322 4139 593 4234 Apostolioarum
619 4143 733 4218 autern
760 4141 937 4216 literarum
965 4139 1153 4216 Gnesnensi
1179 4142 1215 4216 et
1241 4140 1521 4237 blapdeburgensi
1548 4139 1713 4236 arehiepi-

168 4259 281 4354 soupis
306 4260 347 4334 de
372 4261 598 4355 praedicanda
623 4264 747 4340 eontra¹
767 4263 961 4338 Bolsalaum
988 4263 1132 4337 Saevum
1159 4261 1263 4336 Onnes
1278 4260 1316 4354 ⁸),
1354 4282 1496 4354 quarum
1531 4259 1714 4354 originales

167 4381 259 4476 apud
286 4381 461 4456 eeolesiam
487 4383 606 4458 beatae
632 4383 757 4458 blariae
784 4381 1088 4458 Saudomiriensem
1124 4381 1352 4458 (trudoniensis
1378 4380 1519 4456 diooesis
1546 4403 1606 4454 nos
1632 4380 1715 4456 reti·

167 4522 298 4592 nemus,
325 4502 397 4577 tale
422 4503 520 4578 extat
541 4503 732 4595 exemplar:

278 4619 492 4710 ,Alexander
526 4622 713 4718 Episoopns
753 4623 877 4698 Servus
912 4623 1090 4698 Servorum
1125 4623 1207 4714 Dei,
1254 4623 1512 4698 venerabilibus
1552 4621 1716 4698 iratribus

174 4741 443 4838 ,arehiepiscopo
478 4743 769 4838 hlapdeburgensi,
805 4743 987 4838 eiusque⁹)
1022 4730 1265 4838 suffraganeis,
1303 4744 1455 4818 Salutem
1492 4745 1527 4819 et
1554 4744 1715 4838 apostoli-

172 4883 270 4954 ,oaun
296 4861 575 4938 benedietionem.
601 4865 677 4938 Non
704 4865 830 4956 absque
857 4865 968 4938 multa
993 4864 1101 4940 oordis
1126 4862 1352 4940 amaritudine
1379 4863 1594 4940 iamdudum
1621 4885 1715 4940 aase-

174 4983 327 5078 ,pimus,
370 4985 458 5077 quod
502 4984 686 5060 venerabili
722 4985 826 5060 fratre
862 4987 977 5060 nostro
1015 4984 1171 5080 episeopo
1205 4983 1479 5062 Wratislauiensi
1518 4986 1562 5060 ad
1597 4985 1715 5060 uillam

278 5171 303 5252 1)
325 5175 391 5235 Dux
414 5174 491 5237 deest
512 5177 548 5236 aa
573 5173 644 5236 dod.
667 5173 741 5236 Aoo.
773 5171 800 5254 Ι)
823 5177 943 5237 strictos
969 5171 1040 5236 (iod.
1063 5175 1156 5236 Roar.
1188 5171 1379 5252 ²¹>aecensus
1401 5172 1472 5235 θεά.
1494 5173 1588 5234 Βοεν.
1613 5169 1640 5252 ⁴)
1654 5173 1715 5234 Du·

170 5279 215 5337 eis
236 5279 316 5340 deest
335 5280 371 5340 ira
397 5277 468 5342 (lod.
490 5277 565 5340 Aoo.
596 5275 625 5358 ὅ)
647 5296 757 5340 morem
779 5282 858 5342 deest
871 5282 907 5340 in
925 5279 994 5342 Ood.
1016 5277 1089 5340 Aul.
1120 5275 1148 5356 ⁶)
1170 5278 1391 5338 exterminando
1418 5275 1488 5338 θεά.
1513 5278 1606 5339 Βεεν.
1632 5275 1716 5356 ⁷)le·

171 5383 256 5444 serit
278 5383 357 5444 deest
370 5383 406 5444 ia
424 5380 495 5444 θεά.
518 5381 590 5442 Aac.
622 5379 652 5460 ἓ)
676 5381 771 5442 Ornoe
793 5385 968 5458 scriptarum
987 5381 1058 5444 θεά.
1073 5383 1166 5444 Roas.
1197 5377 1225 5459 9)
1246 5381 1494 5456 Maydeburgensi
1509 5387 1540 5442 et
1555 5381 1718 5442 Gnesnensi

170 5486 410 5561 archiepiscopis,
436 5503 594 5560 eorumque
619 5485 691 5546 Ged.
715 5486 806 5547 Roar.

221 5601 243 5648 d·
256 5600 348 5656 illucet.
362 5602 447 5646 meson
460 5602 539 5646 Polou.
553 5602 580 5644 ¹1¹.
593 5600 626 5646 11.
949 5633 951 5638 ,
1530 5606 1564 5658 ,η
