4172 6278
374 535 458 610 nus
1009 557 1130 609 ursus
1154 555 1309 612 sununs.
1653 533 1721 632 (Α.
1740 533 1936 632 umus.)

371 744 475 819 -sion'e
503 743 652 819 fidelium
680 745 796 820 corma
823 745 992 835 barbaros,
1022 745 1057 818 et
1082 745 1221 819 tertiam
1249 747 1380 840 purtem
1407 746 1566 820 tonorum
1587 745 1748 840 Ripensis
1775 745 1935 820 ecclesiae

372 867 453 940 :iliis
469 868 516 959 ,iu
544 868 655 942 dotem
675 865 883 962 assignarit.
913 866 1016 960 Quem
1045 867 1228 962 Gregorius
1255 871 1363 941 nonus
1391 867 1502 942 ordini
1528 867 1784 942 teutonicorum
1812 867 1934 955 uuiuit,

381 990 416 1063 et
444 992 482 1063 ut
509 990 543 1063 in
572 989 800 1064 iurisdictione
828 990 1057 1084 praelatorum
1085 989 1245 1065 Liuouiae
1272 989 1480 1082 consisteret,
1510 989 1722 1066 constit'uit.'

832 1350 1039 1463 ANNUS
1062 1350 1300 1464 DOMINI
1338 1349 1480 1464 rabo.

369 1602 500 1675 -iurito
528 1600 643 1690 iiius,
679 1603 806 1674 mortuo
842 1603 974 1675 liicolao
1011 1601 1156 1692 palatino
1186 1601 1405 1690 drucoriansi,
1427 1603 1460 1672 in
1487 1601 1692 1672 douuroirmrr
1719 1600 1870 1690 eligitur,
1898 1603 1930 1671 ri

368 1723 483 1795 urimo
513 1723 545 1794 iu
572 1722 724 1794 drusium
752 1723 914 1810 exercitu,
953 1723 1216 1810 suuntboslaunr
1250 1723 1368 1795 bucam
1401 1721 1539 1794 luorico
1572 1739 1644 1792 orn
1665 1720 1748 1793 uiiir
1775 1719 1929 1792 drinonis

662 1849 665 1859 '
943 1849 1073 1937 cupium
1102 1843 1257 1938 suspendi
1284 1845 1371 1918 iecit.
1415 1848 1417 1856 ’
1544 1905 1548 1912 .

370 2149 374 2157 ,
482 2083 742 2160 Irestliolllbus
770 2086 847 2158 Dux
876 2085 1173 2180 Ssurdouuirionsis,
1213 2087 1291 2182 dum
1330 2089 1405 2181 post
1442 2086 1583 2161 relatam
1612 2086 1652 2158 de
1679 2085 1832 2159 Rornuuo
1860 2085 1928 2159 Ru-

369 2209 557 2282 -tbenorum
585 2209 682 2305 Duce¹
704 2208 866 2303 famosam
895 2207 1068 2283 uictoriam
1089 2275 1092 2282 .
1110 2211 1144 2283 et
1171 2209 1260 2303 apud
1287 2211 1421 2284 exteras
1448 2211 1483 2282 ot
1511 2207 1663 2302 proprias
1690 2207 1846 2282 notiones
1873 2229 1929 2280 no·

379 2329 527 2404 minatus
554 2333 589 2404 et
616 2329 757 2406 celebris
785 2330 976 2421 haberetur,
1015 2330 1289 2406 cracoviensibus
1317 2336 1428 2406 tamen
1458 2331 1648 2425 proceribus
1674 2331 1747 2421 (qui
1777 2351 1836 2424 pro
1862 2329 1929 2402 solo

378 2452 509 2527 Nicolai
538 2452 682 2546 palatini
710 2452 938 2548 Gracoriensis
965 2454 1175 2548 beneplacito
1198 2455 1350 2528 natirruli
1378 2455 1507 2540 relicto,
1546 2453 1771 2528 chdislaum
1799 2451 1927 2545 bipenn-

366 2575 509 2649 ,slauicu
536 2573 672 2648 Maioris
700 2573 859 2649 Poloniae
880 2575 1054 2668 'pblicam
1084 2598 1142 2670 pro
1170 2575 1302 2650 domino
1330 2578 1366 2670 et
1392 2575 1573 2650 Monorcba
1600 2596 1769 2653 assumere
1796 2576 1831 2647 et
1849 2574 1927 2646 ilru-

367 2697 504 2772 rcoriam
521 2697 575 2770 illi
595 2697 726 2772 tradere
746 2697 854 2772 coacti·
870 2701 983 2791 erant)
1012 2699 1119 2793 magis
1147 2721 1256 2790 carus,
1283 2699 1458 2794 ruragisque
1485 2699 1692 2774 desideratus
1716 2717 1788 2772 osse
1806 2695 1926 2790 coepit,

365 2841 452 2894 <curn
483 2820 600 2894 multis
636 2819 796 2914 g'radibus
828 2822 863 2895 et
893 2819 1054 2894 uirtutum
1093 2843 1287 2913 morumque
1323 2823 1500 2897 honestate
1537 2821 1659 2896 clarior
1693 2822 1727 2894 et
1763 2818 1929 2892 felicitate

368 2941 811 3036 riaetiriteieqiresuperior
837 2941 915 3036 eii)
943 2943 1077 3032 abbis,
1119 2965 1202 3035 quos
1230 2945 1326 3038 puter
1352 2966 1433 3018 suus
1460 2943 1654 3018 Keuimirus
1681 2940 1928 3036 multiplicibus

366 3061 550 3141 ‚beneficiis
578 3063 796 3154 devinxerat,
814 3066 848 3138 et
864 3062 891 3157 3)
919 3065 1145 3168 nouandarum
1167 3087 1277 3138 rerum
1296 3065 1456 3139 studiosis
1472 3067 1498 3158 ⁴)
1526 3064 1717 3139 Wladisluo
1744 3062 1926 3156 Mpecaslu·

365 3183 455 3259 ·,uicz
482 3185 618 3280 dicioris
645 3186 804 3260 Poloniae
820 3187 847 3280 ⁵)
875 3187 965 3260 lluce
993 3189 1181 3280 putaretur.
1216 3188 1261 3260 nt
1288 3187 1422 3263 uiuente
1449 3187 1582 3278 quidem
1612 3187 1750 3260 Nicoluo
1779 3184 1928 3280 palatino

367 3306 585 3384 -ilrncouiensi
612 3308 725 3384 studia
741 3315 923 3404 ‘procerum
950 3309 1217 3400 ilrac'ouiensium
1244 3331 1325 3404 erga
1339 3311 1554 3384 'Lestlroueru
1582 3309 1707 3382 rilburn
1727 3307 1926 3382 conticesce.—

378 3432 468 3520 bani,
509 3429 663 3505 omnibus
700 3431 951 3525 autoritate¹.et'
973 3432 1125 3527 potentia
1153 3432 1295 3526 palatini
1324 3432 1454 3506 Nicolai
1483 3455 1502 3504 a
1528 3454 1638 3507 rerum
1667 3430 1845 3520 novatione
1872 3429 1927 3502 de·

366 3552 517 3628 territis.
535 3553 800 3648 ‚Quamprimum
828 3573 904 3628 uero
932 3555 1011 3628 anui
1040 3555 1140 3628 buius
1168 3559 1317 3650 tempore
1344 3555 1514 3630 Nicolaus‘
1531 3553 1703 3648 palatinus
1730 3552 1925 3626 ilrucorien-

375 3675 433 3764 sis,
463 3699 504 3749 ex
533 3677 627 3750 cuins
654 3677 865 3770 beneplacito
885 3678 955 3752 fero
973 3678 1182 3771 singulorum
1211 3679 1368 3752 uoluntas
1395 3678 1615 3773 dependebat,
1641 3679 1747 3750 rnorte
1767 3677 1924 3767 absump-

374 3801 431 3872 tus
458 3803 521 3891 est,
550 3799 642 3872 illico
671 3801 733 3872 sub
761 3799 925 3872 Falconis
956 3799 1184 3874 Orucouausis
1212 3799 1359 3894 episcopi
1397 3799 1600 3894 praesentio,
1638 3799 1804 3872 conuentu
1837 3796 1923 3890 apud

373 3920 564 3996 Graeculam
593 3921 734 3998 celerius
762 3921 898 4013 indicio,
928 3922 1074 3996 omniurn
1104 3921 1372 3996 (lracorieusium
1399 3925 1559 3996 baronum
1588 3924 1622 3996 et
1650 3919 1850 3994 militarium
1870 3941 1924 3992 uo·

372 4043 419 4116 tis
446 4045 481 4118 ei
509 4044 680 4138 suffragiis
707 4046 832 4118 Lestlro
861 4043 968 4118 dibus
992 4044 1273 4118 Sandmuiriensis
1292 4045 1380 4134 Dux,
1409 4045 1592 4118 Monarcba
1618 4046 1652 4118 st
1680 4042 1842 4136 Princeps
1862 4043 1922 4114 Po-

348 4166 525 4255 „lonorurn
553 4167 755 4257 decernitur,
793 4170 828 4242 et
855 4187 970 4240 omnes
998 4166 1033 4240 iu
1061 4167 1132 4240 aius
1166 4167 1428 4260 ussuruptiouem
1457 4169 1491 4240 el
1520 4166 1553 4240 in
1583 4165 1763 4242 Wledislai
1793 4165 1922 4259 lipeca—

373 4287 504 4361 slauicn
520 4287 548 4382 ⁶)
576 4287 794 4362 deiectionem
823 4289 1010 4364 coniurant.
1039 4288 1266 4364 Duuiutereu
1284 4289 1493 4364 Wludisluu's
1511 4285 1758 4383 bipecaslawica
1774 4286 1803 4381 7)
1828 4307 1922 4380 prae-

372 4390 508 4483 sidendo
525 4410 551 4502 Β)
578 4410 786 4485 Gracouiensi
814 4411 892 4498 arci,
931 4411 1058 4504 regioni
1087 4413 1121 4483 ei
1149 4411 1221 4484 urbi
1239 4411 1277 4502 ⁹),
1316 4411 1398 4484 tutis
1434 4411 1623 4484 absumitur
1659 4413 1694 4483 et
1721 4409 1756 4482 in
1784 4407 1922 4484 ecclesia

372 4531 489 4605 Maiori
518 4531 727 4606 Oracouiensi
755 4532 845 4607 iusto
872 4533 994 4607 honore
1022 4533 1196 4627 sepelitur.
1225 4531 1344 4628 Dictus
1373 4557 1448 4608 uero
1476 4532 1542 4605 fuit
1569 4532 1782 4627 Lyaskonogi
1805 4528 1857 4624 ¹⁰),
1885 4553 1922 4602 eo

372 4654 459 4744 quod
488 4656 560 4728 erat
588 4655 767 4750 longarum
795 4654 966 4747 tibiarum,
997 4677 1150 4752 procerae
1170 4657 1331 4746 staturae,
1361 4657 1499 4750 pulcher
1526 4659 1676 4750 aspectu,
1705 4654 1776 4728 solo
1796 4652 1920 4727 intuitu

373 4775 521 4870 gratiam
550 4777 584 4850 iu
613 4799 650 4852 se
676 4777 913 4873 aspicientium
942 4779 1141 4866 merebatur,
1180 4777 1305 4850 militia
1332 4781 1510 4870 strennus,
1539 4777 1573 4852 iu
1601 4776 1767 4852 Teutonis
1794 4799 1814 4851 a
1842 4797 1920 4871 pue-

479 5003 501 5080 ¹)
525 5004 779 5064 Ratbiborisusem
806 5003 876 5066 Ood.
893 5005 976 5077 Aul,
999 5006 1050 5066 sert
1072 5010 1234 5066 correctum
1257 5005 1411 5081 deinceps:
1431 5006 1554 5065 biaioris
1570 5005 1709 5064 Poloniae
1744 5002 1771 5080 Ω)
1794 5021 1851 5064 non
1874 5021 1920 5062 so·

369 5109 428 5168 lurn
455 5108 641 5170 Ood.1tosr.
681 5107 708 5186 ὃ)
732 5126 831 5169 verum
855 5111 943 5170 etiarn
965 5111 1002 5168 ab
1019 5111 1073 5180 bis
1098 5111 1146 5183 qui
1173 5109 1243 5171 Oocl.
1267 5111 1361 5169 Roer.
1401 5106 1428 5187 4)
1452 5111 1576 5170 studiosi
1598 5113 1695 5181 erant,
1709 5110 1817 5182 diguus
1840 5108 1922 5168 Pn'n-

369 5215 468 5286 cipatn
493 5221 522 5272 et
544 5215 718 5274 Monarcbiu
742 5214 929 5275 cracoviensi
952 5215 1106 5275 iudicatus.
1135 5215 1205 5273 Cocl.
1229 5215 1321 5275 Rorr.
1359 5211 1384 5291 Β)
1408 5215 1626 5275 Reibiborieusi
1654 5213 1816 5277 (luctatum.
1849 5209 1875 5289 α)
1891 5219 1920 5271 ei

368 5319 398 5376 in
422 5317 655 5378 Ratbiboriensis
685 5319 896 5378 litieczslauiez
932 5318 1002 5380 Coo.
1027 5318 1100 5379 Aul.
1132 5326 1162 5378 et
1192 5321 1221 5378 iu
1244 5319 1397 5380 Wlodislui
1421 5319 1598 5380 llliecslaruic
1628 5319 1725 5382 Ducis¹
1743 5318 1802 5377 Ed.
1827 5318 1919 5377 Dodr.

370 5419 396 5497 l)
419 5421 597 5483 Wladislaus
612 5423 816 5483 Meczschluus
831 5423 1066 5483 Rothiboriensis
1093 5423 1162 5485 Cori.
1187 5423 1261 5490 Aoi.
1301 5421 1327 5500 8)
1350 5425 1497 5498 praesidio
1519 5423 1580 5483 Ed.
1604 5424 1698 5482 Dobr.
1737 5419 1764 5500 9)
1787 5423 1853 5483 urbi
1868 5423 1920 5480 im·

367 5527 465 5604 posito
488 5527 547 5588 Ed.
571 5513 686 5587 Dolor.¹
710 5527 749 5608 ¹⁰)
771 5529 939 5602 Laskonogi
963 5529 1022 5589 Ed.
1047 5529 1140 5588 Dobr.
