4162 6288
397 511 474 584 450
1023 527 1134 580 ureae
1161 527 1355 582 sarsurus.
1678 503 1740 598 (Α.
1760 503 1806 579 D.
1826 503 1946 598 1279.)
2068 591 2072 598 ,

398 717 471 792 bari
499 716 708 792 Sandowitae
744 737 820 790 com
859 715 942 791 duce
969 737 1083 790 eorum
1110 715 1280 790 Skomaml
1300 714 1333 808 ¹),
1371 711 1544 788 Oulmensi
1569 713 1661 788 terra
1687 713 1850 808 repetita,
1879 713 1946 788 duo

396 837 519 932 oppida
545 837 640 910 illius
666 838 789 912 Lubarr
817 838 852 910 et
879 837 996 912 chelm
1031 838 1166 912 obsessa
1201 837 1236 911 at
1272 834 1462 910 lombardis
1497 837 1695 929 expugnata
1729 834 1945 926 conquirunt,

394 959 430 1032 et
455 959 578 1032 terram
597 957 836 1052 trypolensem
863 957 951 1032 circa
977 957 1137 1050 oppidum
1164 956 1323 1049 Korrolye
1350 956 1566 1049 praedantur.
1595 956 1661 1050 Sed
1686 958 1722 1031 et
1748 955 1954 1030 Lancicien-

394 1077 442 1150 eis
469 1077 589 1152 ciritae
616 1099 703 1153 anno
729 1079 843 1153 eodem
870 1100 890 1150 a
916 1077 1098 1152 Irithuanie
1125 1075 1240 1150 subita
1266 1076 1453 1171 irruptione
1472 1077 1693 1168 venientibus,
1714 1098 1872 1170 perpesso
1891 1077 1947 1150 est

396 1197 507 1292 spolia
534 1200 568 1272 et
595 1199 728 1272 damna.

846 1587 1054 1703 ANNUS
1089 1589 1315 1703 DOMINI
1339 1587 1490 1704 lala.

392 1872 562 1944 boleslaus
590 1872 665 1944 lius
691 1873 762 1943 box
789 1871 998 1944 bolisaienaie
1026 1873 1151 1944 relictis
1178 1873 1285 1945 tribur
1312 1873 1462 1960 liliolus,
1488 1871 1641 1942 moritu:
1677 1870 1729 1942 cui
1756 1871 1788 1942 ir
1815 1871 1944 1943 bucata

715 1992 932 2064 Praemislaur
958 2011 1059 2084 nepos
1085 1993 1156 2065 box
1181 1993 1412 2067 Poancnieusir
1439 1990 1597 2064 succedit.

496 2231 638 2324 Magnae
665 2230 844 2305 charitatis
872 2230 907 2304 in
928 2223 1099 2325 patriam,
1129 2231 1309 2327 magnique
1335 2229 1440 2305 animi
1467 2229 1629 2325 Princeps
1656 2230 1832 2304 Boleslaus
1858 2229 1943 2303 Pius

392 2349 604 2425 balissiensis
630 2351 719 2442 Dux,
748 2352 898 2427 febribus
926 2355 1099 2446 correptus
1127 2353 1162 2425 in
1189 2353 1386 2447 languorem
1412 2351 1543 2426 incidit:
1572 2373 1673 2442 quern
1701 2373 1776 2425 cum
1805 2349 1841 2423 in
1870 2349 1943 2423 dies

392 2470 508 2563 augeri
535 2471 705 2562 sensisset,
733 2475 889 2566 nepotem
917 2494 1015 2546 suum
1041 2495 1238 2567 germanum
1265 2471 1507 2546 Praemislaum
1534 2470 1794 2550 Poenaniensem
1814 2471 1942 2546 Ducam

390 2591 541 2682 accersit,
570 2591 667 2685 eique
694 2591 929 2668 Gallesioneem
957 2593 1135 2684 Ducatum,
1165 2595 1351 2668 consortem
1377 2593 1543 2668 Holenam
1570 2593 1606 2665 et
1631 2593 1700 2666 tres
1727 2589 1828 2682 filias,
1849 2589 1941 2665 ride-

390 2713 471 2787 licet
497 2712 692 2808 Hadrigim,
721 2713 897 2789 Elisabeth
924 2717 959 2788 et
976 2712 1122 2803 Annam,
1151 2735 1194 2787 ex
1221 2736 1262 2788 oa
1288 2715 1482 2807 susceptas,
1520 2712 1740 2787 commendat.
1777 2711 1942 2786 Omnibus

390 2833 527 2906 tandem
555 2833 774 2908 sacramentis
802 2811 920 2908 devote
947 2833 1134 2928 perceptis,
1171 2833 1261 2928 apud
1297 2835 1444 2908 castrum
1481 2833 1682 2908 Galiasionso
1717 2833 1772 2906 die
1798 2831 1941 2907 Veneris

390 2951 539 3046 Septimo
567 2953 648 3026 Idus
675 2953 805 3048 Aprilis
833 2954 995 3046 moritur,
1026 2954 1061 3028 iu
1089 2953 1357 3045 Poenaniamque
1384 2953 1532 3046 relatus,
1572 2953 1607 3026 in
1644 2953 1761 3028 maiori
1798 2951 1941 3027 ecclesia

390 3072 426 3146 in
454 3075 590 3167 patrum
618 3095 754 3148 suorum
780 3075 922 3166 tumulo,
951 3075 1156 3150 Praemislao
1183 3075 1274 3149 Duce
1301 3076 1422 3169 nepote
1449 3073 1541 3148 iusta
1567 3075 1678 3149 funeri
1706 3075 1867 3168 solvente,
1886 3096 1940 3149 se·

391 3194 530 3288 politur.
568 3195 650 3269 Post
676 3194 772 3270 cuius
809 3197 949 3271 mortem
985 3195 1210 3271 Praemislaus
1246 3195 1483 3270 Poenanieneis
1515 3196 1594 3268 Dux
1624 3194 1666 3267 iu
1702 3195 1939 3269 Calissieneem

389 3316 556 3390 Ducatum
583 3305 756 3422 successit,
785 3318 820 3392 et
846 3316 952 3392 totius
978 3317 1115 3392 Maioris
1142 3317 1302 3392 Poloniae
1327 3315 1559 3412 Principatum
1586 3317 1718 3407 nactus,
1746 3319 1783 3390 et
1802 3315 1831 3409 ²)
1856 3314 1938 3388 reli·
2025 3413 2029 3424 ι

389 3437 479 3510 ctum
506 3425 656 3542 Boleslei
683 3435 736 3510 Pii
764 3436 977 3512 balissiensis
1004 3437 1117 3530 Ducis,
1146 3439 1181 3513 et
1197 3435 1225 3530 ³)
1244 3436 1346 3529 filias,
1368 3437 1457 3512 datis
1475 3436 1666 3532 sumptibus
1684 3439 1719 3512 et
1736 3437 1814 3511 dote
1831 3437 1938 3510 abun·

388 3557 493 3648 danti,
522 3557 759 3653 emanciparit.
787 3557 833 3632 Et
859 3559 980 3634 relicta
1006 3559 1141 3652 quidam
1168 3558 1317 3633 Boleslei
1344 3557 1398 3631 Pii
1413 3559 1442 3652 ⁴)
1477 3558 1609 3633 Helena
1645 3557 1732 3631 alias
1767 3557 1935 3648 Iohelcth,

326 3771 328 3774 ῃ
389 3698 508 3770 parum
535 3664 626 3771 apoc
652 3678 795 3753 Kalisch
822 3683 963 3770 morata,
992 3679 1146 3754 omuibus
1172 3681 1272 3754 rebus
1298 3682 1333 3755 et
1359 3678 1577 3773 supellectili,
1606 3700 1694 3768 quae
1712 3679 1754 3752 ad
1772 3701 1846 3753 eam
1862 3699 1936 3772 per-

388 3796 554 3888 tinebant,
583 3799 729 3892 sumptis
743 3797 783 3892 ⁶),
812 3799 849 3872 in
875 3799 1064 3875 cracoviam
1092 3801 1134 3874 ad
1151 3823 1296 3874 sororem
1324 3822 1517 3894 germanam
1544 3799 1714 3894 Kingam,
1752 3798 1938 3873 deuotionis
1994 3781 1996 3785 ¹

388 3919 423 3990 ot
450 3917 624 4011 religionis
651 3899 836 4016 ¹singularis
875 3919 1055 4011 seminem,
1084 3919 1232 3994 Boleslei
1261 3919 1378 3993 Pudici
1413 3919 1641 3994 cracoviensis
1668 3921 1702 3992 at
1729 3917 1937 3992 Sandomiri-

388 4037 479 4112 cnsis
504 4037 607 4112 Ducis
634 4020 929 4130 consortem-lieo
956 4042 996 4114 do
1023 4041 1152 4114 caetero
1179 4039 1395 4129 famulatura,
1416 4040 1592 4115 concessit.
1628 4038 1856 4112 Praemislaue
1873 4059 1935 4110 au-

378 4152 455 4233 tem
481 4158 617 4233 Maioris
644 4160 803 4234 Poloniae
829 4161 906 4233 Dux
945 4161 1098 4253 neptium
1126 4182 1262 4233 suarum
1289 4180 1403 4234 curam
1439 4181 1577 4252 gerens,
1615 4159 1797 4252 Hedrigim
1825 4159 1934 4232 scoio-

385 4301 456 4353 rem
483 4279 683 4371 Wladislao,
712 4280 771 4370 qui
798 4282 839 4353 ob
865 4279 1004 4352 nimiam
1031 4279 1230 4354 brevitatem
1245 4279 1400 4373 corporis,
1421 4279 1585 4353 Oubitalie
1612 4279 1647 4352 in
1674 4277 1831 4353 Polonico
1858 4279 1934 4352 Iro·

386 4383 726 4492 ktek'appellatus,
755 4399 826 4473 filio
853 4399 1019 4472 Keuimiri
1038 4399 1212 4494 baiariae,
1243 4400 1326 4472 Duci
1355 4392 1559 4490 Briostonei,
1587 4399 1728 4473 alteram
1755 4397 1936 4472 Elisabeth

385 4518 533 4593 Henrico
559 4519 778 4614 Legoicaeusi
818 4519 903 4594 Duci
930 4519 1093 4594 Ventroso
1120 4521 1312 4613 appellato,
1340 4519 1411 4593 filio
1438 4519 1585 4594 Boleslei
1613 4519 1706 4593 balvi
1733 4541 1793 4593 eeu
1808 4518 1837 4612 ⁶)
1864 4517 1933 4592 ao·

384 4639 503 4732 gatlia,
531 4639 621 4713 locat
647 4638 682 4711 in
710 4642 906 4731 consortem,
935 4639 1039 4714 tertie
1065 4637 1165 4712 Anna
1192 4639 1228 4712 in
1255 4639 1452 4734 uirginitate
1479 4639 1566 4713 diem
1593 4639 1688 4714 obiit.

493 4949 517 5028 ¹)
539 4951 614 5012 dncc
645 4968 699 5012 eno
722 4949 882 5011 Skomonth
908 4949 979 5014 Ocri.
1002 4950 1093 5011 Roas.
1119 4947 1147 5029 Ω)
1171 4956 1230 5010 mm
1256 4947 1318 5011 Ocri
1339 4951 1431 5012 Reor.
1464 4946 1600 5028 ³)quam
1626 4948 1695 5010 Occi.
1718 4950 1814 5010 Roar.
1838 4945 1865 5026 ⁴)
1886 4949 1931 5008 Pii

383 5050 569 5114 Calissieneis
591 5051 681 5114 Ducis
708 5051 778 5118 Ocri.
801 5053 893 5115 Beer.
919 5049 945 5131 ὅ)
969 5055 1091 5130 sumptis
1114 5053 1193 5114 dccet
1213 5056 1249 5114 ia
1275 5052 1344 5114 Ood.
1367 5052 1441 5115 Aac.
1466 5050 1493 5133 θ)
1508 5053 1595 5127 vulgo
1618 5048 1683 5113 aa:
1699 5051 1789 5128 Lapa.
