4208 6282
163 575 221 672 (Α.
242 573 288 650 D.
309 576 420 676 1177.)
781 599 893 653 arnan
919 601 1071 656 snxnus.
1626 577 1630 584 ’
1652 589 1699 660 99

162 788 315 884 gnlcrnm
343 788 546 881 invaluerat,
574 793 614 864 ut
640 790 812 866 universos
847 792 996 868 crederes
1022 792 1058 866 in
1085 815 1182 868 suem
1200 793 1224 889 ¹)
1251 793 1466 872 deiectionem
1494 819 1562 872 una
1588 799 1699 873 mente

161 913 196 987 et
220 911 354 1008 spiritu,
382 912 478 1004 quasi
505 912 541 987 in
568 913 735 1006 quandem
761 935 967 990 communem
994 915 1132 1010 pestem,
1161 916 1380 1012 conspirasse.

373 1278 544 1357 micando
571 1281 782 1357 losncnicrsi
808 1283 960 1376 episcopo
988 1283 1138 1357 succedit
1163 1282 1321 1358 rrromm
1348 1226 1507 1377 primur.u

260 1526 459 1603 Gerendus
486 1525 722 1601 Pcsnaniensis
757 1527 932 1622 episcopus
967 1526 1176 1602 breviusculo
1213 1529 1362 1622 tempore
1393 1527 1520 1620 uirens,
1557 1533 1699 1626 apeste

154 1648 335 1744 epidimiae
362 1651 536 1743 correptus
572 1647 713 1724 moritur
744 1653 779 1724 et
815 1644 851 1724 in
877 1649 1097 1724 Posnaniensi
1123 1649 1264 1726 ccclesia
1299 1651 1481 1745 sepelitur;
1513 1650 1699 1728 Amoldum

154 1772 302 1868 primum
317 1771 345 1866 ¹)
371 1769 492 1847 habuit
518 1793 751 1863 successorem,
775 1773 937 1846 Polonum
970 1772 1115 1848 nobilem
1143 1773 1183 1846 de
1211 1771 1316 1868 stirpe
1351 1773 1524 1869 Dolanga:
1552 1797 1572 1848 a
1598 1776 1698 1850 Petro

154 1893 342 1970 Guesnensi
379 1893 636 1990 archiepiscopo,
674 1893 835 1970 electione
870 1895 1075 1990 canonicab
1110 1897 1145 1970 et
1170 1894 1350 1991 Mpeczslai
1375 1895 1511 1970 Maioris
1537 1896 1699 1972 Polcnise

153 2017 258 2092 Ducis
285 2039 446 2092 consensu
473 2015 528 2090 illi
555 2018 773 2112 suffragante,
801 2017 1018 2093 confirmatus
1044 2020 1080 2093 et
1106 2018 1328 2093 consecratus.

239 2137 486 2215 'Romanorum
517 2139 705 2234 Imperator
738 2139 929 2216 dbidericus
965 2140 1091 2215 sedulis
1125 2138 1425 2231 criminationibus,
1463 2141 1726 2232 praeraso·

153 2262 320 2337 bieslaum
347 2261 528 2337 Bohemiae
554 2262 679 2336 Ducem
695 2259 724 2356 ¹)
750 2266 785 2336 et
811 2285 869 2358 per
887 2261 1095 2337 Fridericum
1122 2261 1303 2337 Bchemiae
1329 2263 1455 2337 Ducem
1472 2261 1582 2336 filium
1600 2263 1697 2339 Wle-

152 2383 421 2480 dislaillegisb
447 2383 628 2460 Boherniae
656 2383 690 2457 in
717 2383 810 2458 curia
836 2383 939 2478 sua⁶)
965 2385 1059 2460 uelut
1085 2383 1219 2459 exulem
1246 2385 1448 2475 menum,
1477 2385 1511 2458 et
1538 2407 1597 2479 per
1614 2407 1697 2460 ncn-
1816 2439 1824 2460 r

151 2507 267 2582 nullos
294 2505 476 2582 Bohemiae
511 2508 651 2582 barones
682 2506 770 2602 perti
798 2505 922 2601 suasi)
949 2508 1100 2580 fauentes
1126 2507 1371 2598 deferebantur,
1408 2506 1572 2602 quiuusu
1598 2506 1697 2582 illurn

152 2633 187 2705 et
214 2627 423 2725 prouinciam
459 2631 598 2723 superbe
625 2631 660 2704 et
686 2650 784 2704 uvare
811 2627 1052 2718 administrari,
1089 2629 1125 2704 et
1150 2627 1351 2723 Imperatori
1386 2627 1497 2702 minus
1533 2628 1637 2702 ddum
1663 2631 1698 2704 et

150 2753 316 2828 rebellem
343 2773 416 2827 esse
443 2751 664 2847 perhibebant
678 2751 718 2846 ⁹),
756 2751 927 2826 Sobieslao
958 2750 1209 2826 criminationes
1243 2771 1389 2846 purgare
1426 2749 1624 2846 negligente
1643 2750 1696 2845 ¹⁰),

152 2876 375 2971 expugnatus
395 2873 449 2968 ¹¹),
477 2873 684 2949 Sobieslaum
711 2871 796 2968 α’)
822 2875 954 2948 Ducatu
980 2873 1161 2949 Bobeniae
1188 2875 1224 2947 et
1250 2872 1322 2948 eins
1340 2871 1504 2968 regimine
1522 2870 1566 2967 ¹³)
1592 2873 1696 2948 desti-

151 2997 222 3072 tuit
241 2997 299 3092 '¹),
327 2997 362 3072 et
388 2995 594 3072 Fridericnm
613 2995 656 3090 ¹⁵)
683 2995 791 3070 filium
818 2995 1000 3072 Wladislai
1034 3018 1093 3092 per
1119 2994 1337 3070 traditionem
1371 2995 1491 3070 vexilli
1525 2994 1697 3070 Bchemici

152 3119 296 3196 investit
324 3119 364 3194 de
390 3119 514 3194 eodem.
560 3118 687 3195 (iberra
706 3117 749 3213 ¹⁶)
776 3119 912 3215 insuper
939 3118 1027 3195 inter
1054 3119 1245 3214 praefatum
1280 3117 1490 3194 Sobiealanm
1516 3117 1696 3193 Bobeniac

151 3245 281 3318 Ducem
308 3243 343 3316 et
358 3241 559 3346 'dunradum
586 3241 752 3318 Morarioe
778 3241 1003 3316 Marchicnam
1039 3243 1157 3316 exorta
1176 3240 1230 3336 ¹⁷),
1267 3240 1459 3316 Sebieslaus
1485 3263 1506 3316 a
1532 3240 1696 3332 dunrado,

150 3365 248 3440 cuins
278 3363 483 3459 provinciam
509 3362 681 3438 hostiliter
706 3365 905 3439 vastandam
932 3363 1129 3454 intrauerat,
1166 3363 1351 3439 ferentibus
1377 3363 1528 3438 cunrado
1554 3361 1697 3437 Aumra-

150 3489 243 3563 libus
273 3485 397 3562 solatia
415 3486 475 3580 ¹¹),
513 3485 691 3582 campestri
727 3485 907 3562 aeramine
942 3486 1051 3562 victus
1086 3486 1122 3560 in
1148 3485 1344 3561 Bobeniam
1375 3485 1506 3582 refugit
1525 3485 1579 3580 ¹⁹).
1624 3484 1697 3579 Qua

151 3609 292 3703 quidem
318 3609 413 3685 clade
439 3607 607 3684 Friderico
643 3609 830 3685 adversario
858 3631 917 3684 suo
932 3607 980 3703 ²⁰)
1007 3607 1113 3683 creuit
1148 3607 1290 3698 enimus,
1326 3613 1361 3684 et
1388 3607 1424 3682 in
1450 3607 1576 3683 certam
1602 3627 1696 3701 spem

150 3736 287 3809 erectus
314 3731 403 3806 baud
429 3729 615 3821 dubitabat,
646 3731 852 3806 Sobiesleum
881 3731 975 3806 clade
1001 3730 1192 3805 huiusmodi
1218 3732 1407 3825 perculsum
1435 3729 1598 3824 possode
1629 3729 1695 3804 Bc-

150 3856 266 3932 hemia
293 3853 392 3928 facile
411 3851 565 3949 perpelli.

256 3975 404 4072 Eclipsis
430 3975 510 4050 solis
536 3998 623 4050 anno
650 3978 763 4051 eodem
790 3977 872 4051 hora
900 3979 997 4052 sexta
1024 3975 1141 4050 Idibus
1168 3974 1373 4070 Septembris
1399 3972 1483 4048 risa.

261 4240 288 4320 ¹)
311 4242 390 4301 illius
416 4238 486 4301 Ocri.
509 4241 601 4300 Rorr.
642 4237 667 4316 ¹)
690 4241 813 4314 primum
834 4239 1009 4300 Polonorum
1032 4239 1092 4299 Ed.
1114 4239 1207 4299 Dobr.
1246 4235 1348 4315 ¹)per
1374 4237 1546 4298 electionem
1577 4235 1695 4296 canoni·

151 4365 214 4408 cam
237 4345 302 4407 Ed.
325 4347 419 4406 chr.
458 4339 485 4422 ⁴)
507 4345 538 4404 in
561 4345 742 4404 sobieslaum
771 4345 928 4404 Bobeniae
958 4343 1067 4404 Ducem
1097 4344 1176 4404 deest
1197 4345 1232 4402 in
1245 4341 1328 4430 ¹Ocd.
1351 4338 1424 4402 Aac.
1463 4337 1490 4418 ⁵)
1512 4341 1603 4400 Ducis
1635 4339 1696 4399 Ed.

149 4453 246 4514 Debr.
282 4445 710 4528 ¹)Impcratoris00d.1locr.
744 4445 862 4526 ⁷)parti
877 4449 1021 4509 Friderici
1040 4449 1132 4508 exulis
1157 4447 1227 4509 Ocd.
1250 4449 1342 4508 Reor.
1377 4443 1485 4524 ⁸)nam
1511 4445 1581 4507 Ocd.
1603 4443 1695 4505 Bon.

152 4555 178 4636 9)
202 4557 380 4620 asserebant
405 4554 476 4617 God.
498 4555 590 4616 Rorr.
632 4551 672 4632 ¹¹)
695 4573 759 4614 cum
782 4554 950 4614 Sebiaslcns
972 4571 1096 4628 purgare
1119 4571 1151 4614 se
1173 4553 1334 4628 negligeret
1363 4550 1433 4612 Occi.
1456 4553 1547 4612 Rcrr.
1590 4547 1630 4627 ¹¹)
1653 4548 1696 4610 ol·

151 4663 252 4724 tensas
288 4659 359 4723 ceo.
381 4661 475 4721 Recr.
517 4657 556 4736 ¹¹)
578 4661 659 4720 illurn
692 4658 761 4720 Ood.
784 4661 875 4720 Rosr.
917 4654 956 4734 ¹³)
979 4659 1145 4733 regionibus
1179 4657 1249 4718 ch.
1272 4659 1362 4718 Rosr.
1409 4651 1448 4734 ¹¹)
1471 4656 1607 4731 deposuit
1635 4653 1696 4714 Ed.

151 4769 244 4828 Dobr.
289 4762 329 4843 ¹¹)
351 4765 533 4826 Fridericum
556 4764 669 4824 exulem
695 4763 765 4826 Occi.
789 4765 879 4824 Recr.
922 4759 960 4843 ¹¹)
982 4763 1066 4823 Bello
1092 4761 1160 4824 Ocd.
1182 4763 1275 4822 Recr.
1318 4759 1357 4838 ¹⁷)
1380 4767 1482 4821 exorto
1513 4760 1581 4821 Ccd.
1603 4759 1695 4820 Rcrr.

157 4867 196 4950 ¹⁸)
219 4871 387 4935 Austriacis
410 4871 519 4935 auxilia
545 4869 614 4932 Ocd.
637 4871 729 4934 moer.
771 4865 811 4950 ¹⁹)
835 4869 943 4948 effugit.
970 4868 1031 4934 Ed.
1053 4867 1147 4930 Dobr.
1186 4863 1228 4948 ¹¹¹)
1251 4869 1329 4930 illius
1355 4865 1427 4930 Coct.
1449 4867 1541 4929 Rccr.
