4162 6288
412 511 489 583 400
1016 531 1128 585 uranu
1154 531 1349 586 suunmrns.
1678 509 1746 611 (Α.
1767 511 1814 588 Ι).
1833 511 1960 611 lm.)
1995 603 1998 608 ,

411 718 490 794 vote
516 716 605 794 eirea
631 716 740 794 noetis
775 717 1008 814 orepusoolum
1045 718 1187 796 moritur
1216 721 1253 796 et
1287 719 1323 794 in
1358 719 1500 796 eeclesia
1534 719 1744 798 Orsooriensi
1778 721 1871 817 apud
1905 741 1959 796 os·

412 840 539 936 pellam
565 839 765 914 Senatorum
791 839 885 917 Petri
911 841 947 916 et
973 841 1072 916 Pauli
1100 841 1274 938 sepelitur,
1303 863 1378 916 oum
1405 865 1512 918 anuos
1538 843 1650 918 (leoem
1676 845 1711 919 et
1737 843 1811 918 ooto
1829 841 1866 916 in
1884 841 1959 917 serlo

411 959 622 1037 Oraooviensi
649 959 903 1056 absumpsisset.
952 962 1127 1038 Eleatione
1153 965 1268 1039 autem
1295 986 1354 1058 por
1381 964 1552 1059 praelatos
1578 965 1613 1040 et
1639 963 1814 1040 oanonieos
1841 963 1958 1040 Orroe-

411 1081 543 1158 rienses
569 1103 670 1178 super
700 1081 857 1178 eligendo
875 1083 990 1159 fintoro
1010 1083 1169 1179 pontifioe
1195 1085 1374 1176 eelebrate,
1403 1087 1530 1160 Paulus
1556 1085 1735 1162 eanonioos
1761 1084 1958 1162 (lraoosien-

411 1203 470 1294 sis,
498 1203 622 1279 nobilis
649 1225 772 1300 genere
797 1204 838 1282 de
865 1205 961 1280 domo
996 1205 1192 1298 Pololrosza,
1230 1205 1323 1280 filios
1349 1206 1489 1282 Comitis
1514 1207 1686 1283 Issedonis
1712 1207 1753 1282 (lo
1779 1208 1957 1282 Prnemsn·

410 1327 495 1416 low,
523 1325 672 1402 Boloslai
699 1325 817 1402 Pudioi
843 1325 947 1402 Ducis
974 1327 1205 1420 oaneellarius,
1238 1328 1391 1405 concordi
1417 1328 1581 1406 eleotione
1607 1351 1667 1424 per
1692 1327 1783 1404 uam
1809 1349 1958 1424 eompro·

411 1446 507 1521 missi
533 1445 632 1538 inita,
669 1449 712 1523 ab
747 1447 896 1541 arbitris,
933 1447 1091 1525 videlieet
1127 1448 1275 1525 (loreum
1310 1450 1501 1546 praeposito
1536 1450 1758 1542 Wislioisusi,
1795 1449 1958 1544 Magistro

411 1569 583 1664 Stephano
624 1569 659 1643 et
693 1569 846 1665 Vpsuon,
887 1569 1057 1646 eanoniois
1092 1569 1383 1664 liraoosiensibus,
1421 1571 1572 1666 Septimo
1606 1572 1689 1646 Idus
1724 1569 1958 1660 Ootobris,iu

411 1689 603 1785 episcopum
637 1691 798 1766 suffeotos
824 1691 877 1767 est
896 1690 929 1785 ¹),
967 1713 1055 1766 anuo
1090 1691 1204 1767 eodem
1240 1692 1545 1788 ametropolitsno
1581 1691 1735 1768 Ianussio
1770 1690 1959 1768 [inosueusi

411 1811 660 1908 arehiepisoopo
695 1811 731 1886 in
763 1811 816 1888 dio
843 1812 1042 1888 Sanctorum
1077 1812 1224 1888 Simonis
1249 1815 1284 1890 et
1311 1813 1416 1888 Iudae
1431 1811 1459 1908 ²)
1484 1813 1520 1888 in
1546 1814 1694 1910 Unyeosr
1729 1812 1957 1902 oomtrmntm,

410 1956 499 2009 anuo
526 1955 603 2010 vero
630 1933 785 2027 sequenti
811 1932 848 2007 io
874 1935 986 2010 helom
1013 1933 1049 2008 in
1075 1933 1250 2010 Dominioa
1276 1933 1558 2030 Quadragesimae
1584 1935 1811 2012 Reminisoore
1834 1933 1870 2008 in
1888 1933 1957 2028 epi-

410 2077 548 2151 seopum
583 2079 644 2150 per
669 2056 812 2132 eundem
845 2055 1134 2151 arehiepisoopom
1169 2060 1391 2132 oonseoratus.
1437 2057 1601 2153 Gopiebat
1636 2059 1749 2132 autem
1785 2057 1958 2151 praefatus

410 2177 605 2252 Prandotha
631 2177 805 2273 episeopus
834 2177 1074 2270 Graeouiensis,
1111 2177 1165 2253 vir
1191 2199 1272 2253 saue
1298 2178 1445 2273 optimus
1472 2181 1507 2254 ot
1533 2178 1652 2254 multis
1678 2177 1864 2254 uirtutibus
1890 2177 1957 2252 ola·

410 2321 469 2373 rus
494 2299 529 2374 et
557 2299 708 2392 celebris,
746 2300 872 2376 dudum
907 2298 1045 2374 dissolri
1080 2299 1115 2375 et
1140 2321 1184 2375 err
1210 2299 1273 2375 hae
1300 2301 1465 2376 malorum
1501 2299 1635 2377 sentina
1670 2321 1767 2374 sunm
1793 2299 1837 2374 ad
1860 2298 1956 2372 Orea-

249 2442 251 2446 ’
410 2422 529 2514 torem,
557 2421 614 2496 ubi
641 2443 722 2498 aero
748 2421 885 2498 fruatur
910 2420 1126 2517 sempiterno,
1159 2420 1337 2516 profioisei.

462 2787 739 2864 wratislaviensis
765 2788 910 2862 Bruttus
937 2787 977 2861 olo
1005 2787 1142 2862 lratmn
1168 2786 1365 2862 llsoorilrn
1392 2787 1541 2862 tllsrlan
1567 2786 1744 2862 solstitm:
1770 2803 1907 2881 quoru

410 2910 564 2984 ilenrious
590 2910 766 2984 norltrrur
791 2908 971 2983 lllsllslro
998 2909 1233 2999 roeoreilistsr,
1260 2911 1375 3002 rripuo
1395 2927 1434 2984 so
1452 2927 1585 2984 suom
1610 2909 1750 2983 tutela·
1772 2907 1957 2984 osnlttit

515 3149 684 3228 Hemious
711 3149 839 3228 Slosiae
866 3151 901 3227 et
927 3149 1223 3228 Wratislovionsis
1248 3152 1338 3243 Dux,
1368 3150 1461 3226 filius
1488 3148 1628 3227 Henrioi
1653 3171 1674 3224 a
1699 3147 1877 3226 'l'hartaris
1902 3169 1955 3224 oo-

411 3270 485 3366 oisi,
514 3271 580 3348 etsi
606 3294 668 3368 pro
693 3272 849 3348 omnibus
874 3271 984 3364 annis,
1021 3295 1066 3348 ox
1092 3295 1158 3364 quo
1185 3271 1305 3348 divisio
1331 3272 1448 3348 seouto
1474 3271 1559 3362 erat,
1596 3271 1812 3366 paternorum
1847 3269 1955 3344 Duoa·

410 3395 509 3469 tunm
535 3415 611 3470 oum
637 3415 798 3490 germano
833 3415 893 3470 suo
927 3393 1118 3471 Wladislao
1154 3393 1413 3490 saltzburgensi
1449 3392 1710 3488 arehiepiseopo,
1746 3413 1849 3483 quem
1878 3411 1957 3466 suae

410 3515 575 3611 portionis
601 3516 722 3592 habuit
747 3517 946 3607 consortem,
975 3516 1168 3591 oonoordem
1193 3514 1321 3611 egisset
1346 3515 1464 3606 uitem,
1496 3512 1671 3590 nonnullis
1696 3514 1811 3588 mmen
1837 3510 1956 3587 militi·

410 3639 484 3729 bus,
513 3635 574 3732 qui
600 3638 635 3713 el
661 3636 807 3712 Henrioo
834 3638 988 3733 praelato
1015 3635 1165 3712 toxioum
1184 3637 1395 3712 ministrasse
1413 3634 1603 3711 insimulati
1622 3636 1714 3726 sunt,
1742 3629 1957 3725 disoordias⁸l

410 3758 612 3851 serentibus,
639 3757 676 3832 in
704 3779 778 3833 eam
805 3757 993 3834 animorum
1019 3760 1179 3834 offensam
1206 3757 1496 3852 imitationemque
1522 3757 1754 3853 proruperant,
1782 3756 1823 3829 ut
1848 3756 1956 3829 Duea·

410 3883 485 3955 tom
512 3879 830 3958 wratislaviensem
864 3880 986 3956 bifarie
1021 3879 1223 3956 scinderent.
1267 3879 1435 3956 Henrioos
1474 3881 1588 3955 autem
1623 3880 1702 3952 Dux
1737 3875 1956 3972 propinquam

410 4001 476 4077 sibi
504 4025 547 4076 ex
574 4002 733 4079 diuturno
768 4004 933 4098 languore
959 4005 995 4078 et
1020 4025 1147 4078 ueneno
1174 4001 1324 4079 sentiens
1350 4003 1492 4078 mortem
1527 4001 1655 4093 adesse,
1691 3999 1797 4074 fratre
1823 3995 1957 4074 erdi·

409 4124 482 4199 sloo
508 4123 757 4220 arehiepiseopo
784 4125 1042 4220 Salonbmgeusi
1077 4124 1195 4217 oooito,
1233 4122 1401 4219 duplioem
1437 4123 1578 4218 prolem,
1616 4143 1718 4213 quam
1747 4141 1792 4195 err
1818 4117 1957 4193 Iuditha

409 4244 483 4319 iilia
509 4245 655 4320 Gouradi
680 4245 784 4321 Duois
819 4245 998 4337 Maeoniae,
1028 4245 1137 4340 prima
1163 4247 1327 4337 oonsorte,
1356 4244 1554 4335 sustulerat,
1590 4241 1748 4318 videlieet
1772 4239 1956 4317 Hemionm

410 4365 521 4440 filium
547 4368 583 4442 et
608 4366 791 4462 Hsdrigim
816 4366 935 4458 filiam,
973 4368 1120 4441 nondum
1148 4365 1338 4462 pubertatis
1365 4387 1470 4441 annos
1496 4367 1735 4460 transgressos,
1762 4363 1798 4437 ot
1824 4382 1956 4436 eonsor·

408 4489 479 4563 tem
505 4488 685 4562 secundam
711 4487 879 4563 Senoniae
904 4487 1007 4563 Duoi's
1026 4487 1145 4579 liliam,
1173 4509 1275 4581 quam
1306 4487 1552 4582 superduxerat
1577 4485 1688 4581 primu
1707 4484 1861 4574 obeunte,
1890 4505 1956 4558 uns

409 4629 486 4682 oum
512 4606 788 4684 Wratislariensi
814 4609 959 4700 Dnootu,
995 4610 1171 4683 obseorans
1198 4631 1312 4683 eorum
1339 4607 1413 4703 geri
1439 4629 1564 4699 numm,
1592 4605 1813 4695 oommenolat,
1849 4603 1955 4679 omni·

408 4730 538 4822 busque
564 4729 782 4804 sacramentis
807 4731 1005 4824 procuratus
1032 4729 1175 4822 decedit,
1203 4730 1239 4805 et
1265 4729 1301 4802 iu
1328 4727 1529 4804 monasterio
1548 4728 1690 4804 &nomo
1716 4726 1837 4802 olonae
1862 4747 1954 4820 sepe·

408 4849 504 4943 litun,
533 4851 648 4926 Nonas
673 4850 866 4928 Deoombris
892 4852 1104 4946 absumptus.

518 5127 541 5206 ¹)
564 5136 611 5190 est
632 5129 710 5191 deest
730 5131 766 5190 io
792 5128 863 5190 (lod.
887 5125 961 5189 Aul.
993 5125 1020 5206 n)
1044 5127 1169 5188 Simonis
1192 5133 1223 5187 et
1243 5127 1334 5188 Indae
1350 5128 1558 5200 Apostolorum
1576 5123 1646 5188 Ood.
1669 5123 1763 5187 Roas.
1794 5121 1824 5207 ⁸)
1845 5121 1952 5186 ‹lireot-

409 5229 487 5293 dism
513 5232 584 5294 (lod.
607 5233 700 5294 Ilorr.
1889 5231 1897 5239 '
