4140 6298
125 533 183 631 (Α.
203 536 249 612 D.
271 535 387 627 1256.)
729 553 841 606 urana
868 553 1060 606 sarsurus.
1590 533 1664 606 353

123 744 230 819 Nakol
267 740 598 834 aSuantopellrono
633 739 725 814 Duce
760 737 977 813 Pomeraniae
1013 737 1193 832 intercepti
1228 737 1515 832 expugnationem
1550 737 1668 812 ridens

123 863 327 954 successisse,
358 863 467 936 altera
493 863 536 936 ob
561 882 732 935 eanrrem
760 860 1014 954 expediendam,
1043 859 1114 933 suis
1140 861 1175 934 et
1193 859 1341 935 Boleslai
1365 858 1577 933 Galissiensis
1596 861 1666 934 Du-

123 987 168 1060 cis
192 983 346 1080 germani
374 983 427 1058 sui
454 982 554 1058 terris
580 981 793 1075 expeditione
820 981 957 1072 indicta,
986 981 1158 1055 Kazimiro
1177 980 1313 1075 insuper
1339 980 1548 1074 Ouyauiensi,
1576 983 1666 1056 Lan-

123 1105 255 1182 ciciensi
283 1106 319 1180 et
346 1102 530 1178 Siradiensi
555 1104 647 1178 Duce
673 1102 945 1196 Suantopellroni
973 1102 1094 1196 oppido
1116 1101 1239 1175 infesto
1266 1102 1438 1195 personale
1469 1102 1666 1196 suffragium

123 1229 262 1315 ferento,
291 1227 334 1300 ad
360 1226 471 1300 Nakol
499 1224 663 1318 pervenit,
693 1225 980 1318 expugnationem
1007 1223 1109 1297 castri
1136 1223 1246 1297 Nakol
1273 1223 1451 1317 intercepti
1479 1226 1666 1298 rnaturatu-

123 1370 191 1423 rus.
237 1348 395 1442 Stragom
442 1348 556 1421 summ
591 1346 739 1419 militurn
776 1345 805 1418 si
842 1345 1040 1439 impugnare
1080 1346 1254 1438 pergeret,
1291 1344 1352 1417 aut
1385 1343 1606 1438 ignominiam
1641 1345 1669 1418 si

123 1471 236 1564 coepto
263 1469 361 1542 irrito
387 1467 545 1558 resiliret,
574 1467 712 1557 resitue,
749 1465 929 1541 itineribus
964 1465 1139 1542 nocturnis
1166 1466 1207 1538 ad
1234 1466 1382 1538 castrum
1419 1466 1613 1540 ltacaanscb
1634 1466 1666 1558 ¹),

122 1590 207 1684 quod
234 1613 256 1664 a
284 1589 563 1683 Snantopelkone
590 1589 779 1678 tenebatur,
808 1589 843 1661 et
869 1587 905 1660 in
933 1587 1019 1678 quod
1048 1587 1161 1680 plures
1188 1585 1363 1675 militares,
1396 1585 1484 1660 cirea
1511 1588 1546 1661 et
1573 1609 1667 1679 agre·

122 1714 189 1785 stes
216 1733 260 1785 ax
289 1710 493 1802 Poruoranis,
531 1731 607 1784 curn
644 1708 806 1804 personis,
844 1709 943 1782 rebus
978 1709 1013 1782 et
1040 1707 1195 1797 fortunia
1234 1729 1293 1800 pro
1329 1709 1496 1801 comperto
1524 1707 1669 1780 habebat

123 1832 330 1926 confugisse,
369 1832 570 1906 antelucano
602 1833 751 1924 tempore
778 1829 933 1922 pervenit
959 1831 994 1904 et
1021 1831 1170 1904 castrum
1195 1827 1288 1902 illico
1314 1829 1521 1919 Racaansch,
1550 1827 1667 1922 singu-

122 1954 176 2044 lis,
204 1953 264 2045 qni
293 1953 329 2028 in
355 1953 416 2026 illo
442 1954 550 2042 erant,
579 1951 804 2026 existentibus
830 1950 866 2023 in
893 1971 1020 2044 sopore,
1045 1971 1240 2044 oppugnare
1266 1949 1387 2042 coepit.
1416 1949 1543 2042 Quibus
1571 1972 1591 2023 a
1617 1972 1668 2024 so·

124 2098 198 2149 rnno
225 2073 486 2170 expergefactis,
526 2076 644 2147 tentus
671 2094 783 2166 paror,
812 2071 891 2145 aliis
918 2072 1065 2144 castrum
1092 2073 1239 2164 captum,
1277 2070 1355 2144 aliis
1382 2071 1494 2143 hostes
1521 2070 1587 2142 iarn
1616 2071 1668 2143 in·

122 2197 176 2270 tra
201 2198 363 2286 castrum,
400 2194 479 2268 aliis
505 2193 573 2268 iam
600 2195 711 2268 turres
737 2193 772 2267 et
800 2213 950 2283 quaeque
976 2191 1105 2285 optima
1138 2191 1212 2264 loca
1247 2212 1425 2284 occupasse
1451 2190 1667 2264 vociferanti-

123 2317 194 2406 bus,
222 2315 371 2390 iniectus
397 2318 460 2406 est,
494 2317 533 2388 ut
560 2313 727 2388 militibus
761 2311 957 2387 Praemislai
984 2313 1019 2386 ot
1045 2310 1211 2385 Kauimiri
1246 2310 1342 2404 ignes
1378 2311 1487 2385 castro
1524 2311 1558 2384 in
1587 2313 1669 2386 locis

123 2437 355 2539 frequentibus
382 2435 631 2538 adhibentibus,
660 2435 701 2508 ad
721 2434 883 2509 stationes
911 2435 1041 2506 Ducum
1068 2455 1128 2526 per
1147 2433 1273 2506 medias
1300 2433 1451 2506 dammas
1477 2433 1667 2521 exilientes,

122 2579 157 2632 se
183 2557 217 2631 in
245 2559 451 2652 potestatem
478 2578 590 2632 eorum
618 2555 802 2630 traderent.
830 2553 961 2628 anteri
988 2553 1066 2647 igne
1093 2553 1317 2628 invalescente
1344 2553 1423 2627 dum
1450 2555 1668 2648 perguntf-

124 2700 211 2771 gere,
240 2701 263 2752 a
291 2677 436 2752 dammis
463 2676 702 2751 miserabiliter
728 2677 821 2750 fuere
847 2673 956 2750 vorati
972 2675 1012 2768 Ἰ).
1041 2674 1197 2748 Castrum
1224 2697 1332 2766 omne,
1361 2677 1496 2769 praeter
1513 2697 1566 2748 res
1584 2698 1670 2765 qnae

124 2799 226 2874 foreis
253 2801 291 2875 et
316 2798 465 2875 cellariis
492 2799 672 2872 mandatae
700 2798 846 2888 fuerant,
875 2796 1136 2891 conflagratione
1163 2795 1276 2890 periit.

126 3164 375 3256 spartopolian
402 3169 546 3238 oestrum
573 3183 670 3256 prope
697 3164 797 3237 dalet
825 3163 1031 3236 eedidootum
1059 3164 1134 3236 dum
1161 3183 1225 3236 non
1251 3168 1367 3254 posset
1385 3165 1557 3257 roquirere,
1585 3185 1670 3256 prm·

126 3285 241 3358 sidiam
271 3287 362 3358 illius
389 3286 466 3358 dolo
494 3290 611 3360 crocet
638 3289 672 3358 at
699 3285 859 3376 prodigal.
892 3285 1030 3358 ructon
1058 3305 1113 3376 por
1139 3287 1319 3377 lapponum
1346 3288 1541 3360 bruollarurn
1567 3289 1671 3360 ducar

745 3407 809 3498 ipsi
831 3407 1051 3498 pacificantur.

227 3629 331 3722 orado
357 3670 491 3722 snorum
519 3649 554 3722 et
582 3647 682 3724 castri
710 3649 907 3724 Racaansch
922 3647 950 3742 ³)
986 3649 1247 3743 conflagratione
1275 3650 1530 3743 Sunntopellus
1557 3649 1670 3724 irrita·

127 3769 191 3858 tos,
218 3769 312 3844 vices
340 3769 543 3844 Praemislao
571 3770 653 3843 Duci
682 3791 893 3864 repensurus,
923 3770 965 3843 ad
992 3793 1145 3860 suosque,
1162 3771 1219 3863 qui
1247 3771 1280 3843 in
1308 3773 1418 3845 cestro
1445 3771 1582 3862 antiquo
1601 3774 1670 3846 Na-

128 3890 182 3962 lal
208 3911 230 3964 a
257 3889 425 3964 militibus
452 3891 650 3965 Praemislai
677 3891 712 3964 in
740 3894 850 3965 castro
877 3914 960 3966 noro
987 3893 1098 3966 Naliel
1125 3891 1386 3966 consistentibus
1422 3893 1670 3984 obsidebantur,

127 4010 289 4086 victualia
315 4011 486 4100 illaturus,
515 4011 551 4084 in
578 4011 858 4106 (quadragesimae
886 4013 992 4086 medio
1019 4035 1093 4086 cunr
1121 4013 1211 4085 omni
1239 4013 1391 4106 potentia
1422 4014 1573 4106 gentium
1594 4035 1670 4088 sua·

128 4151 212 4222 rmn,
241 4132 352 4206 Duces
377 4131 619 4206 Praernislaum
647 4134 682 4206 et
708 4134 901 4208 Boleslaum
927 4134 1063 4206 Maioris
1091 4133 1249 4207 Poloniae
1275 4135 1310 4206 et
1336 4134 1545 4207 Kazimirum
1564 4135 1671 4230 (loyc-

129 4251 212 4342 riae,
241 4255 321 4346 post
351 4252 454 4326 castri
489 4253 685 4329 ltacaansch
722 4254 999 4346 conquisitionem
1036 4254 1072 4325 in
1099 4275 1161 4326 sua
1194 4277 1360 4329 remeasse
1395 4278 1608 4349 cognoscens,
1638 4257 1673 4328 in

128 4371 302 4466 quadrigis
328 4373 491 4448 victualia
517 4374 638 4464 ferens,
668 4396 783 4450 versus
809 4376 920 4449 Nakol
947 4373 1095 4449 advenit.
1124 4375 1395 4450 deviceramus
1421 4400 1487 4452 non
1506 4378 1578 4452 sine
1596 4400 1671 4450 suo·

128 4514 201 4567 rum
229 4493 379 4568 evidenti
405 4495 598 4570 discrimine
625 4496 666 4568 ad
694 4517 771 4570 suos
798 4496 834 4568 in
861 4498 1010 4570 castrum
1037 4496 1213 4589 antiquum
1241 4496 1361 4586 illatis,
1390 4521 1504 4572 omnes
1531 4499 1619 4574 uires
1639 4502 1674 4573 et

128 4613 330 4689 industriam
357 4615 400 4690 ad
427 4616 711 4724 conquisitionem·
741 4617 843 4692 castri
879 4617 956 4692 noui
982 4618 1104 4707 Nalrel,
1141 4617 1221 4691 licet
1257 4617 1343 4692 illud
1379 4619 1489 4692 valido
1526 4621 1673 4693 rnilitum

129 4735 294 4828 praesidio
329 4735 500 4828 fultum⁴)
536 4740 668 4827 nosset,
706 4737 852 4812 intendit
867 4738 906 4831 ⁵).
952 4736 1168 4827 Primumque
1203 4737 1308 4831 lignis
1345 4721 1463 4811 aridis·
1485 4744 1520 4812 ct
1547 4741 1674 4832 pinosis

129 4855 406 4950 comportatisss),
441 4857 570 4932 fossata
596 4857 701 4951 lignis
728 4857 917 4932 huiusmodi
945 4858 1085 4952 implere
1116 4859 1151 4932 et
1178 4881 1319 4952 aggeres
1345 4881 1388 4932 ex
1415 4859 1521 4953 lignis
1549 4861 1673 4932 consti·

131 4977 236 5067 tuere,
265 4977 361 5070 ligna
388 4999 520 5068 quoque
546 4977 621 5072 ipsa
648 4978 836 5070 incendere,
864 4981 899 5054 et
926 5002 985 5072 per
1011 4979 1074 5052 illa
1100 4979 1235 5052 flamma
1262 4982 1441 5069 crescente,
1470 5003 1592 5054 novum
1619 5003 1672 5053 ca-

128 5098 235 5172 strum
262 5099 373 5173 Nakel
402 5099 608 5194 conflagrare
635 5099 819 5174 nitebatur.
847 5101 972 5174 Verum
999 5121 1073 5175 curn
1101 5123 1170 5184 una
1196 5100 1365 5194 lignorum
1392 5101 1434 5174 ad
1462 5103 1591 5176 fossata
1612 5102 1674 5174 irn-

239 5375 492 5454 ¹)Raciqst1d.
515 5378 603 5454 Lips.
642 5375 669 5456 91)
694 5377 827 5438 suffocati
854 5329 1041 5440 Oodsldoar.
1073 5376 1102 5454 ³)
1125 5379 1265 5454 Racziqsz
1289 5379 1347 5442 Ea.
1371 5379 1458 5456 Lips.
1493 5377 1519 5458 4)
1542 5379 1676 5440 fulcitum

135 5476 204 5542 (lod.
228 5480 322 5543 Rosr.
361 5478 388 5560 ὁ)
411 5483 572 5556 interponit
597 5481 668 5543 Cod.
692 5485 783 5543 Roas.
823 5479 849 5560 θ)
874 5485 1049 5556 comparatis
1077 5481 1147 5544 Cod.
1170 5485 1262 5544 Roar.

178 5615 202 5658 J,
215 5615 309 5670 Diuque·
321 5617 407 5662 fflttor.
420 5617 500 5662 Polou.
514 5616 541 5662 Τ.
552 5617 586 5661 11.
1488 5607 1520 5658 dd
