4140 6298
149 509 214 610 (Α.
234 511 281 592 D.
302 511 425 608 1240.)
782 537 894 590 urrann
919 535 1073 590 saxrus.
1629 518 1703 592 263

88 811 90 816 ¹
154 716 311 814 ,domino
346 723 495 802 Thornee
514 724 537 819 ¹)
564 723 720 826 episeopo
746 724 1021 802 Wrotislauiensi
1043 724 1195 821 propriis
1222 724 1350 822 sigillis
1377 724 1642 814 instrumentum
1661 726 1705 802 li.-

156 845 323 936 ,bertatis
349 846 604 940 communitum,
633 847 668 922 in
697 869 768 948 quo,
789 847 931 924 libertos
956 847 1172 924 eeclesiarum
1199 848 1446 943 praedictarum
1474 848 1609 945 plenius
1627 871 1706 924 eon·

156 967 320 1060 ,timebun
348 968 579 1065 speeifieatum
606 968 879 1064 transmiserunt.
925 969 975 1044 Ut
1002 971 1117 1046 autem
1143 971 1225 1046 haee
1252 970 1387 1046 donatio
1415 972 1516 1046 robur
1542 970 1707 1074 sortiatur

154 1092 359 1198 ,perpetuae
386 1089 570 1182 firmitatis,
599 1093 635 1166 et
660 1114 680 1164 a
707 1091 792 1166 meis
831 1091 1077 1166 suceessoribus
1105 1091 1350 1168 inviolabiliter
1381 1095 1595 1170 ιιιιιιιιιιι
1635 1092 1708 1168 sine

157 1212 269 1302 ,omni
298 1213 525 1316 concussione,
556 1213 709 1314 patribus
739 1212 821 1288 meis
840 1213 1041 1305 reverendis,
1070 1213 1203 1288 domino
1229 1213 1431 1310 michaelio
1458 1214 1654 1312 bupaviensi
1673 1219 1709 1291 ιι

159 1317 314 1423 ,domino
335 1307 460 1410 Petro
466 1331 494 1428 ³)
528 1333 729 1410 Maseriensi
775 1334 942 1438 episeopis
979 1357 1137 1430 praesens
1172 1335 1436 1412 instrumentum
1472 1337 1708 1418 eonferendum

160 1456 277 1558 ,eluxi
315 1450 547 1566 supplieando,
584 1459 751 1548 quatenus
786 1457 848 1532 hus
884 1479 976 1548 ineas
1013 1457 1211 1532 ballationes
1245 1482 1311 1534 ιιι
1345 1458 1500 1534 solum
1490 1483 1527 1534 ιι
1566 1460 1709 1536 arenario

161 1577 344 1692 ,seelesiae
370 1559 664 1682 Wlartislauiensis
680 1579 708 1672 ⁴)
744 1577 891 1653 fideliter
918 1581 954 1652 e
980 1579 1165 1674 diligenter
1200 1580 1327 1656 laniant
1363 1581 1563 1672 conseruari,
1600 1581 1666 1656 imo
1682 1581 1710 1676 .⁵)

161 1723 245 1796 ,per
271 1701 389 1776 Sedere
416 1675 647 1796 Apostolioam
676 1702 760 1775 meis
787 1701 995 1798 temporibus
1015 1703 1200 1796 proeurent
1211 1703 1314 1777 etiam
1333 1702 1534 1795 confirmari,
1564 1705 1712 1785 utaelus

162 1823 381 1912 „ambitionis
399 1825 533 1898 nullum
551 1843 700 1899 meorum
718 1845 957 1914 subsessorum,
987 1824 1066 1898 dum
1094 1825 1244 1936 elausere
1262 1825 1349 1901 diem
1367 1827 1568 1918 extremum,
1597 1827 1714 1904 ιιιιιι

163 1947 221 2058 ,ιι
248 1944 388 2022 induent
415 1945 457 2020 ad
484 1946 567 2022 faeti
595 1945 667 2020 tem
695 1945 742 2042 pii
764 1945 1085 2041 perturbationem.“

159 2314 334 2406 Gregorius
361 2255 466 2389 nonne
493 2332 577 2408 pepe
604 2315 832 2408 multiplieiter
849 2333 904 2408 per
927 2313 1121 2388 lriterienn
1138 2315 1366 2409 iaperatorem
1385 2317 1540 2408 eillietue,
1567 2267 1714 2408 noritur,

319 2437 540 2538 beeleutinum
558 2441 709 2536 quartum
736 2436 924 2530 episeepner
951 2438 1159 2512 sabinensem
1185 2439 1300 2514 babuit
1326 2457 1559 2516 eeeeeseerern.

118 2765 121 2772 ,
199 2773 202 2777 Ι
267 2679 452 2776 Gregorius
479 2681 572 2775 Papa
598 2700 706 2754 monus
733 2701 808 2755 eum
835 2673 934 2754 annis
961 2680 1213 2773 quatuordeeim
1240 2681 1393 2769 aedisset,
1423 2703 1481 2778 per
1506 2683 1714 2760 Friderieum

162 2803 406 2896 Imperatorem
435 2801 554 2876 mrrltis
580 2802 860 2877 tribulationibus
886 2825 946 2896 pro
965 2804 1036 2877 aelo
1062 2805 1097 2876 et
1125 2803 1316 2880 defensione
1335 2804 1506 2881 Eeelesiae
1525 2827 1714 2896 oeneussns,

161 2923 301 2998 tandem
328 2926 413 2998 bono
440 2923 508 3000 fine
536 2923 660 3000 mensis
687 2923 835 3018 Augusti
864 2925 1116 3016 quartadecima
1146 2926 1201 3000 die
1228 2921 1269 3000 ad
1296 2926 1477 3002 Dominum
1503 2928 1653 3018 transiit,
1682 2933 1717 3004 et

162 3045 199 3120 in
227 3029 369 3122 eeclesia
395 3046 484 3122 beati
513 3047 605 3122 Petri
632 3047 797 3141 sepultus
826 3046 1053 3122 Caelestinum
1080 3050 1239 3139 quartum
1265 3047 1458 3143 episcopum
1485 3049 1715 3140 Sabinensem,

163 3169 302 3242 natione
320 3167 617 3258 Mediolanensem,
637 3192 703 3243 non
722 3170 837 3244 tamen
856 3168 1048 3243 immediate
1067 3171 1144 3264 post
1163 3170 1302 3245 mortem
1321 3169 1486 3266 Gregorii,
1507 3172 1565 3246 sed
1584 3170 1718 3248 biennio

163 3311 267 3384 prope
294 3291 478 3381 transnato,
506 3290 677 3366 Friderieo
704 3291 910 3384 Imperatore
937 3289 1121 3365 discordiae
1148 3293 1183 3366 et
1209 3291 1414 3366 zizaniorum
1433 3315 1546 3367 semen
1573 3297 1716 3384 serente,

163 3411 286 3486 babuit
305 3433 541 3488 suscessorem.
572 3412 631 3488 cui
652 3411 842 3488 Friderious
860 3413 1049 3508 Imperator
1066 3412 1194 3488 talibus
1214 3413 1365 3490 uersibus
1384 3414 1497 3488 missis
1517 3415 1716 3490 minabatur:

531 3641 624 3701 Roma
647 3641 697 3700 diu
720 3640 849 3700 titubans
872 3641 961 3702 uariis
984 3640 1133 3700 erroribus
1157 3647 1224 3702 aeta

583 3745 709 3805 Corruet
731 3751 762 3805 ιι
783 3746 882 3805 mundi
905 3745 1020 3805 desinet
1043 3763 1108 3804 esse
1131 3752 1228 3820 eaput.

531 3851 621 3910 Astra
630 3847 657 3927 ⁶)
681 3849 795 3922 docent,
819 3849 880 3910 fata
902 3847 1063 3928 monent⁷)‚
1087 3852 1240 3924 ariumque
1263 3851 1385 3921 volatus,

584 3955 625 4014 Et
647 3951 783 4032 subito⁸)
806 3951 1015 4032 Friderieue⁹)
1038 3957 1160 4015 mellens
1183 3955 1263 4015 orbis
1287 3972 1345 4016 ero.

273 4145 336 4220 Oui
362 4145 480 4220 taliter
505 4144 664 4220 Summus
691 4145 851 4221 Pontifex
879 4145 1072 4240 respondit:

533 4355 645 4415 Niteris
667 4355 813 4416 incassum
836 4355 917 4414 Petri
940 4355 1111 4416 subvertere
1124 4352 1164 4432 ¹⁰)
1187 4372 1298 4429 nerem,

586 4460 715 4531 Titnbat,
738 4461 791 4520 sed
805 4457 844 4537 ¹¹)
867 4477 1012 4536 numquam
1036 4461 1177 4533 mergitur
1199 4461 1263 4535 ipsa
1285 4462 1367 4531 ratis,

535 4565 625 4624 Astra
647 4566 743 4637 silent,
767 4565 807 4624 nil
831 4563 893 4624 lata
914 4571 1041 4636 moment,
1064 4565 1105 4624 nil
1128 4566 1280 4640 praedicat
1303 4566 1380 4625 eles:

588 4669 685 4729 Solius
710 4674 756 4728 est
777 4669 926 4743 preprium
950 4671 1027 4729 seire
1049 4669 1148 4730 futura
1168 4670 1234 4728 Dei.

276 4877 344 4952 Hie
371 4879 464 4974 Papo
491 4897 566 4952 enm
593 4878 735 4954 sedisset
774 4879 887 4953 danem
924 4879 959 4950 et
980 4879 1068 4952 oen
1104 4878 1232 4969 diebus
1270 4877 1412 4954 meritur
1447 4880 1483 4954 et
1519 4879 1555 4954 in
1582 4879 1723 4954 eeclesia

171 5001 289 5076 Sancti
317 4999 411 5076 Petri
439 4999 613 5095 sepelitur.
642 5001 724 5074 Post
751 4999 847 5075 auius
874 4999 1014 5075 mortem
1041 5002 1182 5076 uacabat
1208 5001 1311 5076 Sedes
1338 5001 1470 5096 papalis
1496 5000 1621 5094 uiginti
1644 5003 1724 5076 ιιι-

285 5192 308 5271 ¹)
330 5194 364 5256 Τ.
392 5193 463 5256 Ood.
487 5193 561 5255 Aret.
601 5189 629 5270 ει)
650 5192 691 5254 M.
717 5189 788 5254 Coei.
811 5191 885 5256 Aut.
906 5190 1027 5252 Matheo
1053 5190 1124 5252 Cori.
1151 5191 1246 5253 Oiesa.
1278 5188 1306 5269 3)
1328 5192 1359 5252 P.
1385 5189 1455 5253 σοι.
1479 5191 1552 5253 Aret.
1590 5187 1617 5270 4)
1639 5192 1724 5255 Wra-

174 5299 338 5361 tislariensi
361 5299 421 5358 Eri.
445 5298 539 5359 Dobr.
580 5292 606 5375 ὁ)
629 5298 682 5357 ιιι
713 5297 772 5356 Ed.
796 5297 890 5356 Dobr.
930 5293 957 5376 ⁶)
979 5296 1055 5356 Fata
1085 5296 1145 5356 Ed.
1168 5297 1262 5356 Dobr.
1303 5293 1330 5374 ⁷)
1354 5297 1516 5370 stellaeque
1542 5297 1643 5357 volunt
1664 5297 1724 5357 Ed.

175 5403 270 5465 noer.
311 5398 446 5480 ⁸)Qnod
474 5401 534 5463 Ed.
559 5401 651 5462 Dobr.
690 5397 718 5481 ⁹)
741 5401 910 5462 Frirlerieus
934 5417 987 5474 ego
1019 5400 1078 5460 Eoi.
1109 5400 1204 5461 Dobr.
1247 5397 1288 5478 ¹⁰)
1311 5399 1497 5474 submergere
1530 5399 1600 5464 eoo.
1631 5401 1725 5463 Reae.

180 5506 223 5588 ¹¹)
245 5507 385 5568 Fluetnat
407 5511 455 5567 ast
480 5505 551 5566 θοι.
573 5506 666 5568 Reor.
1468 5523 1476 5531 ·
