4246 6274
145 533 392 638 (Α.ῠ,.1150.)
708 553 710 561 ·
743 559 855 612 nunna
881 557 1052 624 onrunus.
1217 549 1220 558 '
1621 539 1670 611 55

138 749 258 844 Regem
286 749 462 826 coronatus
490 749 552 840 est,
581 747 820 846 abrogatisque
847 747 1017 826 veteribus
1043 745 1212 844 insigniis,
1241 744 1340 843 nigra
1365 743 1521 824 uidelicet
1546 744 1670 838 aquila,

137 871 235 965 noris,
264 872 340 946 albo
367 869 524 946 uidelicet
550 871 645 947 leone
672 870 867 968 insignitus.

234 992 403 1069 Adrianus
430 995 522 1090 Papa
548 1015 623 1069 curn
651 993 749 1069 annis
777 997 937 1088 quatuor,
975 991 1158 1068 mensibus
1177 993 1261 1084 octo,
1299 991 1415 1068 diebus
1449 989 1573 1086 uiginti
1599 992 1672 1065 octo

138 1115 285 1208 sedisset,
314 1115 456 1192 moritur
482 1117 516 1193 et
541 1115 579 1190 in
605 1116 746 1192 ecclesia
781 1116 871 1192 beati
908 1115 1000 1192 Petri
1036 1113 1216 1191 honorilice
1246 1114 1428 1210 sepelitur:
1473 1112 1524 1187 uir
1551 1111 1670 1202 ciuilis,
1749 1119 1751 1126 “

137 1242 300 1330 strenuus,
328 1239 456 1334 largus,
491 1239 654 1316 fecundus
681 1241 716 1314 et
741 1238 894 1316 omnibus
921 1238 1051 1314 actibus
1078 1237 1148 1313 suis
1173 1237 1350 1334 gloriosus.
1395 1234 1457 1311 Gai
1482 1234 1672 1312 Alexander

137 1360 273 1453 tertius,
306 1361 479 1438 Rolcudns
500 1361 522 1457 ¹)
556 1363 635 1437 ante
671 1364 825 1453 uocatus,
863 1361 975 1457 patria
1001 1361 1157 1436 Senensis
1183 1361 1279 1456 patre
1305 1360 1474 1450 Romano,
1502 1381 1523 1434 s
1549 1357 1672 1433 maiore

138 1487 231 1581 parte
258 1483 486 1559 Gsrdinalium
522 1484 670 1577 electus,
706 1484 855 1560 renitens
870 1483 897 1579 9)
928 1485 963 1560 et
989 1483 1164 1579 iudignum
1191 1504 1227 1558 se
1254 1482 1315 1558 hoc
1341 1482 1464 1558 honore
1491 1480 1674 1557 uociferans

136 1606 306 1682 successit.
334 1605 486 1702 Eligitur
512 1606 616 1682 etiam
643 1605 857 1698 Octauianus,
886 1605 943 1700 qui
970 1605 1087 1682 Victor
1112 1605 1222 1682 dictus
1239 1606 1301 1696 est,
1321 1606 1357 1680 et
1373 1603 1470 1700 graui
1496 1603 1673 1680 schismate

136 1728 283 1804 Ecclesia
309 1728 438 1804 turbari
464 1731 589 1806 extunc
615 1729 735 1824 coepit.
781 1727 982 1804 Octauianus
1018 1726 1127 1823 prima
1152 1725 1326 1804 Dominica
1352 1725 1577 1822 Septembris,
1605 1725 1673 1802 Do·

136 1848 298 1947 lsndns³)
324 1873 401 1927 uero
427 1851 556 1928 decima
581 1853 698 1928 octaua
725 1850 942 1948 Septembris,
970 1850 1005 1925 in
1033 1852 1143 1945 Pcpas
1170 1851 1415 1926 consecrantur.

234 1973 437 2070 Kyoriensis
476 1975 554 2048 Dux
590 1973 754 2071 Georgius
794 1997 929 2070 gravem
969 1975 1004 2049 et
1044 1972 1166 2048 iratum
1207 1971 1356 2048 animum
1396 1973 1513 2048 contra
1547 1971 1674 2047 Ducem

134 2095 346 2172 llsczislaum
360 2096 387 2191 ⁴)
422 2097 730 2174 Pereaslauiensem
766 2096 875 2171 filium
910 2095 1051 2172 Isneslai
1087 2117 1226 2192 gerens,
1263 2118 1330 2171 non
1364 2097 1541 2172 contentus
1575 2095 1673 2170 illum

133 2219 171 2292 de
196 2220 385 2295 Pereaslsu
411 2218 603 2314 expulisse,
643 2219 806 2295 ordinatis
841 2222 877 2296 et
903 2217 1071 2314 congestis
1098 2217 1320 2311 exercitibus,
1348 2219 1383 2292 et
1409 2217 1445 2292 in
1472 2217 1674 2314 potestatem

135 2339 270 2436 Georgii
297 2341 507 2418 Iaroslauicz
534 2344 570 2418 et
595 2341 737 2418 Ianoslai
762 2343 893 2418 Ducum
920 2340 1124 2434 commissis,
1161 2340 1251 2436 ipsos
1277 2341 1393 2417 contra
1418 2340 1631 2418 llscaisleum
1646 2341 1674 2435 ὅ)

133 2463 257 2540 Ducem
285 2463 321 2538 in
348 2465 605 2560 Praeszopnicra
627 2487 663 2541 se
685 2463 910 2541 continentem
937 2463 1160 2540 transmittit:
1189 2463 1245 2556 qui
1272 2465 1398 2540 terrore
1424 2463 1541 2539 hostili
1568 2466 1699 2555 actue,

133 2608 206 2662 cum
233 2607 271 2662 se
298 2586 461 2682 imparem
487 2588 622 2664 futurae
648 2586 854 2664 dimicationi
882 2587 1019 2680 uideret,
1051 2585 1362 2682 exPraesropnicna
1387 2586 1479 2681 fugit
1506 2585 1541 2662 in
1568 2586 1673 2662 Luca-

133 2710 202 2784 sko.
230 2710 279 2784 Et
305 2711 413 2786 oestro
440 2710 590 2786 Lucnslro
617 2709 653 2785 in
671 2709 772 2786 fidem
799 2711 833 2786 et
861 2710 1087 2786 defensionem
1113 2708 1230 2784 lretris
1255 2709 1406 2806 germani
1424 2708 1567 2785 Iaroslsi
1585 2730 1672 2784 corn·

133 2832 301 2924 mendato,
329 2833 371 2907 ad
398 2833 598 2908 Polonorum
625 2833 734 2910 Duces
760 2834 963 2926 Boleslaum,
991 2833 1214 2930 Mpecnslaum
1240 2834 1276 2908 et
1301 2831 1484 2909 Heuricum
1510 2832 1672 2928 confugit,
1722 2838 1725 2850 '

131 2953 330 3051 intelligens
365 2956 399 3030 et
435 2978 494 3051 pro
530 2958 697 3052 comperto
733 2957 880 3048 habens,
918 2957 1005 3048 quod
1043 2955 1206 3051 Georgius
1241 2953 1441 3052 Kyouiensis
1467 2955 1545 3029 Dux
1571 2954 1673 3030 etiarn

132 3077 173 3152 ad
200 3077 430 3154 exclusionem
457 3099 551 3152 suem
579 3077 621 3162 de
645 3078 796 3155 Lucnsko
823 3077 1006 3174 aspiraret,
1043 3077 1220 3174 copiasque
1247 3079 1450 3174 congereret.
1502 3075 1674 3172 Principes

130 3202 244 3276 summ
265 3199 434 3292 Polouiae,
460 3199 616 3277 uidelicet
634 3201 808 3278 Boleslcus
825 3199 1063 3293 cracoviensis,
1091 3200 1297 3297 lllpecnslaue
1315 3197 1561 3292 Posnsuiensis,
1579 3200 1672 3275 Hen-

130 3322 219 3399 ricns
246 3321 548 3415 Sandomiriensis,
578 3324 677 3400 exule
703 3323 878 3400 llscnislco
905 3323 1049 3424 benigne
1075 3324 1214 3419 excepto
1239 3323 1274 3398 et
1301 3321 1453 3398 omnibus
1479 3321 1674 3400 necessariis

130 3446 219 3540 apud
248 3466 287 3521 se
321 3445 391 3522 foto
407 3443 446 3540 ⁶),
481 3444 694 3542 congregatis
730 3445 951 3523 dominiorum
986 3469 1120 3522 suorum
1154 3444 1333 3541 potentiis,
1369 3465 1482 3522 uersus
1516 3444 1674 3520 Russiam

129 3567 305 3644 hostiliter
331 3567 562 3663 procedebant,
591 3568 803 3646 llscrislaum
829 3570 954 3645 Ducem
982 3592 1046 3645 non
1073 3568 1109 3643 in
1134 3567 1440 3646 Poreeslauiensem
1466 3567 1672 3660 tantumodo,

129 3691 186 3766 sed
204 3691 312 3768 etiam
330 3689 366 3764 in
384 3689 607 3787 Kpovieneem
633 3691 743 3768 eedem
770 3691 973 3767 restituturi.
1001 3690 1190 3767 Potentiam
1217 3692 1329 3766 autem
1345 3690 1545 3766 Polonorum
1571 3689 1673 3766 Geor·

129 3813 205 3908 gius
232 3811 437 3910 Kyouiensis
463 3814 541 3888 Dux
576 3813 722 3907 ueritus,
760 3837 819 3910 por
854 3815 1000 3892 medinm
1034 3811 1220 3891 Rosczislei
1256 3812 1359 3890 Ducis
1385 3811 1673 3921 Premislionsisp

129 3934 329 4032 pacificatur
355 3957 431 4012 cum
457 3936 632 4012 llscaislao
659 3939 750 4013 Duce
777 3940 812 4014 et
837 3936 1006 4034 germanis
1032 3937 1102 4012 suis
1133 3934 1332 4013 Wlodimiro
1358 3937 1393 4012 et
1419 3935 1565 4011 Iarosleo
1591 3934 1674 4010 filiis

129 4057 285 4151 Ienaslai,
315 4061 351 4136 et
367 4061 438 4132 tem
456 4059 623 4135 Ducctum
650 4059 966 4153 Perecsleuiensem,
995 4082 1095 4153 quarn
1122 4057 1243 4153 omnic,
1272 4081 1356 4153 quae
1382 4060 1425 4135 ad
1452 4081 1507 4135 eos
1525 4058 1673 4154 pertine-

128 4182 221 4273 bant,
251 4181 304 4257 eis
332 4180 493 4273 restituit,
521 4181 731 4258 iureiurando
750 4205 785 4256 se
804 4181 1007 4279 astringens,
1036 4203 1207 4274 nunquam
1225 4181 1269 4257 ad
1286 4181 1534 4278 occupationem
1560 4203 1673 4258 eorum

127 4301 354 4380 dominiorum
380 4303 528 4399 aspirare
542 4303 581 4398 ⁸).
608 4303 679 4400 Gna
704 4295 973 4382 reconciliatione
999 4304 1088 4381 inter
1111 4325 1167 4380 eos
1194 4305 1355 4396 conlecta,
1382 4303 1577 4380 Mscnislaus
1595 4305 1674 4379 Dux
1794 4403 1798 4413 ι

127 4447 201 4500 cum
229 4449 361 4523 magna
386 4426 495 4523 gloria
521 4426 621 4504 rediit
645 4408 804 4503 Russiam
820 4427 859 4523 9),
887 4427 1040 4524 pluribus
1066 4417 1265 4504 Polonorum
1292 4425 1457 4502 militibus
1475 4449 1549 4504 euru
1568 4448 1674 4520 usqne

126 4547 160 4624 in
188 4547 445 4627 Wladimiriam
472 4549 732 4628 conducentibus
761 4552 796 4625 et
822 4549 992 4646 plerisque
1018 4550 1267 4628 remanentibus
1294 4551 1382 4647 apud
1408 4573 1495 4628 eum.

235 4862 261 4944 ¹)
285 4863 437 4926 Rulandus
464 4864 536 4928 eoo.
565 4864 639 4928 Asel.
681 4863 879 4944 Greluctans
901 4865 961 4927 Ed.
984 4863 1077 4927 Dobr.
1116 4863 1142 4944 ³)
1164 4863 1313 4927 Ronaldns
1335 4863 1395 4928 Ed.
1417 4864 1510 4929 Dobr.
1550 4858 1576 4945 ⁴)
1598 4862 1672 4926 illie·

127 4969 258 5045 cyslsum
289 4971 350 5031 Ed.
377 4971 468 5032 Dour.
510 4966 535 5048 ⁵)
558 4957 700 5032 Izaslanm
731 4968 791 5031 Ed.
813 4971 907 5032 Dobr.
945 4967 972 5049 6)
994 4973 1111 5047 proviso
1141 4971 1199 5032 Ed.
1222 4973 1314 5033 Dolor.
1353 4969 1457 5051 ⁷)per
1485 4971 1673 5032 mediatorem

126 5073 317 5137 Roscislnnm
340 5073 451 5138 Ducem
472 5076 728 5154 Przemyslieneem
753 5076 812 5136 Ed.
832 5077 926 5138 Dobr.
965 5073 1214 5155 ⁸)aspiraturum.
1236 5077 1296 5139 Ed.
1311 5077 1404 5138 Dobr.
1432 5073 1459 5156 9)
1480 5077 1518 5138 ad
1539 5077 1674 5138 Rnesiam

126 5179 186 5241 Ed.
208 5181 321 5282 Dolor..
