4162 6288
401 569 475 642 376
1004 589 1116 640 arana
1143 588 1336 642 ssrrrnus.
1439 659 1440 663 Ἴ
1663 565 1948 670 (Α.ῠ.1260.)
1979 619 1981 624 -

400 775 512 850 Huius
537 773 733 870 blendolpbi
767 775 907 849 Fratres
943 774 1104 850 druciferi
1140 776 1180 850 de
1208 775 1347 850 Prussia
1374 776 1488 870 plures
1515 776 1641 852 habent
1668 775 1797 867 literas,
1826 776 1949 870 quibus

400 898 471 972 illis
497 900 532 973 et
559 919 672 972 eorum
700 895 820 988 ordini,
859 897 1096 992 multipliciter
1122 919 1157 972 se
1185 900 1227 972 ab
1254 897 1326 971 illis
1353 901 1388 972 et
1414 899 1615 972 honoratum
1646 901 1682 975 et
1706 899 1873 990 adiutum,
1903 897 1948 972 si·

401 1020 529 1094 mulate
554 1020 591 1094 et
616 1017 695 1094 ficte
721 1019 842 1113 magis,
880 1041 981 1110 quam
1008 1018 1098 1093 iuste
1124 1021 1159 1094 et
1185 1041 1262 1094 rere
1289 1021 1457 1112 astruens,
1487 1021 1602 1115 plures
1627 1021 1746 1112 temus,
1784 1043 1873 1112 quae
1899 1019 1949 1094 di·

399 1139 504 1214 tionis
530 1161 609 1214 suae
636 1142 754 1230 erant,
782 1139 941 1216 uidelicet
967 1138 1222 1231 Guroriensam,
1250 1141 1525 1236 Iacnsingorum,
1555 1141 1817 1236 Samagitarum,
1845 1140 1948 1235 Wop-

400 1281 533 1334 aensem
554 1261 589 1354 ¹),
618 1262 653 1334 et
679 1259 798 1335 deindo
826 1261 934 1334 totam
961 1263 1087 1334 terram
1114 1260 1329 1353 Litbuauiue,
1367 1262 1547 1338 donatione
1573 1264 1797 1356 perpetuast
1824 1262 1948 1335 irrero-

399 1381 500 1456 oabili
527 1381 686 1476 largitur,
714 1381 817 1456 donat
843 1383 878 1455 et
904 1380 1069 1456 inscribit.
1097 1382 1301 1474 Poteratque
1327 1403 1409 1457 suae
1434 1382 1468 1456 in
1498 1383 1725 1456 idololatriam
1750 1379 1949 1458 reversionis

401 1504 454 1578 rel
482 1501 681 1598 principalis
707 1503 761 1577 rel
789 1502 973 1577 accessoria
1000 1523 1071 1575 esse
1099 1524 1208 1594 causa,
1247 1503 1372 1577 doloris
1409 1503 1606 1598 magnitudo
1641 1505 1676 1578 et
1709 1501 1947 1598 poenitentiae,

401 1625 489 1716 qnod
516 1646 536 1696 a
562 1623 743 1698 druciferis
769 1623 840 1698 sire
872 1624 1016 1714 essetne,
1051 1622 1122 1697 sire
1157 1623 1415 1716 circumuentus,
1452 1627 1505 1699 tot
1531 1625 1696 1699 terrarum
1723 1623 1946 1713 donationem,

401 1767 502 1837 quam
529 1743 701 1819 aversione
727 1744 913 1819 rescindere
940 1746 1134 1834 conabatur,
1163 1745 1300 1820 fecerat.
1340 1745 1461 1820 Valido
1497 1744 1617 1820 deinde
1643 1744 1793 1820 exercitu
1819 1767 1864 1819 ex
1891 1743 1947 1816 Li·

400 1865 550 1956 thuanis,
579 1865 763 1940 Protheuis
779 1865 818 1960 ²),
847 1865 1056 1961 Iaozwingis,
1085 1865 1272 1960 Samagitis
1298 1867 1334 1940 et
1361 1867 1440 1941 aliis
1468 1865 1661 1942 infidelibus
1687 1865 1881 1940 nationibus
1897 1885 1949 1940 aa·

401 2009 476 2062 curn
508 1986 743 2079 sentientibus,
781 1987 839 2079 qni
875 1987 1021 2080 triginta
1057 1988 1167 2061 millio
1203 1989 1429 2082 pugnatorum
1465 1987 1624 2062 habuisse
1659 1987 1859 2062 aestimatus
1885 1989 1948 2076 est,

401 2109 571 2201 congesto,
610 2107 778 2182 Masomae
804 2111 929 2183 terram
966 2109 1138 2182 hostiliter
1174 2109 1442 2203 depopulandam
1469 2108 1680 2184 clandestine
1715 2109 1751 2181 et
1778 2107 1950 2202 insperate

401 2228 603 2323 ingreditur.
631 2230 678 2302 Et
704 2229 872 2304 Semorito
898 2230 1065 2305 Maeoniae
1092 2231 1194 2321 Duce,
1228 2229 1286 2320 qni
1314 2253 1375 2306 nec
1401 2230 1550 2324 spatium
1575 2231 1619 2305 ad
1646 2231 1832 2326 cogendum
1858 2227 1949 2302 mili·

401 2351 455 2422 tes
481 2371 559 2424 suos
587 2349 622 2422 in
649 2371 744 2424 arma
770 2351 893 2424 babere
920 2353 1064 2445 poterat,
1094 2373 1244 2445 pugnarn
1273 2374 1348 2426 cum
1368 2353 1419 2426 tot
1437 2353 1653 2426 barbarorum
1680 2351 1834 2454 millibus
1860 2371 1949 2424 corn-

401 2470 535 2546 mittere
562 2472 700 2566 propter
726 2472 862 2547 euidens
897 2473 1083 2566 periculum
1119 2474 1351 2564 detrectante,
1389 2474 1534 2568 blandog
1560 2473 1732 2567 praelatus
1758 2477 1792 2547 et
1819 2469 1949 2546 exerci-

400 2594 458 2667 tus
484 2614 565 2666 suus
592 2592 628 2666 in
655 2615 786 2668 omnem
813 2594 980 2668 Maeoniae
1016 2615 1108 2668 oram
1125 2592 1153 2688 ³)
1180 2595 1314 2670 eteius
1341 2595 1469 2670 incolas
1504 2595 1733 2669 crudelissime
1759 2594 1950 2688 grassatus,

401 2715 437 2788 et
463 2713 611 2787 castrum
638 2715 817 2789 Ploczonse
843 2737 865 2787 a
890 2714 1068 2805 militibus,
1106 2716 1141 2789 et
1168 2714 1342 2790 ciuitatem
1368 2738 1389 2788 a
1415 2715 1543 2790 ciuibus
1573 2717 1609 2789 et
1635 2713 1866 2790 defensoribus
1892 2712 1951 2786 de-

401 2836 492 2910 serta
517 2857 590 2911 esse
617 2835 799 2930 reperiens,
828 2836 1012 2911 succendit.
1053 2835 1195 2911 Caetera
1221 2836 1340 2912 deiude
1366 2837 1490 2932 oppida
1516 2839 1552 2911 et
1577 2835 1680 2910 villas
1706 2835 1814 2922 toties
1839 2835 1952 2908 torrae

401 2953 569 3030 Maeoniae
604 2956 778 3047 incendiis,
817 2956 936 3050 spoliis
972 2960 1007 3030 et
1040 2957 1197 3032 caedibus
1223 2958 1382 3049 vastarit,
1418 2961 1454 3032 at
1489 2958 1605 3052 plures
1640 2955 1815 3048 utriusque
1849 2975 1952 3030 sexus

401 3075 555 3152 homines
582 3076 734 3170 captiuos
760 3077 797 3151 in
824 3077 1034 3170 seruitutem,
1072 3099 1146 3154 cum
1182 3077 1316 3174 ingenti
1352 3078 1479 3173 pecoris
1515 3079 1641 3173 pracda
1665 3078 1702 3152 in
1729 3074 1951 3150 Litbuauiam

402 3196 545 3273 remisit.
590 3199 693 3274 Terra
715 3199 832 3276 autern
859 3197 1028 3274 llasoriae
1055 3200 1261 3293 pervastata,
1290 3199 1326 3273 in
1353 3199 1525 3274 Prussiam
1551 3199 1648 3291 abiit,
1685 3197 1742 3273 ubi
1769 3194 1952 3272 cruciferis

401 3321 514 3394 castra
539 3319 772 3394 tautummodo
807 3321 842 3395 et
868 3319 1073 3394 munitiones
1108 3319 1197 3395 tueri
1232 3321 1411 3411 contentis,
1448 3323 1548 3396 urbes
1582 3340 1666 3413 quas
1701 3317 1865 3393 cruciferi
1891 3337 1951 3391 ax·

401 3441 609 3533 abnuerant,
637 3440 773 3515 flamma
798 3442 833 3516 et
860 3441 960 3516 caede
987 3441 1078 3516 delet
1103 3443 1139 3517 ot
1165 3442 1298 3533 eremit,
1326 3442 1362 3517 et
1383 3441 1572 3517 (latholicos
1598 3461 1713 3516 omnes
1739 3439 1813 3513 illic
1838 3458 1951 3532 reper-

401 3562 455 3635 tos
485 3561 584 3636 caede
621 3561 809 3656 permiscua
843 3562 971 3636 lacerat
997 3563 1032 3638 et
1058 3563 1249 3654 obtruncat,
1287 3565 1468 3658 strageque
1502 3561 1658 3637 horribili
1692 3563 1727 3637 et
1754 3557 1950 3656 ingentiin

403 3681 614 3775 hominibus,
653 3705 794 3775 quorum
834 3681 937 3758 etiam
977 3683 1227 3775 (crudelitatem
1265 3705 1360 3758 suam
1396 3686 1430 3759 et
1466 3684 1610 3760 furorem
1646 3682 1951 3771 demonstraturus)

401 3805 647 3898 aspernabatur
672 3803 918 3899 captiuitatem,
953 3803 1055 3896 edita,
1086 3795 1187 3900 pecus
1214 3806 1446 3882 tautummodo
1472 3809 1508 3883 et
1533 3803 1642 3901 spolia
1668 3803 1704 3878 in
1730 3801 1951 3878 Litbuaniam

401 3924 549 4000 reduxit.

725 4286 873 4364 butun
900 4289 1048 4364 aarum
1075 4309 1094 4364 a
1120 4289 1230 4382 dagno
1257 4290 1412 4366 latoniae
1439 4290 1627 4364 alienatum.

503 4527 681 4604 Boleslaus
707 4529 790 4604 Pius
816 4529 1028 4606 dalissieusis
1055 4531 1145 4624 Dux,
1182 4553 1250 4607 una
1284 4531 1409 4606 maiore
1435 4553 1479 4607 ex
1505 4531 1651 4624 quatuor
1685 4529 1821 4605 filiabus
1849 4529 1947 4604 Prae·

401 4647 516 4724 misloi
542 4649 646 4725 Ducis
673 4651 754 4725 olim
782 4652 1019 4727 Posnaniensis
1038 4652 1191 4746 germani
1209 4652 1274 4744 sui,
1302 4653 1436 4727 nomine
1454 4651 1662 4744 Constantia,
1690 4650 1841 4726 Conrado
1859 4651 1949 4724 llar-

400 4769 513 4845 chioni
540 4769 581 4847 de
607 4772 829 4867 Brandeburg
854 4772 940 4847 alias
967 4773 1174 4868 Sgorcalecr,
1207 4773 1503 4848 matrimonialiter
1529 4773 1742 4866 desponsata,
1773 4794 1833 4866 pro
1861 4772 1948 4861 dote,

400 4913 502 4983 quam
529 4913 642 4967 secum
669 4892 764 4988 uirgo
799 4893 999 4968 Constantia
1033 4895 1148 4968 latura
1182 4896 1267 4985 erat,
1304 4896 1452 4969 castrum
1480 4895 1514 4969 et
1541 4893 1777 4968 castellaniam
1804 4892 1950 4968 Santbo·

400 5034 564 5106 ocensem,
601 5036 668 5088 non
695 5035 778 5089 sano
804 5036 885 5088 usus
912 5014 1052 5090 consilio
1079 5017 1115 5089 et
1141 5013 1341 5110 integritate
1376 5014 1488 5110 Regni
1516 5014 1687 5106 Polouiae,
1725 5013 1822 5089 auius
1849 5035 1890 5088 aa
1915 5035 1951 5088 re

400 5133 549 5209 scissura
575 5135 750 5229 agebatur,
788 5157 907 5230 parum
943 5135 1131 5230 propitius,
1168 5135 1290 5227 douat,
1327 5134 1458 5231 obligat
1492 5138 1527 5210 et
1553 5134 1721 5210 inscribit.
1765 5133 1820 5208 Ab
1846 5155 1949 5227 eoque

399 5255 550 5349 temporo
576 5253 679 5329 castri
707 5256 743 5330 et
769 5254 988 5332 castellaniae
1022 5255 1253 5351 praefatorum
1288 5255 1547 5331 Santhoccensis
1563 5255 1735 5368 alienatio
1761 5256 1847 5346 orta,
1875 5255 1951 5330 lou-

508 5511 534 5594 ¹)
557 5512 745 5576 Vozizensem
772 5512 843 5576 Ood.
865 5513 960 5577 Rorr.
999 5513 1025 5594 ⁹)
1048 5515 1192 5576 Rntbenis
1215 5514 1276 5578 Ed.
1298 5513 1386 5593 Lips.
1422 5511 1450 5593 ³)
1472 5521 1581 5578 terram
1607 5513 1678 5578 Ood.
1700 5515 1793 5578 noar.
