4172 6278
388 522 471 608 ’248
1025 555 1137 607 arnna
1160 553 1317 608 sexsus.
1666 518 1800 627 (Asi).
1817 518 1944 628 1236'.)

396 732 551 839 episcopo
578 763 638 838 pro
665 729 824 818 villarum
858 729 1029 834 terminis,
1068 742 1276 837 caeterisque
1303 741 1438 817 iniuriis
1464 730 1624 819 ecclesiae
1650 731 1871 819 Posuaniensi
1898 742 1942 816 ir-

395 864 537 960 rogatis,
574 863 750 956 dissidens,
788 885 863 938 cum
891 863 927 938 in
954 864 1069 939 Srnem
1104 865 1264 960 oppidum
1292 866 1335 940 ad
1361 865 1623 961 componendum
1651 864 1860 941 differentias
1886 887 1942 960 per

396 985 520 1062 amicos
555 1006 758 1078 communes,
796 985 875 1060 deta
909 987 1114 1080 acceptaque
1149 985 1342 1078 securitate,
1378 985 1538 1078 venisset,
1575 987 1720 1062 Paulum
1750 987 1941 1083 episcopum

396 1107 667 1198 Poenaniensem,
695 1107 783 1182 nihil
810 1108 880 1184 tale
907 1107 1128 1202 suspicatum,
1156 1107 1193 1182 in
1219 1108 1295 1184 dolo
1321 1108 1483 1204 captivat.
1511 1108 1577 1184 Sed
1594 1107 1827 1204 captivitatem
1849 1121 1944 1183 suam

397 1229 573 1324 praefatus
600 1229 728 1304 Paulus
754 1229 929 1325 episcopus
957 1229 1112 1322 evadens,
1140 1228 1252 1324 ipsum
1279 1229 1567 1306 excommunicat:
1595 1229 1728 1323 fuitque
1753 1228 1944 1326 praedictus

395 1349 567 1448 Bomivov
594 1373 656 1446 per
682 1351 873 1428 universam
908 1352 1083 1428 ecclesiam
1111 1373 1170 1447 pro
1196 1351 1484 1428 excommunicato
1509 1351 1647 1427 habitus
1673 1354 1709 1428 et
1735 1351 1771 1426 in
1798 1351 1944 1447 singulis

396 1473 547 1550 ecclesiis
574 1463 708 1568 publice
734 1473 966 1550 denuntiatus.
996 1475 1082 1549 Dum
1110 1496 1243 1568 quoque
1270 1474 1436 1570 pertinaci
1462 1473 1674 1550 contumacia
1698 1495 1873 1549 censuram
1891 1458 1942 1547 to-

396 1595 521 1688 lerans,
549 1594 743 1671 satisfacere
769 1595 925 1692 episcopo
942 1618 963 1670 a
980 1617 1016 1671 se
1034 1618 1094 1692 per
1111 1597 1264 1672 fraudem
1290 1595 1417 1672 dolato
1444 1598 1681 1688 contemneret,
1709 1595 1799 1691 apud
1829 1595 1942 1670 Sraeu

397 1719 517 1812 captus
544 1718 580 1790 st
606 1718 755 1808 necatus,
784 1737 864 1792 suae
890 1716 1063 1792 vecordias
1089 1739 1213 1812 poenas
1239 1717 1344 1793 dedit.
1381 1717 1592 1794 Wladislaus
1617 1716 1781 1810 siquidem
1807 1715 1943 1792 biaicris

396 1839 556 1914 Poloniae
582 1839 672 1931 Dux,
709 1840 819 1914 castro
846 1839 961 1914 Sruem
987 1839 1186 1933 conquisito,
1224 1841 1259 1914 at
1289 1841 1435 1914 castrum
1472 1839 1586 1914 Srnem
1622 1838 1783 1929 incendit,
1811 1841 1847 1911 st
1872 1840 1942 1913 tam

395 1959 652 2056 Bcrvivrogium,
681 1976 781 2052 quam
808 1960 1058 2056 Sandivogium
1084 1961 1321 2038 auxiliatorem
1349 1961 1422 2037 aius
1449 1961 1581 2038 occidit.

845 2319 1054 2435 ANNUS
1088 2320 1314 2435 DOMINI
1348 2320 1488 2435 1236.

421 2570 575 2644 bandora
602 2587 675 2643 curn
702 2571 813 2662 larba,
841 2575 985 2646 castrum
1012 2569 1195 2644 duasucnsa
1219 2570 1433 2664 expugnando
1460 2572 1591 2660 busur,
1618 2571 1652 2642 in
1679 2570 1819 2644 slecis·
1847 2589 1918 2644 ern

820 2711 953 2766 suoru·
979 2693 1119 2767 militurn
1147 2693 1263 2767 danao
1291 2711 1440 2768 reversus
1467 2697 1529 2767 cat.

499 2933 554 3009 dd
581 2934 797 3010 obtinendam
824 2933 971 3010 universi
999 2935 1110 3030 Regni
1138 2934 1297 3011 Polonias
1323 2933 1551 3011 Monarchiam
1579 2932 1747 3008 Henricus
1773 2955 1850 3009 cnm
1867 2935 1941 3008 bar·

396 3057 441 3132 ba
467 3055 598 3130 Siesiae
624 3058 660 3130 ct
685 3055 981 3134 wratislaviensis
1007 3057 1086 3130 Dux
1112 3056 1277 3151 aspirans,
1306 3057 1385 3130 dum
1412 3057 1542 3132 aesmtc
1563 3057 1587 3151 ¹)
1617 3055 1791 3130 transacta
1817 3055 1941 3130 Ganra-

397 3178 477 3252 dum
503 3176 670 3252 llascviae
696 3177 823 3252 Ducem
850 3179 890 3252 ds
916 3177 1043 3252 tutoris
1069 3177 1172 3252 Ducis
1199 3177 1347 3253 Boleslai
1374 3177 1491 3254 Pudici
1518 3177 1679 3267 exuisset,
1707 3179 1743 3252 et
1769 3175 1942 3272 Principa-

396 3300 493 3374 tuum
516 3297 747 3374 bracariensis
774 3299 809 3374 et
835 3297 1118 3374 Sandomiriensis
1144 3301 1179 3373 et
1205 3299 1423 3374 Lublinensis
1449 3299 1704 3393 possessionem,
1732 3297 1828 3373 velut
1854 3299 1944 3373 tutor

396 3419 546 3495 Boleslai
572 3419 691 3495 Pudici
718 3422 838 3495 nactus
864 3421 965 3512 esset,
993 3442 1127 3495 rursum
1155 3422 1272 3496 contra
1299 3419 1527 3496 wladislaum
1555 3419 1689 3495 Ottonis
1716 3419 1854 3494 llaicris
1880 3421 1941 3493 Po·

396 3541 507 3618 ioniae
533 3543 659 3617 Ducem
686 3541 935 3636 expeditionem
962 3543 1092 3633 movet,
1129 3543 1165 3616 ct
1191 3544 1339 3618 castrum
1356 3540 1572 3634 dnesnsnse,
1600 3541 1688 3634 quod
1715 3540 1781 3616 iam
1809 3541 1943 3616 unicum

395 3686 456 3759 pro
482 3663 673 3742 Wladislao
700 3662 836 3738 Ottonis
862 3663 1083 3758 enecatur)
1109 3663 1322 3756 (caemraquc
1348 3663 1438 3739 enirn
1464 3663 1577 3738 omnia
1603 3663 1639 3736 in
1666 3661 1852 3738 Ducatibus
1873 3663 1942 3737 bln-

395 3785 476 3861 ioris
503 3784 663 3861 Polonias
690 3787 866 3881 superbam
896 3787 932 3861 et
957 3785 1119 3861 iniustam
1154 3785 1416 3892 dominationem
1451 3783 1633 3863 Wladielai
1667 3783 1802 3860 Ottonis
1828 3805 1941 3880 asper·

395 3906 516 3983 nantia
541 3906 577 3982 in
603 3907 765 3984 ditionem
791 3907 931 3984 Hennici
958 3929 1033 3982 cum
1060 3909 1165 3982 barba
1190 3909 1390 4004 cesserant),
1417 3907 1587 3984 obsidione
1613 3905 1711 3982 firmb
1736 3905 1857 4002 cingit,
1872 3907 1942 4002 ple-

395 4046 475 4106 nam
502 4030 694 4106 Ducatuum
728 4027 866 4105 Maioris
900 4029 1059 4106 Poloniae
1084 4031 1120 4105 et
1146 4029 1320 4124 pacificam
1355 4029 1611 4126 possessionem,
1646 4047 1722 4104 arce
1748 4028 1821 4122 illa,
1859 4047 1943 4124 quae

395 4152 469 4228 sola
495 4153 656 4245 restabat,
693 4149 894 4246 conquisita,
930 4151 1121 4227 habiturus.
1166 4151 1301 4248 Magnis
1336 4151 1452 4244 itaque
1483 4151 1613 4227 viribus
1638 4153 1674 4226 et
1699 4151 1877 4227 conatibus
1902 4151 1942 4226 nd

396 4273 493 4350 illius
518 4272 798 4368 conquisitionem
834 4273 1028 4366 aestuando,
1068 4273 1215 4368 plurima
1248 4276 1417 4350 tormenta
1442 4276 1477 4350 et
1503 4271 1721 4369 maehinw)
1746 4276 1865 4350 contra
1889 4295 1941 4348 ca·

395 4395 503 4470 strum
529 4393 690 4488 alneum,
717 4395 754 4470 et
779 4395 931 4470 obsessos
966 4393 1171 4490 proiectione
1206 4395 1376 4487 frequenti
1408 4395 1650 4472 tormentorum
1676 4397 1712 4470 et
1737 4395 1940 4491 sagittarum

395 4513 594 4612 ignitarum,
622 4536 763 4610 sperans
790 4536 827 4590 se
853 4517 1013 4608 castrum,
1043 4516 1132 4607 quod
1159 4537 1219 4611 pro
1246 4515 1362 4590 maiori
1389 4518 1486 4612 parts
1511 4539 1556 4593 ex
1581 4515 1725 4592 materia
1750 4515 1866 4612 lignea
1892 4515 1940 4590 fa-

395 4635 581 4711 brefactum
595 4633 625 4732 6)
651 4637 736 4730 erat,
763 4635 946 4728 aliquando
981 4635 1207 4728 incensurum,
1244 4637 1430 4732 affligebat.
1475 4638 1702 4733 Oppugnabat
1727 4636 1831 4712 etiam
1857 4635 1942 4711 illud

395 4759 510 4834 crebra
544 4756 716 4834 invasione
743 4760 779 4834 et
804 4757 935 4854 impetu
970 4757 1131 4849 militum,
1170 4759 1227 4851 qui
1263 4779 1407 4854 superne
1442 4760 1484 4835 ab
1511 4759 1656 4836 obsessis
1691 4758 1785 4834 saxis
1819 4758 1939 4848 obruti,

396 4877 544 4956 mortuos
570 4879 606 4955 et
630 4877 825 4955 vulneratos
850 4879 966 4974 plures
993 4880 1177 4954 referentes
1192 4881 1232 4974 ⁵),
1273 4881 1412 4975 segnius
1438 4903 1579 4956 munera
1613 4877 1796 4956 obsidionis
1822 4882 1859 4957 et
1883 4903 1940 4957 ex-

396 5000 628 5098 pugnationis,
659 4999 834 5076 conatibus
860 4999 1007 5096 singulis
1029 5023 1142 5076 eorum
1169 5000 1394 5077 recidentibus
1420 5001 1456 5076 in
1483 5001 1629 5096 irritum,
1656 5001 1806 5078 obibant.
1851 5003 1942 5078 Inte·

394 5122 459 5198 rim
486 5145 562 5198 cum
588 5123 624 5199 et
650 5121 790 5220 longum
817 5124 952 5218 tempus
978 5121 1149 5198 obsidione
1177 5122 1264 5198 arcis
1292 5123 1465 5218 praelatae
1491 5123 1620 5198 frustra
1649 5125 1866 5220 absumptum
1892 5145 1942 5199 es·

503 5399 530 5481 ¹)
552 5407 651 5464 aetam
676 5401 748 5465 Ood.
771 5402 864 5464 Roar.
898 5399 1103 5480 prenarratur
1118 5402 1196 5465 decet
1210 5405 1246 5464 la
1264 5401 1333 5465 Ocd.
1356 5402 1430 5465 Aul.
1463 5399 1489 5480 ³)
1512 5397 1743 5464 machinationes
1765 5401 1826 5464 Ed.
1849 5403 1941 5465 chr.

396 5499 424 5590 ⁴)
447 5503 621 5569 fabricatum
644 5505 703 5568 Ed.
726 5506 821 5570 Dobr.
861 5501 889 5586 ⁶)
911 5505 1077 5568 deferentes
1103 5507 1174 5569 Ood.
1198 5509 1290 5568 Roer.
1717 5509 1719 5514 ’
