4162 6288
1018 549 1130 602 arnna
1156 547 1350 604 auruncus.
1684 524 1752 628 (Α.
1774 527 1820 604 Ι).
1840 523 1966 630 1265.)
2009 631 2012 636 ,

860 937 1069 1054 ANNUS
1105 939 1328 1054 DOMINI
1364 940 1502 1056 1265.

462 1221 629 1297 lluttcnoc
655 1225 776 1298 terram
803 1223 1097 1298 teodomiricmen
1123 1226 1292 1318 ingonem
1320 1227 1477 1300 rutilitas
1504 1225 1656 1318 prodigal
1682 1229 1716 1300 et
1742 1225 1902 1318 captivat.

512 1466 642 1540 Multus
669 1465 705 1540 et
730 1465 890 1558 frequens
916 1465 1152 1542 Ruthenomm
1174 1466 1354 1558 exercitus,
1383 1467 1424 1541 de
1441 1465 1589 1561 singulis
1615 1465 1685 1541 fero
1703 1464 1958 1562 Poincipatunm

409 1585 577 1661 uariorum
603 1587 745 1662 Ruussiae
771 1589 902 1664 Ducum
928 1589 1101 1680 collectus,
1130 1588 1308 1662 Suarnoue
1326 1590 1440 1662 tamen
1467 1587 1611 1662 Rrussiae
1637 1589 1729 1661 Duce
1755 1589 1907 1664 caeteros
1923 1588 1957 1663 iu

408 1729 503 1783 arma
529 1710 565 1784 et
591 1708 797 1784 sollicitante
824 1710 859 1784 et
885 1711 1037 1805 cogente,
1065 1712 1172 1784 terras
1199 1708 1487 1784 Sandcmirienses
1513 1708 1617 1784 Ducis
1644 1709 1792 1784 Boleslai
1821 1709 1956 1800 inuasit,

407 1851 532 1922 easque
558 1829 674 1905 diebus
700 1831 833 1922 aliquot
859 1830 990 1926 spoliis,
1017 1829 1149 1926 rapinis
1167 1831 1203 1904 et
1221 1829 1385 1904 incendiis
1411 1829 1549 1904 afflixit.
1577 1829 1720 1906 Interim
1738 1832 1853 1906 autem
1872 1831 1956 1906 San·
2069 1867 2070 1872 Ν

407 1951 626 2028 domirienses
652 1954 792 2028 barones
818 1953 925 2044 (Duce
951 1952 1055 2028 etiam
1082 1974 1142 2027 suo
1169 1953 1337 2044 Boleslao,
1365 1973 1409 2027 ne
1435 1951 1543 2028 hostis
1567 1953 1668 2047 rapta
1694 1953 1818 2047 praeda
1839 1953 1956 2028 euade-

406 2075 470 2165 ret,
507 2095 573 2148 non
609 2074 778 2167 consulto)
809 2073 844 2146 in
871 2073 977 2150 aciem
1013 2095 1088 2148 cum
1124 2073 1326 2168 agrestibus,
1363 2074 1403 2147 ut
1437 2073 1582 2168 speciem
1617 2073 1753 2148 maioris
1787 2073 1957 2149 exercitus

406 2193 576 2270 Ruthenis
602 2194 827 2286 ostenderent,
863 2194 1080 2270 descendunt.
1125 2195 1171 2269 Et
1198 2193 1454 2290 opportunitate
1489 2195 1637 2290 captata,
1675 2217 1751 2269 curn
1777 2195 1956 2270 Ruthonos

405 2336 539 2408 sparsos
564 2317 599 2391 et
625 2317 782 2410 palantes
818 2338 878 2409 par
908 2337 1029 2411 agros,
1066 2315 1340 2410 praedationibus
1367 2319 1402 2391 et
1429 2316 1547 2410 spoliis
1574 2338 1709 2411 operam
1735 2316 1868 2409 dantes,
1896 2317 1955 2390 ad·

405 2437 575 2512 uerterent
595 2436 629 2531 ¹),
658 2437 694 2513 in
721 2437 800 2512 illos
827 2436 962 2512 irruunt
989 2439 1025 2513 et
1051 2437 1145 2512 facili
1181 2437 1329 2532 negotio,
1366 2459 1489 2532 paucos
1523 2459 1674 2532 pugnam
1700 2436 1840 2530 cientes,
1877 2437 1953 2512 iun·

404 2558 490 2631 dunt
517 2560 552 2632 et
578 2559 817 2653 prosternunt;
854 2559 1002 2634 caemros
1037 2560 1130 2634 metu
1166 2558 1270 2633 nimio
1306 2560 1476 2653 perculsos
1503 2558 1601 2635 etin
1628 2558 1711 2653 iuga
1745 2560 1952 2650 consecutos,

403 2679 579 2774 captivant
604 2682 665 2756 aut
690 2679 903 2772 interimunt,
940 2701 1131 2776 magnaque
1167 2681 1266 2758 caede
1290 2681 1328 2756 in
1356 2682 1472 2756 hostes
1486 2680 1515 2774 ²)
1541 2680 1643 2772 edita,
1679 2679 1834 2756 omnibus
1868 2702 1954 2773 qnae

403 2803 587 2895 rapuerant
612 2801 829 2897 recuperatis,
858 2801 1027 2898 insignem
1053 2803 1095 2880 de
1117 2802 1298 2895 Euthenis,
1327 2802 1480 2878 omnibns
1505 2823 1619 2876 eorum
1646 2803 1745 2876 rebus
1771 2802 1807 2876 et
1833 2801 1954 2876 castris

402 2922 545 3017 direptis
571 2923 683 3018 potiti,
712 2924 888 3001 vintoniam
915 2924 1078 3001 referunt.

443 3287 615 3365 toleniaco
641 3289 781 3366 ludione
807 3289 1004 3366 lestkonem
1030 3289 1160 3383 lligrun
1187 3289 1328 3385 adoptat
1354 3289 1417 3364 oili
1443 3307 1668 3366 cucumerem
1694 3290 1728 3366 in
1752 3290 1908 3366 ducatu

503 3528 675 3626 Lostlro³l
701 3530 807 3628 Niger
846 3531 925 3606 Dux
959 3533 1104 3627 apatro
1139 3551 1199 3607 suo
1231 3531 1403 3610 Kauimiro
1438 3531 1638 3628 Oopauiensi
1672 3533 1708 3608 ct
1737 3531 1944 3608 Lanciciensi

399 3653 491 3730 Duce
517 3653 768 3749 emancipatus,
800 3655 1035 3745 Ducatumque
1062 3653 1298 3744 Siradiensem,
1327 3657 1424 3750 patre
1450 3653 1623 3729 Kanimiro
1649 3656 1861 3746 consedente,
1889 3677 1945 3750 pro

399 3796 462 3850 sua
487 3775 639 3869 portione
664 3774 817 3866 sortitus,
853 3775 1057 3850 aBoleslao
1092 3775 1217 3852 Pudice
1253 3775 1463 3852 cracoviensi
1492 3777 1528 3850 et
1554 3775 1816 3852 Sandomiriensi
1842 3777 1942 3867 Duce,

399 3897 493 3972 uelut
519 3897 636 3971 fratris
663 3897 830 3992 patruelis
856 3896 1009 3992 germani
1036 3917 1150 3992 nepos,
1177 3897 1358 3992 adoptatur
1385 3897 1421 3972 in
1447 3896 1569 3972 filium.
1598 3897 1663 3988 Qui
1681 3897 1781 3972 illurn
1807 3897 1943 3992 speciali

397 4017 578 4114 privilegio
613 4020 649 4092 at
674 4017 777 4093 litera
790 4017 818 4114 ⁴)
853 4039 989 4096 suorum
1024 4018 1173 4093 omnium
1209 4018 1465 4113 Principatuum
1500 4019 1676 4094 haeredem
1710 4018 1876 4107 instituit,
1910 4020 1943 4094 at

397 4138 508 4234 ipsum
538 4139 770 4215 tantummodo
801 4138 878 4231 sibi,
911 4139 947 4213 in
978 4160 1094 4214 omues
1130 4159 1209 4215 suas
1239 4141 1357 4230 terras,
1389 4140 1540 4214 Ducatus
1566 4141 1601 4214 et
1627 4138 1776 4214 dominia
1797 4141 1942 4232 (maome

397 4259 487 4334 enim
514 4259 654 4334 virtutis
679 4259 745 4335 sibi
771 4261 807 4334 et
833 4258 1035 4336 consiliariis
1063 4259 1135 4333 suis
1161 4261 1347 4355 apparebat
1372 4260 1549 4354 Princeps)
1575 4280 1807 4335 successurum
1829 4261 1941 4336 decre·

395 4381 457 4456 uit.
499 4380 565 4472 Qui
591 4380 694 4456 etiam
721 4379 828 4475 Niger
852 4380 978 4456 Lestlrc
1004 4379 1171 4477 uirginem
1197 4380 1399 4476 Griphinem
1425 4380 1612 4458 Rusonislai
1638 4380 1741 4456 Ducis
1767 4381 1960 4458 Euthena-

395 4523 471 4576 rum
497 4501 616 4595 filiam,
644 4503 737 4578 Duce
762 4501 919 4578 Boleslao
944 4501 1069 4578 Pudice
1096 4501 1287 4578 huiusmodi
1313 4501 1517 4578 affinitatem
1540 4501 1753 4594 conciliante,
1781 4524 1847 4597 quo
1874 4505 1940 4580 ter-

394 4645 453 4698 rae
479 4643 560 4700 suae
585 4621 768 4717 quietiores
795 4623 918 4714 emant,
956 4621 1087 4717 accepit
1112 4622 1149 4696 in
1176 4644 1334 4698 uxorem:
1366 4625 1617 4718 apparatusque
1642 4622 1840 4719 nuptiarum
1867 4646 1939 4699 onrn

393 4765 520 4838 magna
546 4743 750 4822 solennitate
777 4743 813 4818 in
840 4745 952 4820 castro
978 4742 1186 4820 dracouiensi
1212 4746 1353 4820 exactus
1379 4747 1443 4837 eet,
1480 4746 1569 4836 quod
1594 4745 1771 4822 Boleslaos
1797 4745 1941 4822 Pudicus

393 4867 456 4942 sub
482 4888 520 4942 eo
546 4869 697 4962 tempore
723 4865 820 4942 nouis
846 4866 882 4942 et
908 4863 1111 4940 firmissimis
1143 4863 1305 4942 aedificiis
1339 4865 1531 4943 universum
1558 4868 1706 4944 montem
1732 4868 1938 4963 complexus,

394 4986 656 5063 instauraverat.

494 5107 592 5183 Nona
618 5105 772 5184 Ianuarii
798 5105 976 5186 Elisabeth
1001 5106 1121 5184 relicta
1147 5106 1227 5185 olim
1255 5107 1452 5186 Prnemislai
1469 5107 1708 5186 Posnanionsie
1725 5107 1841 5203 Ducis,
1868 5105 1938 5184 filia

498 5381 524 5464 ¹)
546 5381 813 5447 animadverterent
846 5385 917 5452 dod.
942 5383 1033 5451 Rocr.
1075 5384 1103 5468 ῃ)
1125 5388 1156 5448 in
1178 5386 1312 5450 hostibus
1346 5386 1417 5454 Ooe.
1439 5383 1533 5453 Rosr.
1572 5386 1599 5468 ³)
1621 5383 1736 5452 Leandro
1765 5383 1826 5452 Ed.
1848 5383 1933 5468 laps.

391 5481 421 5558 ⁴)
443 5493 474 5552 et
494 5490 591 5566 gratia
615 5486 687 5552 ooo.
710 5489 803 5554 Beer.
