4208 6282
160 551 223 652 (l).
239 554 287 634 Α.
307 555 420 655 ltro.)
772 579 884 633 urana
910 579 1081 646 domnus.
1650 555 1697 632 79

160 767 223 842 cali
252 767 423 863 dignitate
443 767 466 862 ¹)
492 767 691 864 praeditum,
728 791 788 863 per
813 769 924 844 scelus
950 766 1131 860 occidendi,
1159 767 1297 862 sacrat)
1324 769 1359 844 et
1385 767 1488 864 digne
1515 769 1620 842 morte
1646 766 1699 842 irr-

160 891 267 966 teriit
294 891 420 986 [terpus
448 890 636 986 episcopale
662 890 698 965 in
725 891 939 966 Plocaensem
966 891 1116 966 delatum
1143 889 1315 966 ecclesiam
1343 891 1482 986 planctu
1509 911 1631 986 magno
1648 889 1699 965 ri·

159 1035 272 1088 rorum
298 1012 596 1090 ecclesiasticorum
623 1013 804 1108 honorilice
830 1015 1004 1108 sepultura
1030 1016 1138 1089 terrae
1156 1013 1350 1088 mandatum
1376 1015 1439 1105 est,
1467 1013 1502 1089 at
1528 1011 1564 1086 in
1590 1012 1699 1086 locum

160 1134 256 1210 illius
280 1135 397 1230 Lupus
422 1133 599 1210 canonicus
625 1135 814 1210 Plecuensis
841 1135 1010 1210 successit.
1048 1134 1263 1230 Prmcipatus
1290 1136 1403 1210 autem
1430 1155 1507 1209 suos
1533 1137 1569 1210 et
1593 1133 1700 1208 domi·
1737 1193 1740 1202 Δ

159 1257 219 1332 uia
244 1258 421 1332 Boleslaus
455 1259 655 1332 Polonorum
689 1255 810 1354 ΒΗΚ)
836 1258 1049 1334 uehementer
1076 1259 1117 1332 ob
1144 1256 1372 1352 pontificalem
1406 1278 1520 1334 necem
1556 1256 1701 1332 afflictos

159 1381 195 1454 et
220 1379 419 1475 affligendos
454 1379 691 1474 pertimescens
726 1380 809 1472 (ianr
840 1379 1004 1474 siquidem
1035 1381 1157 1455 Petrus
1192 1378 1396 1455 Gnesuensis
1431 1378 1700 1474 archiepiscopus

159 1501 196 1576 in
223 1501 428 1596 prouinciam
454 1502 613 1578 Polcniae
636 1501 835 1592 uniuersam,
872 1501 1074 1597 coepiscopis
1111 1501 1263 1597 perprius
1278 1501 1306 1596 ⁴)
1337 1501 1509 1592 consultis,
1545 1501 1701 1596 generale

159 1624 349 1718 protulerat
373 1623 605 1720 interdictum)
641 1624 752 1700 missis
778 1615 954 1699 'militibus
980 1624 1150 1700 Bolestam
1177 1624 1336 1720 captivat,
1369 1625 1404 1708 et
1429 1623 1596 1699 Gnesuam
1622 1645 1699 1718 per-

158 1743 309 1836 ductum,
337 1749 503 1858 murentu
540 1747 693 1843 generali
729 1746 865 1838 indicto,
903 1749 964 1822 sub
991 1747 1181 1842 praesentia
1206 1745 1352 1842 praefati
1378 1745 1470 1822 Petri
1497 1745 1702 1822 Gnesnensis

160 1866 414 1965 archiepiscopi,
451 1868 615 1945 (ledeonis
641 1868 880 1960 cracoviensis,
918 1868 1106 1944 Bernhardi
1132 1867 1371 1944 Posnaniensis
1406 1867 1634 1964 episcoporum
1667 1868 1702 1942 et

159 1989 392 2066 uniuersorum
419 2011 592 2087 procerum
618 1991 776 2067 Polcniae
804 1989 964 2066 iudicium
991 1993 1107 2066 contra
1133 1990 1243 2082 illurn,
1281 1989 1334 2067 cui
1361 1991 1452 2066 solus
1478 1989 1700 2087 praesidebat,

160 2111 340 2204 instauret,
367 2115 402 2188 et
428 2135 488 2208 pro
515 2113 661 2190 facinore
681 2113 717 2188 in
735 2113 906 2190 Christum
932 2113 1066 2188 Domini
1093 2113 1292 2190 Wernerum
1319 2112 1503 2204 commisso,
1530 2112 1701 2188 Bolestarir

159 2234 196 2308 in
223 2234 384 2310 iudicium
411 2236 608 2332 productum
635 2238 670 2312 et
697 2237 806 2314 scelus
842 2258 939 2312 suurn
971 2235 1131 2328 inficiare,
1160 2235 1319 2313 scientem
1346 2257 1382 2312 se
1408 2234 1626 2311 multitudine
1649 2236 1700 2310 te-

159 2356 265 2432 stium
292 2357 563 2450 conrincendum,
599 2383 667 2434 non
692 2359 880 2451 audentem,
918 2357 1092 2435 definitiva
1123 2359 1291 2436 sententia
1326 2357 1469 2434 dammis
1494 2357 1701 2436 exurendum

160 2480 373 2574 condemnat.
417 2482 488 2558 Nee
514 2481 661 2577 simplici
698 2477 912 2558 cremationis
946 2504 1069 2578 genere
1095 2481 1132 2557 irr
1158 2504 1196 2559 eo
1222 2482 1411 2573 contentus,
1447 2481 1519 2558 tela
1552 2482 1702 2558 recenter

158 2603 258 2678 texta
285 2606 320 2678 et
346 2623 422 2678 cera
448 2603 555 2680 oblita
581 2603 870 2682 circumvolutum·
884 2605 921 2680 in
947 2603 1072 2681 circulo
1099 2603 1249 2680 ciuitatis
1283 2603 1453 2700 praefatae
1484 2602 1700 2693 Gnesnensis,

158 2723 265 2800 ualidi
292 2724 383 2821 ignis
410 2725 572 2820 incendio,
600 2749 636 2802 se
662 2729 697 2803 et
725 2727 879 2804 universa
905 2749 967 2802 sua
993 2727 1117 2802 militia
1135 2727 1357 2822 inspectante,
1385 2725 1536 2804 extinxit
1549 2725 1588 2821 ⁶),
1616 2724 1701 2800 iram

158 2869 293 2941 quoqne
319 2847 466 2924 dirinam
493 2851 629 2945 propter
655 2849 763 2926 scelus
790 2849 960 2946 parricidii
987 2849 1023 2925 in
1049 2871 1084 2926 se
1110 2849 1145 2926 et
1171 2851 1307 2946 gentem
1333 2871 1427 2926 suam
1445 2848 1647 2927 saevituram
1659 2847 1700 2943 ἣ,

157 2991 260 3046 saum
286 2970 432 3066 quidem,
469 2973 527 3048 sed
561 2973 651 3048 iusta
686 2973 815 3050 ultione
842 2973 881 3049 de
908 2995 963 3050 reo
990 2974 1126 3070 sumpta
1153 2973 1315 3068 expiarit.
1360 2972 1475 3069 (loapit
1502 2975 1613 3049 autem
1641 2993 1700 3048 ex·

156 3095 242 3168 tunc
268 3095 305 3169 et
331 3092 485 3190 deinceps
511 3093 708 3170 virbeatus
741 3095 925 3174 Wernerus
960 3094 1069 3192 signis
1104 3095 1255 3172 mirificis
1290 3096 1482 3186 clarescere,
1519 3097 1555 3170 et
1580 3095 1622 3169 ad
1648 3091 1702 3168 sui

154 3215 306 3292 nominis
332 3215 576 3294 invocationem
590 3218 618 3313 a)
645 3217 774 3294 claudis
800 3240 965 3314 gressum,
993 3219 1100 3294 caecis
1125 3218 1246 3310 uisum,
1277 3217 1417 3314 leprosis
1439 3217 1700 3306 mundationem,

154 3338 357 3434 paralyticis
374 3340 663 3434 restaurationem,
692 3341 834 3417 mortuis
860 3339 976 3433 uitam,
1006 3342 1171 3437 pluraque
1197 3341 1276 3434 alia,
1305 3363 1365 3438 pro
1391 3340 1513 3436 quibus
1539 3339 1701 3434 interpel-

153 3462 305 3554 labatur,
342 3461 503 3538 beneficia
537 3463 699 3555 conferre,
736 3466 776 3538 ut
801 3463 890 3538 nihil
917 3463 1139 3538 dubitandum
1173 3463 1229 3556 sit,
1266 3462 1376 3539 uirum
1410 3463 1509 3538 illurn
1542 3465 1615 3537 tum
1642 3485 1702 3558 pro

152 3584 230 3660 rita
249 3584 414 3660 laudabili
440 3588 555 3661 sancte
573 3589 608 3662 et
627 3585 821 3662 innocenter
846 3587 1030 3677 transacta,
1059 3588 1132 3661 turn
1159 3609 1218 3682 pro
1245 3585 1409 3683 sanguine
1435 3585 1471 3660 irr
1497 3584 1703 3678 deiensam⁸l

151 3729 239 3782 snae
266 3707 427 3784 ecelesiae
441 3709 539 3800 lusu,
567 3709 750 3787 laureolam
778 3709 946 3800 meruisse,
975 3709 1163 3784 animarum
1191 3732 1321 3804 quoque
1339 3709 1529 3785 sanctarum
1557 3707 1702 3803 potitum

150 3829 340 3922 consortio,
376 3831 523 3926 praemio
559 3834 714 3908 aeternae
748 3831 981 3908 retributionis
1008 3835 1043 3908 et
1068 3831 1196 3908 risione
1231 3831 1344 3907 dirina
1379 3831 1591 3927 perrenorum
1618 3849 1701 3905 ease.

150 3952 255 4028 Sedit
282 3952 356 4047 ipse
382 3953 565 4031 Wernerus
591 3954 627 4030 in
654 3955 731 4030 seda
758 3954 930 4030 Ploczensi
957 3955 1054 4030 annis
1081 3953 1344 4047 quatuordecim,
1372 3953 1425 4030 cui
1451 3952 1608 4042 viduatae
1634 3952 1702 4026 Lu-

150 4097 221 4171 pus
249 4078 366 4151 cuatos
392 4075 581 4152 Ploezensis
608 4081 685 4172 post
711 4080 955 4153 monstruosam
981 4077 1176 4154 electionem
1195 4077 1235 4152 de
1253 4077 1363 4152 tribus
1379 4077 1514 4168 facmm,
1543 4074 1702 4165 succedit,

149 4198 284 4274 nobilis
312 4219 433 4293 genere
460 4199 500 4273 de
527 4199 660 4276 familia
686 4199 877 4275 Godaamba
891 4199 930 4293 ⁹),
959 4223 980 4274 a
1006 4202 1106 4275 Petro
1133 4199 1318 4276 Gnesnensi
1349 4198 1607 4294 archiepiscopo,
1626 4199 1702 4272 ‘Bo-

149 4321 264 4396 loslao
293 4320 410 4416 drispo
436 4321 594 4396 Polcniae
620 4321 712 4398 Duce
738 4325 773 4397 et
799 4322 980 4398 llonarcha
1006 4323 1078 4398 eius
1105 4324 1316 4418 promerente
1342 4321 1555 4412 electionem,
1583 4319 1703 4396 coufir-

148 4447 272 4567 matns
300 4445 336 4520 et
361 4445 584 4520 mnsecratus.

148 4811 321 4893 tudano
348 4813 523 4906 hospitalia
551 4813 660 4888 sancti
687 4811 837 4887 lobannis
873 4813 1124 4888 ierosolimitani
1155 4813 1187 4886 in
1214 4813 1374 4889 ternaria
1409 4812 1704 4908 perdurandum

137 4965 141 4970 ·
702 4937 830 5010 llaioris
857 4935 1008 5054 latoniae
1034 4937 1187 5010 urar-.-

258 5159 379 5239 Pridie
406 5159 520 5238 Nonas
542 5161 638 5256 blaii,
675 5163 882 5260 Myeczslaus
913 5162 984 5239 siae
1011 5161 1192 5260 Myeschlro
1227 5161 1361 5238 llaioris
1396 5160 1560 5238 Polcniae·
1578 5163 1613 5236 et
1639 5162 1702 5236 Po·

137 5399 141 5407 .
265 5355 293 5435 ¹)
315 5359 425 5418 uirtute
441 5355 521 5416 dod.
545 5357 637 5418 Roar.
663 5353 782 5434 ⁹)iasta
805 5357 864 5417 Ed.
888 5357 984 5417 neor.
1011 5353 1038 5434 3)
1053 5355 1120 5416 Dux
1139 5362 1169 5415 et
1182 5355 1343 5416 Monarcha
1369 5353 1440 5416 coa.
1455 5355 1553 5416 'liora
1577 5350 1604 5432 ⁴)
1619 5371 1703 5428 prae·

150 5462 224 5526 latia
249 5463 338 5540 prius
365 5461 438 5522 Ood.
463 5459 555 5523 Roar.
592 5457 618 5540 5)
641 5462 800 5522 combussit
827 5460 897 5521 Cod.
921 5461 1011 5522 Rcrr.
1050 5458 1077 5539 ὓ)
1099 5467 1248 5522 venturam
1274 5458 1345 5521 (lod.
1367 5459 1458 5520 Roar.
1497 5456 1703 5537 bonromae-

151 5567 591 5636 rememorandum.
628 5563 875 5650 ⁸)deleusionem
902 5565 973 5630 Ood.
988 5567 1079 5630 Reor.
1118 5561 1560 5652 pseudisodomum..
