4246 6274
419 538 465 613 16
1030 559 1140 614 amsa
1167 557 1338 625 omarus.
1676 530 1811 637 (ab.
1833 527 1948 638 rias.)

416 739 513 841 soal)
540 729 589 822 da
606 745 726 842 patria,
754 746 866 822 studia
891 769 962 839 sua,
992 747 1196 840 conatusque
1222 747 1396 839 oonrertit,
1424 769 1498 822 oum
1524 747 1567 822 ad
1593 745 1626 821 id
1653 763 1718 823 non
1744 749 1851 824 solum
1878 771 1948 823 ama

416 867 554 943 bibionis·
579 868 694 944 ardore
720 871 755 943 et
781 868 895 944 uxoris
921 869 1141 961 irritamento,
1178 871 1235 944 sed
1262 873 1296 944 et
1323 867 1522 965 impunitate
1549 870 1711 944 saelorum
1736 872 1772 946 et
1798 872 1948 945 assenta-

416 989 508 1066 tione
534 989 756 1086 improborum
783 992 972 1084 feneretur,
1001 993 1094 1067 nullo
1109 992 1137 1087 ²)
1163 992 1235 1068 sius
1261 973 1429 1089 tyramnidi
1454 993 1530 1088 post
1548 985 1779 1068 crudelitatem
1797 991 1833 1066 in
1850 993 1950 1066 Petro

417 1112 544 1188 Gemite
570 1112 763 1188 Skrninensi
799 1114 1028 1210 depromptam
1064 1117 1213 1204 obstare,
1250 1117 1309 1188 aut
1336 1113 1408 1191 eius
1434 1109 1570 1190 oonatus
1596 1135 1751 1210 sarpere,
1779 1089 1847 1190 seu⁵
1866 1135 1950 1207 qaae

416 1257 495 1310 uera
521 1237 556 1309 el
582 1235 735 1330 legitima
761 1238 883 1327 essent,
912 1237 1019 1312 diuers
1044 1259 1136 1312 auso.
1189 1237 1365 1312 (bontraoto
1391 1237 1505 1329 itaque
1531 1259 1574 1311 sn
1597 1237 1749 1311 erunibus
1765 1223 1949 1330 'Prinoipa

416 1358 509 1433 tibus
535 1360 569 1433 et
596 1358 751 1432 dominiis
766 1355 793 1453 ³)
819 1358 979 1452 exercitu,
1008 1360 1306 1452 Rutbenorumqua
1341 1359 1531 1436 auxiliariis
1566 1358 1780 1452 frequentiori
1814 1370 1951 1432 numero

417 1488 518 1574 quam
544 1502 692 1572 unquam
727 1480 812 1556 elias
844 1483 1003 1556 aeaersito
1018 1483 1066 1576 ⁴),
1106 1483 1365 1576 (Wsaeaolodus
1400 1481 1490 1556 enim
1516 1477 1715 1578 Kyouiensis
1740 1481 1818 1554 Dux
1844 1478 1952 1554 lilium

418 1625 515 1678 suum
542 1602 817 1695 Suanbbosla'um,
848 1603 930 1678 item
957 1605 1087 1710 Ducem
1109 1597 1302 1696 Isnaslaum,
1331 1604 1412 1680 item
1439 1599 1563 1680 Duram
1589 1601 1951 1696 Wsneuoldimirumb

417 1723 661 1800 Halioaiensem
697 1729 772 1799 oum
806 1724 911 1820 oopiis
937 1725 1167 1802 Ruthenorurn
1194 1727 1230 1802 in
1256 1726 1413 1802 solatium
1428 1725 1456 1821 ⁶)
1487 1721 1733 1820 transmiserat)
1759 1723 1950 1799 boleslaum

417 1847 457 1922 de
483 1844 672 1938 Ploonensi,
699 1839 883 1922 Hebrieum
910 1848 950 1938 de
977 1847 1236 1924 Sandomirionsi
1271 1848 1392 1923 eastris
1428 1841 1551 1924 fratres
1586 1855 1762 1943 germanos
1796 1840 1949 1942 depellit,

418 1970 615 2061 caeteraque
649 1979 762 2044 eorum
797 1969 964 2064 praesidia
999 1969 1114 2045 delinit
1146 1971 1184 2046 et
1216 1993 1329 2046 ornnes
1364 1993 1475 2046 eorum
1511 1969 1725 2066 Pmnoipatas
1762 1969 1797 2044 et
1832 1971 1948 2057 terras,

419 2075 518 2166 iustis
544 2089 755 2185 Principibus
781 2091 920 2187 fugatis,
948 2091 1118 2188 subiugat.
1150 2089 1243 2166 Unus
1268 2093 1498 2168 tantummodo
1524 2093 1731 2188 Myeoaslaus
1757 2091 1867 2166 Senex
1893 2103 1950 2164 uo³

418 2214 514 2290 oetas
540 2213 707 2304 restabat,
735 2211 959 2305 dresdensis,
988 2213 1223 2290 Posnaniensis
1249 2217 1284 2290 et
1309 2214 1442 2289 Maioris
1468 2213 1625 2290 Poloniao
1651 2213 1748 2306 Dux,
1784 2211 1825 2288 ad
1853 2216 1951 2304 quam

419 2334 562 2430 biduob
588 2335 719 2427 fratres,
747 2336 922 2412 Bolaslaus
948 2335 1085 2432 Orispus
1111 2335 1276 2413 Maeoniae
1294 2340 1330 2413 et
1347 2337 1513 2412 Hearious
1539 2329 1815 2413 Sandoruirieusis
1844 2333 1952 2410 Dades

420 2457 552 2534 sedibus
578 2456 648 2533 suis
674 2457 763 2552 pulsi
799 2457 1018 2554 diffugerant,
1059 2480 1233 2554 arosruque
1258 2459 1515 2536 Posnaniensem
1546 2480 1659 2535 ornnes
1685 2461 1754 2534 tres
1780 2457 1950 2546 adeuntes,

420 2579 522 2657 etiam
549 2577 650 2672 uiris,
687 2577 852 2674 armisque
888 2601 961 2656 eam
994 2579 1200 2674 munierant,
1228 2581 1454 2658 resistentiam
1479 2580 1564 2656 Daoi
1591 2579 1797 2670 wladislao,
1824 2578 1854 2653 si
1880 2577 1952 2652 illie

422 2725 552 2798 quoque
578 2701 828 2798 impeterentur,
856 2703 1053 2798 opposituri.
1081 2702 1173 2800 Quod
1192 2703 1247 2779 ubi
1267 2703 1473 2781 Wladislaus
1490 2705 1567 2778 Dux
1585 2702 1733 2799 agnovit,
1761 2722 1861 2798 oopus
1881 2699 1952 2774 illio

422 2826 471 2902 iro
497 2823 628 2921 pergit,
668 2823 816 2901 ooleriori
844 2847 974 2920 quoque
1000 2849 1064 2921 quo
1091 2828 1202 2922 potest
1235 2847 1333 2902 eursu
1367 2825 1552 2902 exereitum
1587 2824 1733 2900 admouit
1748 2925 1750 2930 ι
1767 2826 1802 2900 ot
1828 2825 1951 2899 Posua-

423 2947 538 3024 reiense
564 2947 710 3023 oestrum
736 2946 920 3023 fortissima
945 2947 1113 3024 obsidione
1138 2948 1290 3040 uallauit,
1323 2943 1494 3024 universos
1520 2948 1641 3022 fratres
1667 2969 1732 3022 uno
1759 2947 1841 3038 loeo,
1868 2969 1951 3020 une·

422 3093 486 3165 que
513 3069 680 3146 obsidione
707 3069 934 3171 debellaturus
960 3072 995 3145 et
1020 3071 1327 3166 comprehensurus.
1372 3070 1487 3146 Oinxit
1520 3069 1638 3146 deinde
1664 3068 1799 3165 sepibus
1813 3049 1859 3143 ¹'et
1884 3068 1951 3142 fre·

423 3192 603 3288 quentibus
637 3191 785 3267 turribus
820 3193 1044 3269 Posnauiense
1080 3195 1246 3285 oestrum,
1283 3217 1325 3269 ne
1351 3193 1404 3269 eui
1431 3186 1472 3269 da
1498 3190 1637 3268 obsessis
1673 3191 1789 3268 liooret
1822 3191 1862 3266 do
1893 3189 1953 3264 illo

422 3315 576 3412 aiugere,
612 3313 800 3391 bombardis
835 3337 965 3409 quoque
999 3318 1034 3389 et
1069 3315 1229 3392 arietibus
1266 3315 1352 3390 illud
1387 3315 1482 3391 noete
1517 3317 1552 3390 et
1587 3313 1735 3390 interdiu
1766 3307 1950 3408 quatiebat,

423 3439 575 3514 omnibus
601 3437 747 3534 ingeniis
773 3439 808 3513 et
833 3438 961 3513 artibus
987 3439 1142 3514 humanis
1168 3439 1209 3513 ad
1236 3438 1307 3514 eius
1343 3437 1617 3532 conquisitionem
1653 3437 1815 3513 intentas.
1855 3433 1953 3509 Prin·

424 3561 514 3658 elpes
540 3561 651 3637 autem
678 3561 874 3651 Boloslaus,
911 3561 1116 3656 bipeouslaus
1144 3564 1178 3638 et
1204 3561 1387 3652 Honrious,
1424 3560 1575 3637 ridentes
1609 3581 1644 3634 so
1670 3581 1729 3656 per
1754 3551 1955 3635 obsidionem

423 3682 520 3758 illam
546 3681 726 3778 plurimum
753 3681 934 3776 euertatos,
963 3706 1004 3759 ue
1030 3683 1098 3759 nini
1125 3683 1160 3758 in
1187 3705 1304 3758 manus
1330 3681 1470 3758 hostiles
1496 3681 1667 3774 uenirent,
1696 3703 1738 3756 ne
1764 3701 1893 3774 quoque
1920 3678 1955 3751 in

319 3893 323 3901 ¹
424 3808 539 3902 reptos
564 3804 741 3899 quiequam
767 3806 904 3901 granius
939 3805 1110 3901 consulta
1147 3805 1374 3902 eontingeret,
1414 3805 1556 3880 mittunt
1590 3801 1727 3880 nuntios
1752 3801 1795 3878 ad
1821 3800 1953 3878 Wladi·

424 3929 533 4004 slaum
558 3929 682 4004 Duram
708 3931 884 4024 rogantes:
914 3930 953 4004 ut
971 3925 1086 4004 nubilo
1111 3921 1189 4005 suae
1207 3925 1457 4024 indignationis
1483 3925 1650 4023 mitigato,
1682 3925 1760 4000 illos
1786 3923 1955 4000 hostiliter

425 4050 585 4146 impetere
610 4051 645 4125 et
671 4049 883 4145 Principetus
910 4071 1022 4126 eorum
1049 4072 1209 4146 ooouparo
1235 4049 1410 4142 desineret,
1444 4049 1650 4143 solrarotque
1685 4045 1886 4123 obsidionem
1920 4044 1954 4119 et

418 4159 564 4248 'fratrem
590 4193 626 4248 se
651 4173 752 4266 atque
778 4172 1003 4265 defensorem,
1031 4195 1097 4248 non
1124 4171 1254 4248 bostem
1281 4173 1397 4267 ageret
1412 4171 1460 4267 ⁹),
1493 4171 1647 4262 sorteque
1682 4189 1744 4244 sua
1779 4159 1954 4244 eontentus

427 4295 524 4386 ossea
551 4293 713 4387 usquein
732 4294 967 4371 exterminium
995 4317 1117 4386 eorum,
1146 4294 1203 4388 qui
1230 4295 1343 4370 eodem
1370 4296 1465 4389 patre
1492 4295 1603 4369 essent
1628 4290 1746 4388 geniti,
1765 4289 1800 4367 et
1816 4289 1956 4381 aequale

426 4417 462 4492 in
488 4415 644 4492 Poloniae
671 4416 787 4512 Reg'no
815 4417 877 4492 sibi
905 4416 957 4492 ias
982 4439 1057 4492 oum
1084 4416 1132 4493 eis
1159 4417 1244 4493 foret
1263 4415 1323 4512 ¹⁰),
1359 4416 1540 4512 aspiraret,
1578 4435 1702 4491 memor
1735 4413 1956 4488 humanarum

426 4561 548 4630 rerum,
576 4541 611 4615 at
636 4559 730 4614 suam
756 4539 924 4614 somonam
960 4540 1105 4615 modeste
1140 4539 1270 4634 gereret
1290 4539 1333 4633 ¹¹)
1359 4543 1393 4614 et
1420 4538 1564 4614 alienam
1590 4561 1633 4612 ne
1659 4537 1806 4633 urgeret.
1846 4535 1955 4630 lega·

425 4661 551 4738 tionem
577 4663 689 4736 autem
715 4660 903 4737 huiusmodi
921 4661 1108 4742 wladislao
1134 4663 1225 4739 Duos
1251 4663 1397 4738 fastume
1422 4661 1606 4758 repellente
1625 4660 1659 4736 et
1677 4658 1848 4750 irridente,
1867 4655 1956 4732 nihil

427 4794 568 4878 quoquo
582 4783 693 4879 parati
719 4785 948 4880 respondente,
977 4784 1124 4860 Duoibus
1150 4783 1344 4880 Mpeoaslao,
1373 4779 1587 4861 soresmos
1612 4781 1767 4874 Henrioo,
1796 4777 1831 4855 et
1847 4777 1954 4854 omni·

427 4909 490 4982 bas
517 4929 592 4984 oum
618 4905 667 4981 eis
695 4907 836 4983 obsessis
871 4907 974 4982 maior
1008 4929 1110 5003 pavor
1146 4907 1301 4999 insessis,
1338 4907 1572 5000 fortunamque
1606 4927 1700 4982 suam
1734 4901 1956 4979 miserandam

427 5031 463 5105 et
489 5027 711 5106 miserabilem
745 5028 954 5104 laohrimosis
989 5028 1170 5105 eiulatibus
1205 5031 1316 5105 erebro
1351 5029 1579 5125 deplorabant.
1632 5029 1696 5104 Pro
1723 5047 1812 5102 more
1837 5023 1956 5102 deinde

505 5204 509 5210 ⁵
535 5217 560 5288 'l
583 5239 633 5283 eos
662 5221 742 5296 ipsos
777 5221 847 5282 God.
876 5219 968 5285 Rura
1014 5219 1040 5296 ῃ)
1069 5224 1183 5282 nemine
1215 5221 1285 5285 Ood.
1315 5219 1409 5284 Rosa
1450 5219 1478 5300 θ)
1508 5217 1641 5282 dominiis
1670 5220 1730 5280 suis
1763 5217 1834 5279 oda.
1863 5218 1955 5278 Roar.

430 5318 460 5398 4)
482 5327 633 5387 accersitis
657 5309 832 5394 (ladmen
868 5322 894 5404 ⁶)
916 5326 1202 5392 Wszevolodimirum
1227 5325 1297 5387 (lod.
1321 5327 1412 5387 Rorr.
1447 5323 1634 5404 l)anxilinm
1660 5323 1731 5385 Cod.
1753 5323 1843 5385 Roer.
1878 5320 1957 5401 'lbi

428 5429 486 5493 duo
512 5429 583 5492 Ood.
606 5429 697 5492 Rorr.
732 5427 758 5508 8)
781 5431 871 5492 statui
898 5429 968 5492 Cod.
988 5430 1080 5494 Reor.
1115 5427 1279 5510 ⁹)gereret
1301 5429 1360 5493 Ed.
1383 5431 1475 5494 Debr.
1515 5427 1554 5510 ¹⁰)
1577 5447 1641 5491 oum
1663 5447 1698 5492 eo
1720 5424 1862 5491 baberent
1886 5426 1956 5490 Cori.

428 5535 518 5602 Ilorr.
562 5533 601 5618 ¹¹)
622 5541 739 5612 regeret
764 5535 834 5600 Coei.
857 5535 949 5599 Reor.
1892 5561 1895 5566 ·
1926 5561 1936 5578 ν
