4208 6282
361 536 435 610 126
987 555 1099 608 arnna
1126 555 1278 607 snxuus.
1651 533 1713 625 (Α.
1734 531 1908 629 111188.)

358 741 483 818 indicto
510 742 599 817 bello
625 762 835 836 congressus,
863 741 898 816 et
925 743 968 816 ab
995 741 1043 816 eis
1069 740 1180 817 victus
1206 744 1241 817 et
1267 740 1395 816 occisus
1421 743 1485 816 est.
1513 739 1565 816 Ab
1593 740 1653 816 illo
1672 762 1801 835 quoqne
1819 743 1906 816 tem·

358 886 437 959 pore
464 863 500 937 iu
526 862 771 939 validissimum
796 865 897 940 robur
924 863 1017 938 natio
1045 865 1285 939 Thartarorum
1311 862 1421 959 coepit
1449 863 1614 959 protendi.

815 1224 1024 1338 ANNUS
1059 1225 1286 1338 DOMINI
1321 1225 1455 1337 1188.

357 1476 564 1550 wladimirus
591 1477 729 1568 supplex
756 1476 957 1548 adruinum
986 1475 1121 1548 obtentu
1146 1475 1250 1564 renis,
1278 1475 1348 1546 eius
1376 1475 1530 1564 exercitu,
1557 1475 1702 1569 depulsis
1729 1494 1771 1547 ex
1796 1476 1907 1550 dalius

811 1597 979 1690 hungaris,
1007 1596 1049 1668 sd
1076 1598 1235 1670 ducatum
1261 1596 1457 1670 restituitur.
1503 1675 1504 1678 p

405 1839 406 1842 ’
462 1841 637 1931 Nusquam
664 1841 831 1914 terrarum
858 1839 1081 1916 Wladimirus
1107 1838 1332 1914 Halicniensis
1364 1840 1443 1913 Duru
1475 1840 1611 1933 propter
1637 1860 1751 1914 recens
1777 1840 1813 1912 et
1840 1839 1905 1912 ini-

358 1984 462 2052 quum
489 1961 630 2052 facinus,
660 1984 725 2052 quo
751 1961 787 2034 in
814 1960 1025 2035 Karimirum
1051 1962 1177 2035 Ducem
1204 1963 1239 2035 et
1265 1959 1745 2054 Monarcham,regionemque
1764 1961 1907 2035 Polono-

357 2105 431 2156 rum
459 2083 659 2174 deliquerat,
696 2085 792 2157 tutus
813 2083 835 2176 ¹)
862 2082 1042 2157 consistere
1068 2105 1170 2158 ausus
1206 2083 1339 2176 (utpote
1366 2103 1464 2174 quem
1491 2081 1684 2155 Kaaimirus
1718 2081 1821 2156 etiem
1848 2104 1908 2174 per

357 2203 433 2278 avia
447 2204 476 2298 Ἰ)
502 2205 586 2296 loca,
615 2205 650 2279 et
676 2203 798 2296 quibus
814 2202 842 2298 ³)
870 2225 905 2279 se
932 2203 1105 2279 abdiderat
1131 2205 1251 2294 lustra,
1287 2203 1328 2276 ad
1356 2224 1470 2277 necem
1496 2205 1531 2277 et
1558 2201 1790 2296 captivitatem
1817 2201 1906 2276 ordi-

358 2326 461 2400 nabat
488 2324 625 2417 inquiri,
655 2324 789 2400 sceleris
816 2325 982 2400 commissi
1010 2349 1150 2420 poenam
1177 2325 1325 2399 debitam
1353 2327 1532 2418 pensurus)
1561 2323 1690 2398 veritus
1716 2346 1759 2398 ne
1785 2323 1821 2397 iu
1849 2346 1906 2416 pe-

358 2447 513 2538 riculum,
547 2447 588 2521 ad
616 2447 702 2540 quod
739 2449 972 2540 quaerebatur,
1011 2447 1173 2522 recideret
1188 2447 1234 2541 ⁴),
1274 2469 1331 2542 per
1358 2448 1489 2521 crebros
1524 2445 1662 2520 nuntios
1697 2445 1909 2518 Kcaimirum

357 2571 483 2644 Ilucem
510 2567 713 2642 humillimis
739 2570 903 2662 precibus
932 2571 967 2645 et
993 2571 1128 2644 tandem
1156 2570 1237 2643 data
1263 2567 1416 2644 veniendi
1444 2567 1636 2658 securitate,
1666 2567 1907 2662 perseipsum

357 2692 545 2786 prostratus
572 2691 674 2764 humo
701 2690 910 2786 interpellat,
949 2693 987 2764 ut
1012 2690 1154 2766 facinori
1182 2714 1241 2765 suo
1269 2694 1370 2783 atque
1406 2689 1510 2764 errori
1546 2689 1678 2763 veniam
1704 2689 1845 2780 tribuat,
1873 2691 1908 2763 et

358 2811 557 2888 clementiae
572 2811 600 2906 ⁶)
627 2833 707 2887 suae
735 2812 1008 2908 propitiationem
1024 2811 1052 2907 6)
1079 2811 1133 2885 illi
1161 2811 1344 2906 impendat,
1383 2811 1487 2886 fidum
1514 2812 1549 2886 et
1575 2809 1809 2902 obsequiosum
1837 2832 1906 2884 ser·

357 2934 498 3009 vitorem
533 2935 636 3026 atque
670 2932 834 3025 amicum,
872 2936 908 3008 et
943 2934 1001 3027 qui
1036 2933 1180 3028 priorem
1205 2932 1506 3028 transgressionem
1534 2931 1709 3026 geminata
1740 2931 1816 3008 fidei
1845 2955 1906 3026 pu·

358 3055 460 3129 ritate
496 3055 665 3146 resarciat,
704 3055 893 3130 habiturus.
939 3057 989 3130 Ea
1016 3055 1211 3130 humilitate
1247 3057 1282 3129 et
1317 3076 1414 3150 prece
1449 3053 1642 3128 Keaimirus
1677 3057 1906 3148 expugnatus,

358 3175 598 3252 Wladimirum
636 3176 797 3250 infestum
833 3177 962 3252 hostem
991 3177 1027 3250 iu
1055 3176 1199 3251 amicum
1235 3175 1389 3270 suscipit,
1419 3177 1455 3249 et
1481 3197 1562 3250 suae
1597 3174 1719 3269 grandi
1746 3174 1782 3248 in
1809 3175 1905 3249 Polo-

358 3297 450 3372 niam
477 3299 579 3390 atque
606 3296 641 3370 in
669 3320 705 3372 se
732 3297 1011 3392 praevaricationi
1038 3299 1137 3373 facile
1164 3297 1319 3392 ignoscit.
1347 3298 1393 3371 Et
1407 3319 1482 3372 cum
1509 3295 1606 3388 satis,
1634 3314 1801 3390 superque
1824 3295 1907 3370 satis

359 3419 464 3495 fuerit
489 3420 624 3514 culpam
651 3418 834 3512 remittere,
872 3419 990 3494 adiicit
1020 3421 1135 3494 tamen
1174 3418 1372 3495 clementiae
1407 3441 1566 3514 magnam
1593 3417 1747 3493 beneficii
1775 3417 1906 3492 exhibi-

358 3540 506 3615 tionem:
543 3541 714 3632 frequenti
740 3541 830 3616 enim
863 3544 1032 3637 congesto,
1070 3543 1324 3636 comparatoque
1360 3540 1522 3631 exercitu,
1556 3541 1591 3614 et
1617 3539 1653 3613 in
1679 3539 1780 3614 fidem
1807 3541 1908 3630 atque

359 3662 563 3757 potestatem
590 3661 723 3737 Nicolai
750 3662 895 3757 palatini
923 3661 1148 3738 (lracoviensis
1166 3662 1353 3753 commisso,
1382 3661 1418 3734 in
1436 3660 1595 3735 Ruesiam
1622 3660 1722 3734 illum
1749 3660 1906 3750 destinat,

330 3843 331 3846 ,
358 3784 493 3858 exulem
521 3783 759 3858 Wladimirum
788 3785 823 3858 et
850 3784 978 3878 pridem
1005 3785 1136 3858 hostem
1151 3783 1180 3877 7)
1208 3807 1306 3857 suum
1324 3784 1367 3856 ad
1385 3783 1552 3857 Ducatum
1574 3781 1821 3856 Halicniensem
1839 3803 1907 3855 res·

359 3905 537 3978 tituturus.
593 3905 634 3978 In
672 3905 854 3979 ludibrium
892 3928 932 3980 ea
968 3905 1139 4000 expeditio
1175 3906 1264 4000 apud
1300 3906 1434 3978 exteras
1470 3903 1623 3978 nationes
1658 3905 1854 3978 vertebatur
1868 3903 1905 3997 Β),

360 4049 445 4118 quae
472 4025 681 4119 impossibile
716 4029 896 4102 censebant
931 4027 1181 4102 Pannoniorum
1216 4027 1344 4120 Regem
1380 4026 1499 4100 Belam
1534 4024 1705 4099 etlilium
1740 4025 1812 4099 eius
1838 4024 1909 4098 An·

359 4150 472 4223 dream
500 4170 540 4221 eu
566 4149 769 4241 tempestate
796 4149 908 4238 armis,
939 4149 1085 4240 virisque
1100 4149 1128 4242 9)
1160 4151 1195 4222 et
1222 4147 1311 4223 omni
1346 4169 1457 4222 rerum
1483 4147 1700 4244 abundantia
1726 4149 1908 4242 potentem,

358 4291 401 4345 ox
428 4267 654 4343 Helleniensis
681 4270 830 4344 Ducatus
867 4270 1074 4364 possessione
1102 4293 1121 4342 a
1148 4269 1283 4343 Polonis
1310 4291 1406 4364 posse
1434 4268 1570 4362 depelli.
1616 4269 1681 4342 Sed
1710 4272 1744 4343 et
1771 4270 1910 4344 barones

359 4388 518 4464 Poloniae
554 4412 629 4464 eam
665 4390 914 4484 expeditionem
951 4392 1090 4466 moleste
1125 4392 1290 4480 ferebant,
1329 4390 1522 4480 militesque
1558 4409 1659 4483 aegre
1686 4389 1722 4462 in
1749 4389 1909 4464 militiam

359 4511 465 4601 ibant,
495 4511 647 4585 dolentes
674 4511 821 4584 vicinum
847 4514 882 4586 et
910 4513 1053 4586 amicum
1081 4513 1209 4606 Regem
1238 4511 1379 4606 indigna
1406 4510 1597 4586 hostilitate
1620 4511 1769 4604 percelli,
1797 4515 1833 4586 et
1851 4513 1909 4585 ho-

360 4634 447 4707 stem
474 4631 619 4707 invisum
646 4633 751 4707 amico
787 4657 853 4708 non
890 4635 999 4708 solum
1036 4633 1133 4707 iuxta
1169 4633 1258 4727 poni,
1297 4634 1354 4708 sed
1390 4632 1563 4726 praeferri.
1608 4631 1767 4706 Nicotaus
1795 4633 1911 4724 itaque

360 4753 534 4848 palatinus
561 4754 788 4830 cracoviensis
807 4777 882 4829 cum
902 4757 1101 4830 Polonorum
1130 4755 1291 4845 exercitu,
1321 4753 1522 4830 Wladimiro
1540 4752 1644 4828 etiarn
1670 4755 1773 4828 exule
1799 4775 1910 4829 secum

360 4877 535 4970 praesente
555 4874 609 4970 ¹⁰),
637 4877 679 4950 ad
705 4876 826 4951 Halicu
861 4876 1067 4971 perveniens,
1096 4879 1244 4950 castrum
1280 4875 1420 4966 Helice,
1460 4875 1496 4949 in
1531 4899 1595 4966 quo
1631 4873 1783 4950 Andreas
1820 4875 1911 4950 filius

360 4996 556 5092 Hungariae
591 4997 698 5092 Regis
733 5021 769 5074 se
805 5020 880 5073 cum
916 4997 1090 5093 Hungaris
1128 4999 1358 5074 concluserant
1379 4998 1440 5092 ¹¹),
1479 4996 1650 5105 obsidione
1685 4997 1840 5087 vallavit,
1877 5001 1912 5073 et

469 5187 495 5267 ¹)
518 5194 582 5248 tuto
608 5188 679 5250 C'od.
702 5192 795 5252 Roas.
835 5188 861 5266 ⁹)
884 5191 962 5250 invia
989 5190 1049 5248 Eo.
1072 5190 1165 5249 Βοῦν.
1205 5187 1234 5265 ³)
1257 5191 1287 5248 in
1310 5207 1385 5264 quac
1415 5189 1474 5248 Eo.
1498 5189 1592 5249 Βοῦν.
1632 5185 1660 5270 ⁴)
1683 5189 1829 5249 incideret
1851 5189 1931 5250 Ed.

360 5293 455 5352 Βοῦν.
495 5288 521 5369 ⁵)
544 5293 708 5354 dementiae
740 5295 800 5355 Ed.
823 5295 918 5354 Βοῦν.
957 5290 984 5372 ⁶)
1006 5295 1129 5367 gratiam
1163 5293 1233 5356 Oool.
1257 5295 1349 5354 Roas.
1390 5291 1616 5370 ⁷)praedonem
1641 5294 1814 5367 hostemque
1840 5292 1910 5354 Cori.

360 5398 453 5458 Βοῦν.
492 5394 704 5474 ⁸)habebatnr
727 5399 786 5460 mo.
810 5400 904 5461 Βοῦν.
940 5395 969 5481 ⁰)
992 5399 1161 5480 viribusque
1188 5397 1258 5460 Ood.
1281 5401 1374 5463 Roar.
1410 5396 1450 5478 ¹⁰)
1474 5405 1560 5461 eunte
1587 5397 1658 5462 Occi.
1681 5399 1775 5461 Βονν.
1812 5395 1852 5477 ¹¹)
1867 5399 1910 5457 in-

362 5502 491 5565 cluserat
512 5502 572 5563 Ed.
595 5502 690 5570 Βοῦν,
