4208 6282
387 547 459 618 148
936 495 939 500 ¹
1013 563 1126 615 nunno
1152 563 1306 616 snxrns.
1679 539 1741 633 (Α.
1761 537 1935 638 ibim.)

385 750 584 824 aZdnislao
611 748 798 824 Gnosnensi
825 747 1087 843 archiepiscopo,
1116 749 1303 845 Mpecnslao
1329 749 1422 824 Duce
1448 746 1584 824 Maioris
1610 745 1769 822 Polonica
1795 767 1935 822 consen·

385 871 504 964 tiente,
532 871 751 948 confirmatus
776 871 813 946 et
839 872 1062 946 consecratus.

779 1232 782 1238 ’
849 1228 1057 1342 ANNUS
1092 1228 1317 1342 DOMINI
1354 1229 1486 1342 ilai.
1537 1236 1539 1240 ’
1586 1235 1587 1240 '

439 1469 581 1554 lixornrn
608 1497 689 1552 ncnc
716 1471 943 1553 recordabitur
970 1481 1004 1550 in
1030 1477 1164 1550 i’cionir
1190 1496 1246 1570 prr
1272 1480 1426 1568 lcrrinrr
1446 1474 1629 1551 'occisioni
1655 1474 1757 1552 lariti
1773 1478 1879 1572 i’rprc

489 1593 500 1600 ”
1062 1599 1277 1672 interdicitur.
1591 1595 1594 1603 ’
1858 1598 1861 1605 ’

494 1844 616 1916 Petrus
642 1842 737 1916 tituli
765 1842 908 1916 Sanctae
935 1841 1062 1916 Mariae
1090 1840 1125 1913 iu
1151 1839 1207 1914 nie
1233 1840 1306 1915 lata
1331 1839 1499 1916 Diaconus
1525 1839 1723 1931 (bantineiis,
1760 1841 1943 1936 capuanus

389 1962 578 2057 vulgariter
604 1965 829 2058 nuncupatus,
858 1985 878 2034 a
905 1963 1041 2036 Surumo
1060 1961 1224 2036 Pontifice
1241 1960 1430 2036 Caelestino
1457 1959 1559 2036 tortio
1585 1961 1735 2057 Legatos
1767 1962 1808 2037 ele
1835 1963 1943 2037 latere

391 2085 431 2158 ad
459 2085 704 2159 reformandam
731 2081 907 2160 ecelesiam
934 2077 1128 2157 Polonieam
1154 2081 1356 2172 destinatus,
1384 2081 1478 2158 renit
1504 2081 1690 2157 Polouiam.
1731 2082 1796 2177 Qui
1822 2083 1942 2158 (traco-

391 2203 536 2277 uiensem
565 2202 736 2276 ciuitatem
764 2201 990 2297 ingressurus,
1018 2225 1039 2275 a
1064 2202 1213 2276 Falcone
1238 2200 1447 2278 Graooriensi
1473 2200 1628 2296 episeopo
1654 2204 1690 2276 ot
1714 2201 1865 2276 omnium
1888 2223 1942 2278 cc-

391 2325 569 2399 olesiarum
597 2323 805 2418 processione
836 2345 958 2418 magno
984 2323 1110 2398 honore
1136 2323 1299 2418 exceptus
1320 2322 1344 2416 ¹)
1370 2325 1434 2413 est,
1472 2321 1680 2416 primamque
1706 2322 1943 2419 congregatio·

391 2469 468 2520 nem
495 2445 682 2533 cracoviae,
719 2446 862 2520 alteram
889 2444 924 2518 in
951 2445 1085 2518 hubone
1119 2465 1235 2538 agens
1273 2443 1393 2518 deinde
1420 2443 1457 2518 in
1483 2443 1722 2535 Gnesnensem
1759 2443 1943 2521 Wratislc·

392 2567 551 2656 viensem,
579 2566 851 2656 Posnanionsem,
879 2566 1106 2656 Ploonensem,
1135 2563 1466 2656 wladislaviensem,
1507 2565 1739 2642 ilhelmensem
1766 2567 1803 2640 et
1828 2567 1944 2640 Inubu·

393 2709 555 2778 coensem,
592 2687 737 2763 dioceses
771 2709 807 2762 se
842 2688 1060 2777 transferens,
1097 2684 1132 2760 id
1159 2685 1376 2782 praecipuum
1402 2686 1439 2761 in
1465 2685 1607 2763 ecelesia
1641 2687 1854 2762 reformanda
1879 2685 1945 2762 sibi

393 2831 491 2884 rurae
517 2810 756 2904 assumpserat,
795 2809 963 2903 quaternus
998 2807 1183 2902 presbyteri
1210 2807 1454 2883 amplioribus
1489 2809 1525 2884 et
1551 2807 1743 2884 concubinis
1769 2808 1943 2886 abstinen-

394 2932 435 3006 do
451 2930 490 3026 ²),
519 2930 746 3006 continentem
773 2932 808 3004 et
833 2932 972 3020 eostam,
1001 2932 1037 3004 et
1063 2951 1150 3020 quae
1176 2928 1280 3006 laicos
1297 2928 1473 3005 aedificare
1495 2931 1619 3024 posset,
1649 2930 1809 3006 ducerent
1826 2929 1943 3022 ritam,

394 3075 470 3128 enm
497 3053 612 3147 plures
638 3073 678 3126 sa
704 3052 908 3146 tempestate
934 3051 1122 3126 sacerdotes
1148 3050 1321 3143 uxoribus,
1353 3051 1449 3126 velut
1475 3049 1547 3126 iure
1573 3049 1728 3146 legitimo
1755 3054 1942 3128 uterentur.

398 3173 500 3248 Gaius
527 3195 608 3247 usus
635 3173 860 3266 corruptelam
895 3170 1085 3246 Oardinalis
1112 3170 1185 3267 ipse
1211 3193 1340 3247 summo
1366 3170 1478 3247 studio
1504 3194 1526 3246 a
1551 3171 1711 3248 Poloniea
1741 3171 1942 3262 eliminavit,

394 3293 636 3388 abrogaritque
663 3293 814 3384 ecclesia,
842 3295 877 3369 et
905 3292 1110 3388 presbyteris
1136 3314 1258 3368 uxeres
1284 3292 1433 3388 accipere
1450 3295 1486 3369 et
1503 3295 1618 3369 tenere
1644 3295 1707 3368 sub
1733 3293 1944 3389 gravissimis

395 3416 512 3512 poenis
540 3415 727 3506 interdixit,
757 3414 853 3490 laicis
879 3437 956 3489 vero
983 3436 1183 3506 quacunque
1211 3413 1415 3490 excellentia
1441 3413 1660 3510 pollentibus,
1693 3414 1861 3491 connubia
1886 3437 1946 3490 sna

396 3538 433 3611 in
459 3535 547 3610 facie
574 3535 734 3612 eeclesiae
760 3536 956 3611 contrahere
983 3535 1146 3610 instituit.
1192 3537 1239 3609 Et
1265 3536 1348 3612 haee
1374 3535 1508 3628 quidem
1533 3529 1680 3609 salubris
1711 3535 1857 3630 praelati
1883 3537 1944 3610 Po-

396 3658 441 3731 tri
468 3655 657 3731 cardinalis
691 3655 889 3732 constitutio
924 3655 1025 3732 facile
1060 3657 1308 3731 aPolouorum
1344 3656 1432 3731 clero
1465 3657 1502 3732 et
1527 3657 1570 3730 ab
1596 3655 1766 3730 uniuersa.
1789 3655 1947 3732 Polonica

396 3775 537 3853 eeclesia
562 3779 712 3872 accepta,
740 3779 776 3853 et
801 3777 959 3852 accurata
985 3775 1168 3872 diligentia
1199 3776 1378 3868 custodita,
1415 3778 1614 3869 servataque
1639 3777 1713 3865 est;
1742 3797 1763 3850 a
1788 3775 1947 3852 Bohemie

396 3902 523 3988 minen,
551 3899 706 3990 cleroque
733 3897 927 3989 Bohemico,
952 3897 1042 3992 apud
1074 3917 1157 3988 quos
1183 3896 1372 3971 onroinaiis
1399 3895 1471 3990 ipse
1498 3895 1680 3992 legationis
1705 3895 1812 3972 etium
1837 3895 1948 3972 officio

398 4017 614 4113 fungebatur,
633 4017 710 4094 'non
736 4019 845 4094 solum
872 4019 1062 4113 repudiata,
1089 4018 1148 4092 sed
1166 4039 1285 4112 parum
1304 4015 1426 4109 abfuit,
1454 4017 1539 4108 quin
1565 4015 1753 4092 cardinalis
1779 4017 1853 4114 ipse
1871 4039 1947 4094 oon·

399 4139 610 4215 stitutionem
637 4141 756 4234 ipsam,
786 4139 918 4215 ordines
945 4139 981 4213 in
1008 4141 1156 4214 Sabbato
1175 4138 1338 4214 Sitiontes
1353 4135 1382 4233 ³)
1409 4139 1649 4228 celebraturus,
1678 4139 1900 4235 promulgans
1915 4139 1950 4215 et
2060 4139 2062 4142 ’

399 4262 611 4356 presbyteros
638 4261 679 4334 ad
706 4259 876 4335 eastitatis
911 4263 1026 4335 retum
1061 4260 1277 4354 compellens,
1315 4258 1510 4334 violaretur.
1556 4260 1598 4334 In
1625 4258 1721 4334 cuius
1752 4259 1950 4336 occisionem

399 4380 572 4457 Bohemioi
599 4381 787 4456 sacerdotes
813 4380 962 4476 grassari
989 4382 1120 4476 Pragae
1147 4381 1336 4474 coeperant,
1365 4379 1433 4453 nisi
1453 4379 1590 4455 illorum
1617 4379 1785 4474 improbos
1812 4383 1951 4458 conatus

400 4501 575 4596 episeopus
601 4502 783 4597 Pragensis
809 4501 988 4591 Heminae,
1016 4501 1167 4576 ducalem
1194 4503 1277 4575 tunc
1303 4499 1458 4576 obtinens
1483 4499 1520 4574 in
1547 4499 1709 4576 Bohemia
1735 4503 1950 4596 potestatem,

401 4622 632 4717 oppressisset.
679 4623 754 4697 Non
781 4623 890 4698 solum
917 4625 1030 4698 eutem
1058 4621 1095 4696 in
1120 4620 1186 4711 his,
1224 4621 1282 4695 sed
1308 4622 1344 4696 ot
1370 4620 1405 4694 in
1431 4622 1587 4715 pluribus
1613 4621 1692 4696 aliis
1719 4621 1911 4697 Gardinnlis
1924 4621 1952 4714 ⁴)

359 4723 362 4730 ’
401 4743 593 4837 praedictus
619 4741 812 4818 Polonieam
849 4742 1036 4834 eeclesiam,
1073 4739 1289 4837 pontificibus
1316 4743 1352 4816 et
1378 4741 1466 4818 clero
1493 4743 1669 4818 beneroles
1696 4763 1733 4816 se
1759 4741 1949 4836 praebenti·

401 4865 475 4954 bus,
504 4865 547 4938 ad
573 4863 712 4959 singula
738 4864 945 4940 reformarit.

511 5140 536 5222 1)
559 5149 713 5217 susceptus
739 5141 810 5204 Cori.
832 5143 925 5203 Rorr.
963 5137 1194 5218 ⁹)absbnentes
1217 5141 1277 5200 Ed.
1300 5141 1394 5201 Dolor.
1434 5137 1461 5218 ³)
1484 5139 1517 5200 id
1539 5143 1591 5214 ert,
1617 5140 1744 5204 Sabbata
1766 5143 1838 5202 colo
1859 5139 1951 5202 dorni·

402 5247 505 5307 nicam
528 5248 695 5311 Passionis.
735 5243 761 5328 ⁴)
785 5247 951 5309 cardinalis
973 5247 1037 5325 ipse
1064 5243 1135 5312 soc.
1157 5245 1251 5310 Rern.
