4140 6298
370 523 444 598 286
972 545 1084 596 uranu
1111 545 1305 600 sururnrus.
1644 522 1706 617 (Α.
1727 522 1775 600 D.
1794 523 1917 624 1242.)

368 732 404 808 et
430 753 625 828 expugnare
651 731 774 826 eoepit.
820 731 886 806 Sed
912 732 1067 808 Clemens
1103 731 1278 827 palatinus
1314 732 1431 810 videns
1468 733 1595 810 sibiet
1622 733 1694 810 suis
1729 733 1919 830 perieulum

369 853 545 929 imminere
585 855 621 930 et
646 854 780 928 nullum
807 853 976 928 auxilium
1011 853 1163 930 Boleslai
1194 855 1288 930 dolui
1314 877 1510 950 superesse,
1548 856 1858 934 reconsiliationem
1884 859 1921 932 et

368 973 516 1072 gratiam
542 974 615 1050 eius
642 974 765 1070 petiuit
792 977 827 1050 et
853 975 1012 1068 obtinuit,
1042 978 1078 1052 ot
1105 977 1215 1052 rastro
1237 977 1260 1072 ¹)
1286 978 1393 1052 Slala
1419 977 1451 1052 ei
1477 978 1616 1071 tradito,
1649 978 1723 1054 eius
1749 1001 1786 1056 se
1812 978 1918 1054 domi-

369 1098 425 1173 nio
452 1097 607 1172 subierit.
643 1097 714 1193 Quo
741 1097 867 1172 tradito
894 1100 930 1173 et
955 1119 1125 1191 suooonso,
1154 1100 1189 1175 et
1216 1099 1366 1174 omnium
1392 1099 1543 1175 militum
1569 1091 1838 1177 Oraooriensium'
1865 1123 1919 1178 so·

369 1219 494 1296 dietate
520 1219 564 1294 ad
590 1219 643 1294 sui
670 1218 833 1296 ditionem
868 1219 933 1296 fide
970 1220 1218 1296 interveniente
1253 1222 1403 1297 adunata
1416 1221 1456 1316 ²),
1495 1224 1644 1298 oestrum
1679 1222 1716 1298 in
1748 1223 1918 1316 draeouia,

370 1343 456 1436 quod
485 1341 574 1418 idem
601 1342 776 1417 Gunradus
804 1343 967 1433 erexerat,
1005 1341 1160 1418 funditus
1187 1344 1240 1418 est
1266 1342 1455 1420 disiectum.
1501 1344 1708 1437 Talibusque
1734 1348 1834 1422 rebus
1861 1367 1921 1441 ge·

370 1464 435 1540 stis
461 1466 496 1541 et
524 1464 717 1540 huiusmodi
744 1464 859 1540 ordine
887 1465 1093 1560 compositis,
1123 1467 1158 1540 et
1185 1465 1444 1560 magistratibus
1470 1468 1573 1560 atque
1599 1467 1771 1544 benefieiis
1797 1469 1835 1542 in
1856 1467 1920 1542 mi-

370 1585 451 1663 lites
477 1585 682 1680 distributis,
711 1587 902 1663 interram
929 1609 1025 1662 suam
1053 1610 1206 1664 reuersus
1233 1609 1293 1684 per
1320 1610 1446 1662 annum
1474 1588 1510 1664 in
1537 1611 1618 1684 pare
1645 1589 1786 1683 quierit.

370 1955 395 2029 l
420 1957 571 2031 boleslao
598 1957 696 2032 baleo
724 1957 825 2030 etiem
851 1956 950 2030 nator
976 1955 1110 2030 Polonia
1137 1955 1265 2050 deloit;
1301 1955 1393 2029 ouius
1429 1955 1611 2030 detentione
1645 1903 1817 2031 tolerinus
1843 1957 1924 2030 nilil

371 2079 521 2169 odansue,
550 2080 745 2154 alllnitatem
773 2079 873 2154 etiam
901 2097 974 2173 oum
1001 2079 1079 2152 lliia
1107 2078 1235 2150 ottonis
1263 2078 1378 2168 iunxit,
1404 2078 1460 2154 nni
1487 2078 1617 2152 illorum
1644 2095 1754 2152 sorore
1772 2097 1834 2154 sna
1853 2079 1924 2153 eler-

1072 2203 1222 2292 pensata

476 2441 542 2518 Sed
569 2463 630 2518 neo
657 2439 693 2516 in
719 2439 861 2516 Maioris
888 2439 1046 2517 Poloniae
1073 2441 1108 2517 et
1135 2440 1264 2518 Slesiae
1290 2440 1392 2516 terris
1418 2461 1472 2516 res
1499 2439 1635 2533 quietae
1654 2442 1763 2535 arant,
1791 2443 1833 2518 ob
1851 2463 1950 2544 sao·¹

371 2563 493 2642 vitiam
519 2563 669 2641 Boleslai
696 2563 802 2656 dalei,
840 2563 905 2638 filii
931 2563 1071 2640 Henrioi
1102 2563 1204 2640 oooisi
1231 2587 1251 2638 a
1277 2563 1455 2638 Thartaris
1489 2562 1719 2659 primogeniti,
1756 2564 1925 2640 militibus

374 2687 411 2762 in
439 2685 662 2763 defectionem
688 2687 724 2762 ot
750 2685 967 2762 rebellionem
994 2685 1110 2761 uersis.
1156 2683 1356 2778 Reliquerat
1391 2684 1558 2778 siquidem
1591 2685 1760 2762 Henrious
1786 2686 1925 2762 llaioris

371 2807 533 2886 Poloniae
559 2810 595 2886 et
620 2807 915 2886 Wratislariensis
941 2809 1021 2884 Dux
1047 2829 1068 2884 a
1094 2807 1270 2884 Thartaris
1301 2806 1428 2884 oooisus
1454 2808 1600 2901 quatuor
1625 2807 1726 2900 filios,
1763 2807 1926 2886 videlieet

372 2931 580 3024 Boleslaum,
608 2929 804 3024 Henrioum,
838 2929 1031 3006 Gunradum
1057 2931 1092 3006 et
1117 2928 1359 3022 Wladislaum,
1386 2931 1422 3005 et
1448 2928 1597 3024 quinque
1623 2927 1725 3020 filias,
1753 2928 1924 3022 videlieet,

372 3052 567 3150 Hadrigin,
596 3051 778 3149 agnetem,
816 3051 1061 3145 Constantiam,
1097 3051 1277 3128 Elisabeth
1304 3053 1339 3128 et
1365 3050 1572 3144 bertrudim
1604 3074 1649 3126 ex
1674 3051 1791 3128 eadem
1818 3052 1927 3128 matre

372 3174 484 3268 Anna,
522 3173 679 3252 uidelicet
714 3173 788 3250 filia
823 3173 1024 3251 Praemislai
1059 3173 1147 3250 alios
1182 3173 1347 3250 Otholrari
1381 3173 1564 3250 Bohemiae
1599 3173 1707 3271 Regis
1738 3174 1924 3270 susceptos,

374 3295 602 3392 oooisioneque
629 3295 738 3393 patris
763 3295 904 3372 Henrioi
932 3297 1022 3392 apud
1048 3294 1196 3393 Logniou
1223 3297 1348 3389 serata,
1377 3295 1442 3370 duo
1469 3297 1553 3371 natu
1580 3294 1726 3372 minores
1752 3295 1928 3372 Ounradus

375 3423 411 3496 et
436 3419 661 3512 Wladislaus,
689 3421 891 3514 procurante
918 3418 1048 3514 optima
1075 3419 1110 3494 et
1136 3418 1254 3495 solerti
1281 3440 1395 3494 eorum
1422 3417 1500 3494 aria
1511 3415 1540 3512 ³)
1565 3419 1666 3494 beata
1691 3418 1854 3514 Heduigi,
1882 3416 1926 3492 li·

374 3541 457 3618 teris
484 3542 574 3638 apud
607 3540 754 3616 Parisios
770 3540 798 3636 ⁴)
834 3563 970 3637 operam
1005 3541 1143 3634 dabant,
1180 3541 1357 3618 Boleslaus
1393 3543 1428 3616 et
1463 3540 1632 3618 Henrious
1668 3542 1752 3616 natu
1785 3541 1927 3617 maiores

374 3663 536 3740 militiam
562 3665 722 3760 agebant.
750 3664 876 3740 Verum
902 3685 978 3740 eum
1004 3663 1183 3738 Boleslaus
1210 3663 1332 3738 Gallus
1358 3663 1509 3756 vooatur,
1547 3662 1713 3758 plurimas
1739 3664 1775 3740 et
1802 3661 1927 3742 intole-

374 3786 501 3862 rabiles
528 3785 761 3881 oppressiones
781 3785 816 3861 in
835 3785 1002 3862 militares
1029 3786 1065 3860 et
1091 3784 1245 3860 subditos
1270 3783 1408 3860 Maioris
1434 3783 1594 3861 Poloniae
1614 3788 1743 3881 ageret,
1772 3787 1809 3862 et
1826 3807 1927 3878 quos-

375 3907 460 3985 libet
494 3907 693 3984 Teutonioos
728 3910 764 3983 et
800 3909 948 3984 aduenas
980 3909 1278 4002 qnantumounque
1313 3927 1479 4002 pannosos
1513 3909 1550 3982 et
1584 3906 1688 4000 viles,
1725 3908 1928 3984 Polonorum

377 4029 599 4126 optimatibus
626 4030 836 4130 praeferret:¹
859 4032 1013 4122 barones,
1042 4029 1171 4106 milites
1198 4031 1233 4105 et
1259 4028 1390 4118 nobiles
1415 4027 1554 4104 Maioris
1580 4009 1739 4106 Poloniae
1766 4029 1927 4122 universi,

376 4155 412 4229 et
429 4152 606 4248 signanter
623 4150 825 4248 Bogurnilus
853 4152 1084 4248 Dirsaiorapus
1104 4151 1278 4246 palatinus
1297 4150 1546 4244 Posnaniensis,
1575 4151 1749 4228 Ooonudus
1763 4152 1793 4248 ⁵)
1819 4151 1928 4230 sna-

377 4273 504 4365 nensis,
533 4274 680 4349 Thomas
699 4272 936 4350 Posnanioneis
962 4273 1152 4366 castellani,
1180 4272 1423 4367 Demaratus&
1450 4272 1553 4350 iudex
1579 4273 1829 4367 Posnaniensis,
1858 4273 1929 4350 eius

377 4377 613 4491 Prinoipatum
641 4398 676 4470 et
703 4394 888 4471 dominium
915 4418 1052 4472 eaerum
1079 4395 1277 4489 quidemst
1305 4395 1449 4488 crudele,
1478 4397 1513 4472 et
1539 4396 1628 4488 quod
1653 4417 1689 4473 se
1716 4398 1759 4472 ab
1785 4419 1824 4473 eo
1852 4418 1929 4472 oon·

377 4519 546 4612 temptum
573 4518 608 4593 et
634 4515 671 4592 in
697 4515 949 4613 largitionibus,
980 4516 1218 4593 donationibus
1244 4519 1280 4594 et
1302 4515 1565 4612 magistratuum
1591 4520 1695 4611 atque
1720 4517 1930 4614 dignitatum

378 4635 676 4714 distributionibus
702 4639 896 4735 negleotum
922 4637 976 4730 iri,
1006 4659 1081 4714 oum
1107 4640 1223 4714 tamen
1250 4637 1287 4713 in
1312 4638 1475 4716 Almanos
1501 4641 1627 4715 offusus
1655 4641 1690 4716 et
1707 4637 1862 4716 liberalis
1879 4641 1928 4714 l·

378 4763 442 4855 ret,
472 4761 686 4838 adsumerent
701 4761 741 4856 ⁷),
771 4760 929 4856 pertaesi,
958 4762 1124 4838 eonventu
1155 4761 1246 4856 apud
1271 4760 1475 4837 Posnaniam
1501 4760 1629 4852 habito,
1658 4763 1701 4838 ad
1726 4761 1929 4838 Praemisla·

379 4907 437 4960 um
463 4886 498 4962 et
524 4883 719 4960 Boleslaum
745 4883 867 4974 Duoes,
902 4882 992 4958 filios
1020 4881 1203 4960 Wladislai
1230 4883 1384 4977 ottonis,
1422 4883 1573 4960 dominos
1604 4905 1682 4960 suos
1709 4886 1745 4960 et
1770 4883 1930 4961 haeredes

378 5007 564 5098 uabnales,
592 5004 630 5079 in
657 5004 767 5081 rastro
802 5002 912 5082 Usone
927 5005 966 5101 l),
1004 5006 1093 5098 quod
1128 5005 1265 5084 unioum
1298 5004 1370 5080 illis
1397 5006 1548 5082 restabat
1582 5006 1710 5099 (Nakel
1746 5005 1837 5082 enim
1872 5027 1929 5102 per

489 5299 635 5382 ¹)oaatm
657 5301 735 5365 deest
756 5303 793 5363 ba
818 5299 887 5365 Ood.
910 5299 984 5364 Aut.
1024 5299 1053 5382 ²)
1076 5301 1214 5364 adlevata
1240 5303 1298 5365 Ed.
1321 5301 1410 5381 urps.
1450 5299 1480 5383 ³)
1503 5319 1558 5365 ava
1583 5299 1654 5366 (lod.
1678 5299 1751 5364 Aut.
1790 5297 1818 5381 ⁴)
1840 5301 1930 5364 Peru·

382 5409 442 5470 sios
468 5404 540 5471 eoa.
562 5407 656 5470 Rorr.
690 5402 718 5487 ⁶)
742 5405 893 5468 Secundus
922 5403 993 5470 Ood.
1017 5406 1110 5472 Roas.
1143 5403 1388 5486 ⁸)Domorathus
1415 5403 1602 5483 God.1dorr.
1635 5405 1839 5498 ⁷)eernebant
1859 5404 1928 5474 coo.

383 5512 477 5576 Roas.
517 5508 545 5597 ⁸)
567 5511 674 5581 Urozie
700 5505 772 5576 God.
794 5512 889 5586 Rorr,
