4162 6288
404 509 486 584 ’360
1012 529 1124 584 avana
1150 529 1344 584 anonvmus.
1691 510 1752 604 (Α.
1773 510 1819 586 D.
1838 511 1959 606 1257.)

410 738 484 792 reos
509 715 699 791 vehementi
727 714 917 810 suspicione
945 717 1114 811 argueret.
1160 715 1257 790 Nihil
1285 716 1401 810 itaque
1429 716 1562 808 mirum,
1600 717 1630 792 si
1658 717 1869 812 providentia
1903 719 1955 794 di-

410 838 488 912 vina
514 837 680 913 ulciscens
707 838 834 912 scelera
869 839 1003 931 patrum
1032 837 1068 911 in
1096 839 1231 913 tertiam
1259 841 1294 913 et
1320 839 1475 932 quartam
1503 839 1746 934 generationes,
1780 840 1957 934 Principes

410 959 550 1050 Sisciae,
579 959 692 1033 idest
720 958 832 1053 Regni
860 958 1018 1034 Poloniae
1045 959 1221 1051 hesiodea,
1258 982 1301 1034 ex
1328 959 1453 1034 lumbis
1488 963 1523 1036 ct
1558 959 1665 1056 stirpe
1696 961 1829 1056 Regum
1856 962 1955 1036 Polo-

409 1081 486 1156 niae
512 1081 739 1175 procedenteS,
777 1080 817 1154 de
844 1080 962 1175 Regno
998 1079 1071 1175 ipso
1106 1082 1187 1156 fecit
1221 1083 1384 1172 extorres,
1423 1080 1481 1174 qui
1507 1103 1543 1156 se
1569 1081 1672 1156 variis
1699 1083 1892 1173 sceleribus,
1922 1085 1957 1156 et

410 1201 609 1297 praesertim
645 1201 742 1276 caede
769 1204 804 1275 et
830 1201 1030 1296 captivitate
1056 1223 1095 1276 ac
1120 1201 1286 1296 sanguine
1324 1202 1519 1296 pontificum
1554 1205 1589 1278 et
1615 1205 1837 1295 sacerdotum,
1865 1203 1955 1279 deci-

410 1345 606 1414 marumque
641 1322 859 1416 usurpatione
900 1322 1177 1416 inquinaverant,
1219 1325 1254 1398 et
1289 1323 1498 1419 alienigenas
1537 1323 1684 1400 eiusdem
1724 1324 1837 1420 Regni
1874 1323 1957 1400 fecit

410 1445 580 1520 haeredes.

514 1564 656 1640 Recenti
683 1565 818 1658 scelere,
847 1587 912 1658 quo
939 1564 974 1640 in
1002 1565 1152 1640 Christos
1179 1565 1324 1658 Domini,
1353 1567 1516 1640 Thomam
1541 1566 1743 1661 episcopum,
1772 1566 1956 1661 Bogupha-

411 1689 481 1762 lum
510 1686 738 1782 praepositum
779 1687 814 1761 et
840 1687 1048 1762 Heccardum
1080 1687 1286 1779 canonicum,
1323 1687 1633 1780 Wratislaviensea,
1670 1689 1847 1762 Boloslaus
1874 1689 1955 1762 Sae-

410 1831 473 1885 vus
499 1807 736 1903 Legnicnonsis
771 1809 851 1882 Dux
876 1808 1057 1902 sacrilegas
1085 1831 1205 1884 manus
1232 1808 1397 1898 iniiciens
1425 1831 1507 1882 usus
1533 1810 1655 1900 fuerat,
1683 1809 1777 1884 aliud
1803 1809 1955 1884 adiectu-

410 1952 480 2020 ωε,
508 1951 706 2024 germanum
741 1951 838 2002 suvun
874 1929 1064 2003 Gunradum
1092 1930 1350 2025 Glogoviensem
1377 1931 1514 2021 Ducem,
1544 1931 1585 2004 ad
1612 1951 1647 2002 se
1674 1929 1709 2002 in
1736 1929 1952 2024 Ingnium,

409 2053 509 2127 verbo
537 2051 671 2141 quidem
698 2051 737 2124 ut
764 2072 876 2126 secum
908 2051 1110 2143 conveniret,
1147 2074 1183 2126 re
1209 2053 1323 2126 autem
1351 2053 1390 2125 ut
1416 2054 1552 2145 captum
1579 2051 1712 2125 Duoctu
1738 2048 1956 2144 Glogoviensi

410 2174 560 2262 exueret,
590 2170 726 2246 invitat.
772 2169 835 2264 Qui
864 2171 930 2245 etsi
956 2193 977 2244 a
1002 2171 1176 2246 nonnullis
1202 2171 1349 2246 Boloslai
1377 2172 1485 2246 Saevi*
1502 2171 1709 2247 satellitibus
1735 2172 1858 2246 certior
1883 2172 1954 2244 fac·

410 2295 477 2384 tus,
506 2293 676 2385 adquam
704 2290 885 2365 iucundum
916 2293 950 2366 ot
978 2292 1115 2386 opipare
1142 2292 1329 2368 convivium
1357 2295 1543 2384 vocaretur,
1571 2292 1685 2366 venire
1703 2292 1953 2386 repromittens,

411 2415 525 2507 plures
552 2435 611 2507 pro
629 2434 768 2486 numero
796 2434 947 2506 proceres
972 2416 1008 2488 ot
1034 2413 1162 2487 milites
1183 2413 1206 2506 ¹)
1234 2435 1345 2487 secum
1372 2413 1407 2486 in
1434 2413 1635 2508 Legnicaam
1662 2413 1772 2488 iturus
1798 2412 1953 2488 muniit.

410 2534 556 2628 Quorum
583 2533 701 2608 maiori
736 2536 833 2628 parte
866 2533 902 2607 in
929 2534 1016 2608 silva
1049 2533 1269 2628 Legniczensi
1305 2534 1426 2627 oppido
1462 2533 1574 2608 vicina
1608 2535 1739 2625 relicta,
1777 2534 1850 2628 ipse
1875 2555 1953 2608 cum

410 2654 570 2748 expedita
596 2654 749 2746 aliorum,
786 2654 906 2748 quibus
934 2655 1073 2730 insidias
1109 2655 1173 2730 sibi
1200 2679 1222 2729 a
1248 2655 1405 2730 Bolosloo
1432 2655 1536 2730 Saevo
1562 2657 1709 2730 structas
1736 2657 1952 2749 patefecerat,

410 2779 446 2850 et
472 2776 554 2866 quid
580 2775 659 2849 illos
686 2797 785 2871 agere
811 2777 926 2866 vellet,
963 2777 1185 2868 instruxerat,
1218 2798 1320 2852 manu
1346 2777 1382 2850 in
1410 2776 1610 2872 Legnioaam
1638 2776 1809 2872 pervenit;
1837 2799 1858 2852 a
1884 2777 1953 2850 Bo·

410 2897 516 2972 leslao
542 2919 673 2990 quoque
700 2898 804 2972 Saevo
830 2896 1015 2990 benignum
1051 2898 1301 2973 demonstrante
1332 2899 1476 2990 vultum,
1502 2900 1675 2992 exceptus
1701 2901 1737 2974 ct
1763 2898 1799 2972 in
1824 2897 1952 2991 legni-

408 3039 527 3094 caonso
553 3019 702 3092 castrum
728 3019 929 3111 perductus,
958 3018 1074 3092 videns
1109 3018 1307 3094 Teutonicos
1334 3019 1481 3094 Boleslai
1508 3019 1604 3094 Saevi
1632 3019 1759 3094 milites
1785 3021 1894 3094 turres
1918 3021 1954 3092 et

410 3160 563 3230 quaeque
598 3138 771 3233 superiora
806 3139 936 3214 moenia
971 3142 1006 3213 et
1041 3140 1215 3215 cacumina
1250 3161 1440 3234 occupasse,
1477 3140 1609 3214 facinus
1640 3140 1676 3213 in
1703 3161 1739 3214 se
1766 3162 1825 3234 per
1850 3139 1951 3214 Bole-

410 3261 520 3334 slaum
548 3260 690 3336 Saevum
717 3260 996 3336 cominittendum
1031 3260 1208 3355 anticipat,
1236 3263 1271 3336 et
1297 3263 1493 3336 Boloslaum
1528 3262 1671 3336 Saevum
1706 3264 1887 3352 anteqmm
1916 3260 1951 3332 in

409 3380 729 3476 supernatando,
766 3381 824 3456 ubi
859 3382 935 3476 capi
971 3382 1144 3456 cunradus
1180 3383 1351 3473 debuerat,
1389 3404 1556 3474 ascensus,
1594 3381 1745 3476 captivat
1779 3385 1815 3457 et
1851 3383 1952 3455 extra

410 3503 542 3596 portam
569 3502 683 3593 castri,
721 3504 902 3595 antequam
930 3503 1057 3578 milites
1083 3503 1232 3578 Boloslai
1257 3525 1301 3578 ex
1328 3504 1483 3598 supernis
1510 3507 1646 3598 possent
1680 3504 1862 3594 decurrere,
1891 3503 1949 3578 de·

409 3623 558 3714 ductum,
597 3624 640 3698 ad
666 3645 721 3698 eos
748 3624 807 3715 qui
834 3647 870 3699 se
897 3624 932 3697 in
961 3625 1048 3700 silva
1083 3624 1329 3718 operiebantur,
1368 3625 1533 3700 militibus
1568 3625 1717 3700 Boloslai
1752 3624 1847 3715 sequi
1883 3646 1951 3698 non

410 3744 622 3834 cudentibus,
659 3746 881 3838 transportat,
919 3747 954 3820 et
980 3747 1022 3820 ab
1049 3745 1127 3819 inde
1153 3745 1252 3818 illum
1279 3747 1371 3820 lento
1399 3767 1500 3838 passu
1527 3746 1563 3819 in
1590 3745 1789 3840 Glogoviam
1817 3744 1951 3818 deducit

409 3868 445 3938 et
471 3868 583 3940 arctae
609 3865 777 3940 custodiae
805 3866 988 3959 mancipat,
1026 3888 1085 3940 noc
1112 3867 1207 3959 prius
1234 3866 1373 3956 dimisit,
1402 3867 1505 3942 donec
1531 3890 1663 3942 omnem
1690 3867 1864 3961 pecuniam
1891 3887 1951 3960 per

408 3985 570 4060 Thomam
597 3985 788 4080 episcopum
815 3985 1128 4062 Wratislaviensem
1164 3989 1279 4062 datam
1313 3991 1349 4062 et
1376 3988 1538 4079 dandam,
1576 3991 1618 4063 ab
1648 4011 1697 4080 eo,
1734 3988 1949 4082 praedantem

408 4109 598 4200 praedatus,
625 4107 790 4202 exigeret.

434 4469 612 4546 alaxander
638 4470 724 4564 Papa
750 4472 792 4546 ot
819 4471 1039 4547 daancioncn
1071 4475 1215 4567 episcopi
1241 4475 1518 4550 wratislaviensis
1546 4475 1723 4550 emelotam
1750 4478 1857 4551 nictit
1883 4477 1924 4548 ad

735 4594 936 4668 domantem
964 4601 999 4669 ct
1024 4597 1188 4669 Polonian
1215 4616 1272 4688 pro
1300 4599 1391 4670 illins
1418 4599 1618 4672 liberatione.

511 4835 724 4910 Prandothae
751 4835 976 4911 cracoviensis
999 4839 1033 4914 et
1050 4839 1221 4916 Wolimiri
1235 4823 1542 4933 wladislaviensis,
1571 4840 1810 4936 episcoporum,
1840 4841 1948 4917 literis

407 4953 601 5031 Alexander
627 4959 720 5052 Papa
746 4960 889 5048 quartus
915 4959 1037 5034 certior
1063 4961 1185 5053 factus,
1215 4962 1409 5036 Boloslaum
1437 4963 1579 5038 Saevum
1600 4964 1861 5058 Legnicaonsem
1879 4966 1947 5038 Du-

407 5098 478 5150 cem
505 5081 540 5151 et
567 5077 695 5152 monita
732 5079 915 5173 apostolica
948 5082 1155 5176 contemptui
1182 5083 1217 5155 et
1242 5104 1399 5157 censuras
1426 5085 1469 5158 ab
1495 5084 1544 5160 eis
1571 5085 1770 5161 tulminatas
1805 5086 1947 5160 ludibrio

405 5197 575 5290 habuisse,
612 5221 719 5293 neque
755 5201 916 5276 Thomam
954 5202 1146 5298 episcopum
1174 5203 1489 5281 wratislaviensem
1521 5208 1556 5280 et
1588 5207 1824 5302 Boguphalum
1852 5229 1945 5302 prae·

513 5441 537 5524 ¹)
560 5462 697 5520 proceres
720 5452 751 5506 et
772 5446 879 5506 milites
902 5445 980 5507 deest
1000 5447 1036 5506 in
1063 5445 1132 5507 Ood.
1156 5445 1228 5508 acc.
1269 5445 1295 5524 ⁹)
1318 5447 1356 5508 ad
1378 5466 1504 5524 superna
1526 5450 1639 5510 veniret
1661 5450 1721 5510 Ed.
1744 5446 1831 5527 Lipa.
