4162 6288
160 559 225 653 (Α.
245 559 293 635 D.
314 560 430 654 1257.)
772 582 884 634 usna
911 581 1105 636 sursulus.
1633 567 1707 642 365

160 768 218 843 die
245 767 418 844 duodecim
445 789 630 863 pauperum
657 768 786 844 ablutis
812 771 848 844 et
873 769 1078 845 deosculatis
1105 769 1255 865 pedibus,
1283 769 1468 863 quemlibet
1495 794 1579 848 novo
1598 795 1709 867 pauno

161 889 344 967 vestiebat.
388 889 500 965 Media
527 892 634 981 nocta
673 891 760 983 quod
788 890 843 964 illi
869 889 1083 966 cerimoniale
1102 891 1176 988 'iam
1203 894 1239 966 et
1265 891 1361 983 quusi
1392 914 1435 968 ex
1461 891 1567 968 debiti
1594 914 1710 968 neces-

159 1011 267 1087 sitate
293 1010 624 1086 consuetudinarium
652 1011 781 1085 iactum
808 1013 931 1102 fuerat,
969 1013 1047 1086 dum
1074 1034 1095 1086 a
1121 1012 1348 1088 familiaribus
1374 1013 1543 1106 quiescere
1571 1016 1709 1108 putare·

159 1133 231 1224 tur,
259 1153 474 1227 consurgens,
512 1152 646 1206 cursum
672 1132 830 1207 horarum
856 1131 1009 1228 Virginis
1039 1132 1226 1228 gloriosae,
1263 1133 1386 1224 quibus
1421 1133 1528 1208 finitis
1560 1135 1710 1228 psalmos

159 1253 297 1347 aliquos
323 1255 358 1328 et
384 1250 552 1328 orationes
579 1273 665 1344 quas
692 1251 865 1344 didicerat,
894 1253 1119 1347 depromebat.
1160 1253 1312 1328 Contulit
1338 1253 1497 1329 ecclesiae
1523 1253 1711 1330 Gnesuensi

159 1375 284 1448 uillam
310 1373 490 1464 Grimelin,
519 1373 738 1449 Posnaniensi
765 1375 854 1464 Bur,
883 1377 1017 1468 praeter
1043 1374 1227 1466 libertates,
1248 1375 1369 1468 quibua
1395 1377 1584 1468 utramque,
1612 1378 1709 1452 baro·

159 1495 264 1570 uibus
290 1495 321 1570 ei
347 1493 614 1586 aduersantibus,
653 1494 787 1589 magnis
813 1494 1059 1590 praerogativis
1086 1496 1268 1570 extulerat.
1313 1495 1462 1590 Quatnor
1488 1519 1531 1572 ex
1558 1500 1711 1574 consorte

160 1637 227 1690 sua
251 1615 429 1692 Elisabeth
456 1615 557 1706 illias,
586 1615 743 1691 uidelicet
765 1615 1008 1706 Constantium,
1038 1615 1247 1707 Veronicam,
1276 1617 1409 1691 Offlam
1435 1620 1470 1692 et
1496 1618 1712 1694 Eufrosinam

160 1736 316 1828 reliquit.
361 1738 412 1811 Ea
438 1739 553 1811 umen
579 1757 715 1811 consors
742 1757 805 1812 sua
831 1736 1019 1828 Elisabeth,
1050 1737 1129 1810 dum
1156 1737 1192 1811 in
1220 1739 1326 1813 morte
1352 1735 1415 1812 uiri
1442 1738 1584 1832 grauida
1610 1740 1710 1830 esset,

160 1857 274 1932 lilium
300 1857 518 1953 posthumum
550 1857 587 1932 in
619 1856 673 1933 die
708 1857 824 1933 Sancti
860 1857 1007 1949 Galixti,
1043 1858 1097 1933 cui
1134 1858 1168 1932 iu
1204 1857 1314 1953 patris
1349 1859 1550 1935 charitatem
1578 1862 1614 1936 et
1640 1883 1709 1937 mc-

162 1978 305 2054 moriam
331 1979 554 2074 Bogupbalus
581 1978 820 2054 Posnaniensis
851 1979 1027 2074 episcopus
1054 1978 1088 2054 in
1116 1979 1320 2074 baptismate
1337 1980 1361 2074 ¹)
1386 2003 1507 2056 nomeu
1534 1984 1712 2076 paternum

163 2099 328 2174 nomm
343 2079 390 2193 ²)'
411 2098 597 2189 rauscerat,
639 2100 793 2176 aaaron
829 2100 974 2176 superna
1009 2101 1049 2176 ue
1085 2099 1177 2175 virili
1213 2101 1306 2195 prou
1341 2123 1465 2196 muna
1500 2102 1710 2179 iucunditate

163 2219 354 2310 ouantibus,
382 2221 512 2296 effudit.
540 2222 641 2297 Hunc
668 2221 857 2316 Principem
884 2223 1039 2298 Bascbko
1066 2224 1178 2297 custos
1201 2221 1439 2297 Posnaniensis
1460 2221 1496 2297 iu
1515 2222 1586 2297 suis
1604 2223 1709 2318 scrip·

162 2340 211 2416 tis
237 2343 274 2415 et
300 2339 491 2416 Annalibus
518 2341 667 2435 plurima
692 2342 792 2418 laude
819 2344 977 2418 celebrat.

267 2461 381 2537 Pridie
406 2461 571 2537 Galeudas
597 2463 772 2567 Februarii
799 2462 975 2538 cracoviae
994 2466 1029 2538 et
1047 2464 1082 2536 in
1101 2462 1267 2538 uniuersis
1284 2464 1484 2538 Polouorum
1511 2463 1650 2539 urbibus
1676 2466 1711 2540 et

160 2581 357 2678 regionibus
383 2581 521 2678 grandis
547 2585 656 2658 terrae
684 2585 814 2672 motus,
850 2584 940 2678 apud
967 2585 1109 2658 Polonos
1135 2583 1184 2658 rei
1209 2583 1438 2660 huiuscemodi
1474 2585 1623 2660 insuetos
1650 2605 1710 2679 pro

162 2703 314 2779 monstro
340 2705 377 2779 ot
401 2702 565 2800 religione
591 2703 741 2796 habitus,
769 2703 881 2779 editus
907 2705 961 2780 est
986 2703 1176 2778 Tertiarum
1203 2705 1296 2780 bora.

407 3067 604 3142 lremldam
629 3067 802 3141 lobomlre
827 3067 899 3140 bu
925 3069 1093 3144 buranum
1120 3069 1288 3160 lunarum
1315 3067 1470 3142 creditur.

270 3305 453 3382 Bobemiao
478 3308 557 3380 Dux
583 3305 789 3382 Premislaus
815 3305 995 3382 &ruriam
1022 3307 1204 3399 hostiliter,
1242 3305 1362 3382 multis
1396 3306 1576 3382 baronibus
1602 3308 1711 3383 Bobe-

163 3428 254 3502 miao
279 3427 528 3521 expeditionem
556 3427 676 3521 ipsam,
706 3451 781 3502 oum
808 3449 924 3502 causas
950 3428 1059 3502 iustas
1085 3451 1151 3502 nou
1174 3428 1324 3520 haberet,
1352 3427 1630 3522 improbantibus,
1658 3429 1711 3502 iu·

163 3569 311 3643 gressus,
341 3571 417 3623 cum
443 3570 517 3623 eam
544 3569 650 3642 usque
676 3548 713 3622 in
739 3549 914 3624 Lancuhut
946 3548 1080 3643 praedis
1106 3552 1142 3624 et
1167 3547 1296 3644 rapinis
1322 3551 1499 3640 vastasset,
1529 3547 1595 3624 nix
1622 3551 1713 3626 Duce

162 3667 352 3744 Premislao
378 3691 454 3744 cum
482 3667 612 3744 modica
638 3670 735 3764 parte
762 3668 931 3744 exercitus
957 3671 1093 3764 pontem
1121 3669 1157 3743 iu
1184 3669 1321 3744 flumine
1352 3667 1462 3743 Ennio
1488 3671 1712 3764 transgresso,

167 3789 296 3865 milites
323 3789 382 3882 qui
409 3791 648 3882 sequebantur,
677 3790 848 3864 confracto
875 3792 977 3884 ponte
995 3789 1031 3863 iu
1049 3791 1174 3866 flumen
1193 3789 1346 3884 proiecti,
1374 3789 1554 3881 abundis,
1583 3789 1711 3884 paucis,

164 3933 246 3986 nare
273 3909 468 4003 scientibus,
497 3910 727 4001 evadentibus,
756 3909 865 3986 vorati
892 3911 984 3985 suut.
1012 3910 1128 3985 Omnis
1154 3932 1231 3986 rero
1257 3910 1409 4001 reliquus
1431 3909 1601 3985 exercitus
1618 3931 1711 4002 suus,

164 4030 225 4122 qui
253 4032 400 4105 noudum
436 4033 573 4126 pontem
603 4032 639 4105 et
665 4031 789 4105 flumen
826 4031 1054 4124 superauerat,
1091 4052 1112 4104 a
1147 4029 1300 4120 Bouaria,
1338 4028 1454 4123 paucis
1489 4027 1712 4124 fugientibus,

164 4152 298 4226 deletus
324 4154 388 4242 est,
416 4153 452 4226 st
477 4150 602 4226 Barari
628 4153 699 4226 tam
726 4149 877 4242 uictoria,
915 4173 1017 4241 qnam
1053 4149 1207 4225 omuibus
1243 4149 1362 4244 spoliis
1397 4152 1433 4224 et
1463 4149 1714 4244 impedimentis

165 4271 280 4366 potiti.
326 4271 405 4344 Dux
431 4269 546 4365 ipseb
573 4271 779 4347 Premislaus
805 4292 880 4345 cum
908 4271 1024 4365 paucis
1059 4271 1153 4364 (uam
1179 4271 1215 4346 et
1240 4270 1295 4343 illi
1321 4269 1380 4362 qui
1407 4271 1544 4364 pontem
1571 4269 1713 4346 trasiae·

164 4394 254 4483 raut,
283 4415 305 4464 a
331 4391 471 4466 Bavaris
498 4391 654 4467 insectati
673 4393 735 4466 aut
752 4390 1009 4466 trucidabantur
1034 4394 1096 4466 aut
1112 4391 1347 4485 capiebantur)
1374 4389 1551 4465 incolumis
1577 4389 1713 4484 fugien-

165 4511 207 4585 do
233 4509 354 4585 erasit.
399 4509 565 4585 Nonnulli
591 4531 635 4584 ex
661 4509 831 4601 Bobemis,
869 4509 926 4604 qui
953 4509 990 4583 in
1016 4508 1176 4604 oppidum
1201 4507 1405 4584 Mueludorli
1417 4509 1446 4603 ⁴)
1472 4507 1714 4603 archiepiscopi

166 4629 443 4725 Salcaburgansis
469 4630 684 4725 diffugerant,
715 4629 845 4704 tamdiu
871 4653 893 4706 a
918 4629 1060 4706 Bareris
1088 4629 1160 4706 illic
1187 4629 1325 4720 obsessi,
1353 4630 1458 4704 donec
1488 4628 1605 4722 aequis
1636 4649 1714 4706 con·

165 4751 351 4826 ditionibus
378 4749 467 4824 inter
493 4749 717 4825 Premislaum
743 4749 934 4842 Bobemiao,
962 4753 998 4826 et
1024 4749 1189 4826 Barariae
1215 4751 1336 4841 Duces,
1365 4772 1433 4844 pax
1451 4749 1582 4825 murita
1597 4751 1661 4825 ast.

273 5023 297 5102 ¹)
319 5027 350 5085 in
378 5027 524 5101 baptismo
559 5025 630 5086 Cori.
654 5027 747 5087 Rorr.
786 5022 1031 5106 ⁹)Przomis1uua
1061 5025 1122 5088 Ed.
1146 4993 1232 5105 ceps.
1272 5021 1300 5105 ³)
1325 5023 1392 5085 Dux
1421 5040 1491 5086 varo
1524 5022 1595 5089 God.
1618 5023 1713 5086 Rosr.

163 5126 193 5209 ⁴)
216 5129 396 5193 Melcodord
419 5127 491 5193 God.
514 5129 607 5194 Roar.
