4172 6278
199 532 256 627 (Α.
276 531 323 609 D.
344 532 451 629 1231.)
822 560 935 612 arnna
961 560 1115 616 snxnus.
1672 546 1746 620 235

196 741 487 838 oppidumque
520 742 711 821 miserabile
746 745 834 822 illud
871 745 1013 822 exilium
1048 748 1210 825 haetenus
1245 751 1373 846 egerat,
1410 749 1595 841 discedens,
1633 773 1749 827 versus

194 863 355 942 Maiorem
381 865 558 942 Poloniam
584 867 758 944 eonteudit
784 871 820 944 et
846 871 994 945 oestrum
1020 869 1166 962 (insana,
1196 871 1283 965 quod
1302 871 1355 947 sui
1374 871 1469 964 iuris,
1497 895 1645 967 suaeque
1677 895 1747 949 sor·
1813 883 1817 892 '

195 987 241 1064 tis
267 989 352 1077 eret,
381 985 552 1065 obsidione
578 989 733 1082 uallauit,
762 1011 902 1085 sperans
929 1014 996 1066 non
1024 991 1112 1066 illud
1137 993 1259 1083 solum,
1286 994 1344 1068 sed
1372 993 1407 1069 et
1433 994 1545 1069 eastra
1562 993 1694 1088 reliqua
1713 1017 1749 1072 se

194 1133 255 1206 per
281 1103 486 1190 deditionem
511 1114 604 1190 brevi
630 1117 857 1210 recepturum.
884 1117 1011 1191 Verum
1038 1139 1114 1192 eum
1140 1139 1218 1213 spos
1245 1141 1312 1192 non
1338 1118 1578 1213 respondisset,
1608 1121 1644 1196 et
1661 1121 1747 1194 stra-

195 1255 262 1310 uue
288 1233 457 1310 militibus
483 1235 663 1312 Wladislai
691 1237 826 1314 Ottonis
853 1239 1001 1313 nastrum
1028 1237 1222 1315 anesnense
1253 1239 1519 1333 defendentibus,
1556 1240 1683 1316 obsidio
1710 1241 1746 1316 in

194 1355 277 1430 duos
304 1377 437 1432 menses
463 1358 635 1451 protraota
660 1360 750 1436 esset
769 1358 803 1454 ¹),
838 1358 931 1434 intra
957 1381 1041 1453 quous
1068 1383 1165 1434 nemo
1192 1383 1236 1434 ex
1262 1359 1429 1435 militibus
1455 1362 1491 1436 et
1517 1361 1662 1440 subditis
1688 1385 1744 1436 su·

192 1474 223 1548 is
238 1475 267 1571 ²)
294 1477 433 1551 notatus
459 1479 511 1552 est
536 1479 581 1553 ad
607 1479 837 1556 Wladislaum
862 1479 1089 1576 Lyaslrouogi,
1118 1481 1274 1556 omnibus
1301 1483 1419 1576 turpes
1446 1483 1481 1558 et
1497 1481 1611 1558 foedos
1638 1503 1746 1558 mores
1884 1519 1887 1526 ·

192 1618 270 1672 suos
297 1597 567 1691 abhorrentibus,
596 1600 770 1693 defooisse,
808 1603 899 1676 fauna
925 1625 1057 1694 quoque
1082 1625 1149 1677 uon
1176 1603 1302 1678 temere
1342 1603 1418 1677 orta
1451 1603 1633 1698 vulgatum
1652 1626 1746 1698 -pro-

192 1717 370 1812 ditumqne
395 1721 494 1812 foret,
532 1722 760 1798 Wladisleum
792 1713 928 1799 Ottonis
955 1725 1080 1800 Dueem
1108 1745 1181 1799 oum
1211 1725 1492 1820 Suantopelkone
1529 1724 1748 1802 Pomeraniae

191 1839 326 1916 domino
340 1840 380 1936 Ι),
408 1863 520 1918 soeero
546 1866 617 1936 suo,
646 1845 682 1920 et
707 1844 832 1920 ualidis
859 1845 930 1920 suis
957 1847 992 1920 et
1017 1847 1209 1920 exterorum
1236 1844 1342 1941 oopiis
1377 1868 1437 1941 pro
1469 1835 1607 1922 ferenda
1632 1849 1745 1925 obses-

190 1961 240 2038 sis
264 1986 329 2059 ope
368 1963 561 2060 propediem
588 1967 789 2043 aduentare:
826 1966 938 2042 tristis
964 1970 999 2042 et
1025 1989 1174 2062 gemens,
1203 1969 1442 2061 fortunamque
1468 1989 1565 2044 suam
1592 1991 1744 2065 serpens,

190 2084 425 2182 inexpugnata
452 2089 562 2162 oestro
588 2087 789 2181 (inesneusi,
826 2111 887 2184 pro
914 2089 1009 2164 ouius
1044 2089 1296 2185 expugnatione
1331 2092 1403 2164 tam
1437 2088 1526 2166 uires
1562 2113 1664 2183 quam
1690 2090 1743 2166 iu-

189 2207 292 2304 genia
327 2206 530 2300 intenderat,
569 2209 701 2303 aliquot
727 2211 769 2286 de
795 2211 865 2286 euris
892 2210 1060 2286 militibus
1092 2210 1236 2302 amissis,
1274 2210 1480 2288 obsidionem
1515 2212 1648 2290 soluens
1675 2213 1743 2288 dis-
1813 2203 1816 2209 ’

189 2329 294 2406 eessit
320 2332 357 2406 et
382 2329 418 2404 in
446 2330 585 2406 solitum
612 2330 709 2406 exilii
736 2331 789 2407 sui
815 2333 925 2408 loourn
960 2332 1197 2410 Rathiboriam
1232 2332 1406 2425 remeauit,
1440 2334 1476 2409 et
1502 2355 1589 2410 anno
1629 2334 1743 2410 eodem

189 2451 444 2547 Quintodeoimo
471 2452 635 2549 delendas
662 2453 869 2548 Septembris
895 2454 931 2529 in
959 2453 1080 2550 oppido
1106 2454 1241 2546 Sraoda,
1270 2455 1345 2530 tarnw
1369 2477 1516 2531 moerore
1543 2479 1645 2549 quam
1664 2478 1742 2532 eon·

190 2571 335 2650 seientia
360 2575 512 2650 aetorum
548 2574 734 2651 feninorum
771 2577 943 2672 grauatus,
980 2578 1052 2652 feto
1095 2577 1289 2652 subtractus
1316 2578 1371 2652 est
1396 2579 1432 2653 et
1458 2578 1547 2672 apud
1574 2577 1741 2654 Rathibo·

157 2775 159 2778 ,
189 2696 289 2788 riam,
318 2697 373 2772 uel
400 2698 440 2771 ut
465 2695 545 2772 aliis
581 2697 704 2793 plaoet,
742 2697 779 2772 in
805 2697 1008 2774 monasterio
1043 2697 1227 2774 bubinensi
1243 2697 1271 2793 ⁴)
1308 2699 1474 2794 sepultus,
1512 2699 1609 2773 nuella
1636 2698 1743 2795 stirpe

188 2817 362 2895 derelieta.
408 2820 462 2894 Er
489 2819 584 2894 ouius
620 2820 737 2910 morte,
775 2821 878 2916 plena
913 2819 966 2896 sui
998 2819 1215 2916 Prinoipatus
1250 2819 1415 2916 possessio
1442 2821 1486 2896 ad
1512 2820 1742 2897 Wladislaum

187 2939 335 3032 ottonis,
364 2941 461 3017 uelut
487 2942 644 3037 nepotem
671 2963 880 3038 germanum,
913 2941 1071 3031 trensiit;
1109 2941 1183 3038 ipso
1209 2965 1342 3034 quoqne
1367 2941 1579 3019 Wladislaus
1606 2943 1742 3020 Ottonis

186 3065 267 3138 Dux
294 3063 477 3156 utrumqne
503 3063 684 3156 Dueetum,
712 3063 974 3141 Poenaniensem
1001 3063 1159 3142 uidelioet
1193 3065 1228 3140 et
1255 3062 1502 3156 Galissiensem
1539 3065 1575 3141 et
1609 3087 1742 3142 omnem

186 3183 325 3262 llaioris
351 3183 512 3262 Poloniae
539 3207 631 3260 orem
658 3185 797 3282 paoifioe
823 3188 859 3264 et
884 3189 1011 3282 absquo
1047 3185 1138 3263 omni
1175 3185 1375 3266 insidiarum
1401 3188 1437 3264 et
1463 3185 1662 3268 defentionis
1687 3209 1740 3264 re·

186 3309 307 3404 speetu
334 3307 504 3404 possidere
530 3306 653 3404 eoepit.
1221 3321 1222 3324 ‘

239 3673 407 3749 euasura
433 3675 598 3752 Ιοοοοίοο
624 3677 696 3752 bux
722 3675 875 3753 redlloat
900 3676 1027 3750 lborun
1045 3681 1080 3751 et
1097 3677 1182 3752 eliae
1210 3693 1303 3750 eroes
1330 3679 1444 3768 eontra
1470 3676 1585 3752 bostar
1608 3693 1688 3750 auor

869 3799 1057 3872 lrutbenor.

290 4039 464 4117 donadus
489 4039 657 4116 llasouiae
684 4041 764 4116 Dux
790 4061 866 4116 eum
902 4039 1080 4116 Fratribus
1115 4039 1296 4116 Orneiferis
1326 4040 1361 4116 et
1388 4037 1562 4114 nonnullis
1588 4037 1738 4134 peregri-

183 4161 240 4236 nis
267 4160 303 4235 in
330 4182 428 4236 suum
455 4161 615 4239 solatium
630 4161 659 4257 ὅ)
686 4160 953 4253 aduenientibus,
981 4164 1020 4236 ut
1047 4161 1191 4256 amplior
1212 4162 1248 4236 et
1266 4159 1433 4236 efboaoior
1459 4159 1644 4236 Pruthenis
1661 4162 1738 4235 bar-

182 4282 276 4358 baris
303 4285 528 4378 opponeretur
553 4283 758 4375 resistentia,
797 4283 832 4358 in
859 4286 976 4359 arbore
1003 4305 1144 4376 quereus
1171 4285 1319 4359 oestrum
1347 4280 1516 4373 aedificat,
1548 4284 1584 4357 et
1610 4283 1738 4378 praesi-

182 4404 239 4480 dio
261 4406 334 4480 tam
352 4405 512 4480 lbatrum
539 4405 783 4481 Gruoilororum
811 4429 911 4497 qnam
939 4404 1149 4500 propriorum
1176 4403 1325 4479 militum
1352 4403 1521 4500 imposito,
1549 4404 1739 4480 Pruthenos

182 4525 295 4621 eoepit
321 4547 343 4600 a
368 4525 557 4602 vastatione
583 4529 749 4602 terrarum
776 4549 911 4602 suarum
939 4527 1103 4602 cohibere.
1124 4525 1271 4601 vlnoeavit
1296 4528 1333 4602 et
1358 4527 1440 4602 tune
1457 4523 1632 4601 divitatem
1649 4525 1738 4601 Tho·

182 4669 260 4739 run,
291 4669 392 4739 quarn
427 4648 638 4742 postmodum
665 4648 893 4744 ineptiorem
929 4647 1109 4723 transtulit
1140 4648 1261 4723 loeum.
1308 4646 1473 4724 Protheni
1499 4669 1576 4722 uero
1603 4645 1738 4724 barbari

183 4769 219 4844 iu
245 4791 361 4870 eorum
397 4770 652 4864 praesidiorum,
690 4793 775 4863 quae
810 4771 985 4846 Gnnradus
1019 4772 1100 4844 Dux
1135 4768 1425 4863 aedificaverat⁶),
1462 4768 1734 4860 destructionem,

181 4891 248 4967 duo
275 4893 388 4968 eastra
413 4891 562 4988 erigunt,
591 4915 696 4967 unrum
724 4892 822 4968 iuxta
848 4892 993 4969 Wislam
1021 4893 1115 4966 ultra
1142 4892 1291 4982 Thoruu,
1320 4891 1408 4984 qnod
1434 4889 1641 4984 voaoanop
1667 4891 1736 4966 Ro-

181 5035 267 5110 gou,
296 5012 390 5089 aliud
417 5013 516 5090 iuxta
549 5013 686 5091 Theron
713 5003 923 5104 insulano,
962 5013 1018 5090 ubi
1054 5035 1144 5090 auno
1178 5013 1322 5106 antiqua
1356 5010 1546 5088 dulmensis
1573 5009 1693 5088 civitas
1708 5010 1737 5105 8)
1794 5081 1796 5086 .

181 5205 596 5217 -ι--------α,,

291 5309 317 5390 ¹)
339 5316 492 5387 protracte
514 5317 561 5372 est
586 5310 657 5375 coe.
680 5313 773 5374 Beer.
806 5309 835 5390 α)
857 5313 1011 5374 wladislai
1034 5313 1151 5372 Ottonis
1177 5308 1248 5372 Ood.
1271 5312 1365 5372 Roer.
1396 5306 1423 5384 ³)
1445 5309 1529 5370 Duae
1555 5303 1626 5370 (iod.
1641 5307 1735 5369 Βονν.

180 5413 209 5495 ⁴)
232 5417 401 5479 Lubueeusi
425 5417 486 5478 Ed.
509 5417 605 5477 Dobr.
638 5413 665 5494 ὅ)
688 5417 827 5477 auxilium
854 5415 924 5478 cod.
948 5418 1041 5477 Βοῦν.
1074 5412 1101 5492 ⁰)
1125 5419 1261 5476 erexerat
1282 5413 1344 5476 Ed.
1365 5413 1462 5474 Dobr.
1498 5409 1647 5491 ⁷>vocarat
1663 5409 1735 5473 θοοῦ.

178 5524 271 5589 Βοῦν.
294 5525 418 5584 vocatur
440 5521 500 5584 Ed.
523 5520 617 5582 Βοῦν.
657 5517 684 5598 ⁸)
708 5521 811 5582 civitas
834 5519 913 5582 deest
934 5521 970 5582 ν’νο
995 5518 1066 5586 Oool.
1090 5517 1164 5581 Aret.
1193 5583 1195 5586 ,
