4140 6298
152 527 214 623 (Α.
231 523 279 604 lb
300 525 425 622 1141),
763 549 874 603 arnna
901 549 1095 604 sanamus.
1625 531 1698 604 273

151 735 225 811 hm
250 756 312 830 spe
337 735 374 810 ot
399 732 523 827 animo,
551 755 653 826 quarn
679 755 759 811 voce
785 734 819 810 et
846 755 966 810 mucra
991 734 1185 810 inauratos
1211 733 1453 812 declamatione
1470 734 1702 830 portendebat:

152 855 263 952 pluris
288 879 363 932 earn
388 855 577 949 dubriam,
605 855 807 950 maiorisque
834 856 1052 949 celebritatis,
1089 855 1292 948 maiorisque
1327 856 1475 932 muneris
1501 855 1703 932 existimans

152 979 270 1054 dobere
290 979 325 1074 ¹),
354 1000 414 1074 per
440 1000 543 1072 quarn
579 978 679 1052 illum
715 977 820 1054 occidi
852 978 888 1053 in
915 1000 1061 1073 corporo,
1098 979 1307 1073 triumphare
1333 979 1369 1052 in
1395 978 1509 1054 anima
1544 979 1704 1056 concedo·

151 1102 206 1175 rot
221 1099 265 1194 ²);
293 1099 455 1176 remoram
481 1101 580 1174 hunc.
597 1101 633 1176 et
659 1099 883 1176 immortalem
910 1100 1121 1195 triumphum
1148 1102 1184 1176 et
1210 1100 1276 1174 sibi
1316 1101 1438 1176 orons
1474 1102 1510 1175 ot
1537 1101 1703 1178 militibus

152 1221 329 1311 bsecrans,
357 1219 387 1296 si
412 1221 484 1296 tam
510 1243 557 1312 sc,
585 1243 687 1314 quam
710 1219 789 1296 illos
815 1220 851 1294 in
877 1220 1004 1316 praelio
1041 1243 1100 1316 pro
1136 1219 1201 1295 fide
1237 1222 1273 1294 et
1307 1219 1472 1314 religione
1507 1221 1703 1296 Christiane

151 1343 346 1418 occumbere
371 1340 530 1434 feliciter,
568 1363 670 1435 quam
696 1342 806 1418 relata
838 1341 979 1417 uictoria
1004 1341 1116 1418 uiuere
1142 1342 1177 1416 et
1203 1341 1280 1416 labe
1306 1341 1422 1434 aliqua
1448 1342 1567 1436 pollui,
1595 1343 1703 1416 conti·

151 1462 274 1558 giseet.
310 1461 394 1537 Gum
419 1461 597 1538 Thamaris
625 1462 738 1557 itaque
765 1462 998 1556 dimicaturus,
1027 1463 1224 1558 priusquam
1250 1462 1364 1556 copias
1390 1485 1435 1536 ex
1460 1462 1617 1557 legnice,
1647 1463 1705 1538 ubi

151 1585 338 1660 conuentus
364 1581 514 1658 militnm
540 1585 715 1678 agebatur,
744 1583 909 1676 educeret,
929 1586 1000 1658 mm
1028 1607 1075 1675 so,
1104 1606 1205 1675 quam
1234 1583 1406 1658 uniuersos
1432 1585 1583 1674 barones,
1613 1585 1703 1658 mili-

151 1707 208 1780 tes
232 1706 269 1781 at
294 1727 362 1797 ecs,
390 1705 449 1798 qui
477 1705 630 1782 ordinum
659 1707 757 1780 erant
784 1706 949 1796 ductores,
987 1700 1092 1780 missa
1118 1705 1305 1781 solenniter
1331 1707 1367 1779 et
1393 1705 1510 1780 deuote
1536 1705 1572 1778 in
1598 1707 1704 1780 eccle-

151 1825 205 1901 sia
229 1827 349 1903 beatae
375 1826 502 1902 itariae
528 1826 682 1922 Virginis
712 1826 933 1922 Legnioaensi
970 1827 1160 1919 demutata
1198 1825 1321 1902 uiatico
1356 1847 1461 1918 sacro,
1499 1827 1705 1902 confessione

152 1947 352 2042 praemissa,
380 1948 572 2042 procurarit
599 1947 762 2043 saginari.
803 1948 931 2024 Deinde
957 1971 978 2023 a
1004 1949 1112 2023 matra
1139 1948 1268 2044 optima
1294 1949 1330 2022 et
1355 1947 1531 2023 benedicta
1557 1948 1705 2042 Hedrigi

151 2068 308 2160 Duobus,
336 2072 376 2144 ut
401 2069 437 2143 id
462 2070 589 2145 bellum
627 2069 811 2144 fortissime
838 2071 873 2144 et
900 2071 1095 2146 constanter
1128 2071 1257 2164 ageret,
1296 2068 1466 2144 animatus
1501 2071 1566 2146 ost.
1612 2070 1704 2163 Quae
1835 2173 1839 2178 .

152 2189 310 2281 quamue
337 2189 448 2264 illurn·
463 2190 659 2282 occisurum,
698 2193 734 2265 et
759 2211 858 2265 suurn
885 2213 1016 2266 ornnem
1043 2191 1230 2267 exercitum
1258 2190 1353 2264 clade
1377 2190 1499 2286 grandi
1526 2189 1562 2264 in
1589 2191 1704 2266 futuro

151 2309 337 2386 cartamine
362 2311 532 2386 ruiturum
557 2310 682 2406 spiritu
716 2312 889 2386 revolante
925 2310 1149 2406 cognovisset,
1187 2314 1222 2386 et
1248 2313 1320 2386 tam
1347 2333 1462 2386 necem
1489 2311 1565 2402 filii,
1602 2335 1704 2403 quam

150 2431 207 2508 sui
234 2433 403 2508 exercitus
429 2433 562 2508 ruinam
579 2434 649 2531 nni
676 2456 720 2508 ex
746 2433 1062 2508 sanctimonialibus
1089 2432 1224 2508 nornine
1249 2432 1405 2528 Adloydi
1434 2435 1470 2507 et
1487 2433 1598 2528 magis
1624 2434 1704 2510 reli-

152 2553 271 2648 giosae
290 2556 325 2630 ot
343 2555 411 2630 sibi
436 2555 546 2650 magis
573 2554 747 2647 familiari,
776 2554 1014 2649 praedixisset,
1042 2578 1108 2629 non
1135 2557 1249 2630 tamur
1276 2555 1386 2629 filium
1413 2557 1458 2631 ab
1474 2554 1607 2650 incepto
1625 2577 1703 2650 opo·

152 2697 191 2750 ro
218 2677 406 2766 reuocabat,
434 2679 496 2751 aut
522 2676 729 2765 distinebat;
766 2677 824 2752 sed
850 2699 959 2767 neque
985 2677 1134 2769 aliquem
1161 2698 1342 2752 moerorem
1377 2678 1437 2752 aut
1476 2676 1594 2752 dotum
1620 2677 1703 2752 erni·

152 2795 212 2888 sit,
241 2798 295 2873 rel
322 2799 487 2873 mnodum
514 2799 550 2872 ot
575 2799 752 2873 turbatum
779 2797 889 2892 gessit
906 2799 1057 2873 ruitum:
1086 2797 1238 2890 quinimo
1264 2799 1369 2873 talem
1396 2797 1584 2872 hilaritatis
1610 2800 1705 2872 tono·

4 2955 9 2964 ·
152 2940 225 2993 rem
252 2921 288 2994 et
313 2918 350 2992 in
377 2921 511 3014 pectore
538 2922 576 3018 ot
600 2919 636 2993 in
662 2920 761 2994 uultu
794 2919 946 3010 retinuit,
985 2920 1084 2994 iuxta
1109 2919 1177 2993 acsi
1206 2919 1306 2994 illum
1332 2923 1368 2994 ot
1394 2941 1494 2994 suum
1519 2920 1715 2994 exercitum,

152 3039 316 3116 rictorem
342 3042 379 3115 et
405 3039 606 3116 incolumem
633 3041 755 3116 reuerti
784 3040 1029 3135 praescivisset,
1058 3042 1269 3116 conformans
1295 3063 1330 3115 so
1358 3040 1394 3114 in
1420 3040 1566 3135 singulis
1593 3043 1629 3115 et
1646 3063 1705 3136 ge·

153 3163 211 3236 stu
237 3163 274 3236 et
299 3161 415 3237 animo
443 3161 558 3237 diuino
593 3161 806 3256 beneplacito
843 3164 878 3235 et
911 3163 984 3236 eius
1019 3161 1248 3257 irrefragabili
1283 3164 1318 3236 et
1358 3183 1490 3256 semper
1515 3161 1553 3236 in
1578 3161 1707 3256 optima

80 3361 92 3372 ,
153 3303 308 3377 quaqua
334 3282 527 3378 dirigentis,
557 3282 739 3358 uoluntati.
1267 3291 1269 3296 “

153 3647 316 3722 london.
327 3648 398 3720 ltu
417 3664 490 3720 orn
508 3646 674 3721 luctans
693 3647 846 3722 elocutor
864 3647 1087 3740 argentm:
1114 3647 1171 3722 abi
1197 3645 1275 3720 dun
1301 3664 1381 3740 ponc
1400 3647 1467 3722 ianr
1484 3648 1592 3724 ricton
1606 3654 1707 3741 erret,

154 3768 382 3848 matronam
398 3769 662 3843 ⁴intaminatione
689 3771 855 3842 exercitur
883 3771 954 3844 olna
982 3769 1177 3843 debilitatus
1204 3769 1285 3842 adeo
1314 3769 1470 3859 caeditur,
1506 3775 1544 3844 nt
1571 3792 1610 3846 no
1637 3774 1706 3866 ipso

571 3890 701 3982 priten
727 3891 880 3964 bonricnr
906 3892 978 3964 ltux
1001 3891 1125 3964 sonui
1140 3892 1292 3982 potuerit.
1415 3953 1417 3958 .

259 4130 314 4202 Ex
340 4127 561 4223 hegniorensi
588 4130 709 4225 oppido
736 4130 882 4206 Henrico
909 4130 993 4206 Duoi
1021 4153 1097 4206 cum
1124 4130 1196 4206 suis
1218 4130 1412 4226 agminibus
1431 4131 1466 4205 in
1484 4133 1612 4207 bellum
1630 4155 1713 4208 cunr.
1852 4215 1864 4224 ,

153 4249 333 4325 l'hartaris
359 4251 544 4345 gerendum
579 4251 776 4346 egredienti,
815 4253 904 4346 lapis
937 4253 977 4326 dc
1003 4252 1128 4327 uertice
1164 4253 1324 4329 ecclesiae
1359 4254 1478 4328 unae
1504 4255 1642 4343 blaciae,
1671 4255 1707 4328 in

153 4393 223 4464 qua
249 4371 358 4466 pridie
384 4394 444 4466 pro
471 4373 595 4448 suaet
621 4373 791 4448 exercitus
817 4373 871 4448 sui
898 4373 1132 4450 incolumitate
1166 4373 1339 4448 blaiestati
1375 4373 1518 4448 Divinae
1545 4374 1708 4449 libamina

153 4493 272 4569 oblata
296 4494 405 4584 erant,
433 4493 623 4588 prolapsus,
661 4494 759 4568 iuxta
793 4496 896 4589 caput
936 4494 1076 4570 Henrici
1113 4495 1216 4569 Ducis
1252 4495 1288 4569 in
1324 4495 1502 4588 splendore
1538 4518 1715 4573 armorum.

154 4610 336 4707 suonamf)
363 4613 603 4705 obequitantis,
634 4614 789 4709 procidit,
818 4637 1003 4709 parumque
1031 4615 1152 4707 abfuit,
1181 4615 1263 4709 quin
1290 4617 1416 4690 testam
1453 4616 1577 4711 capitis
1604 4618 1705 4692 duca·

153 4735 199 4809 lis
225 4759 294 4810 non
320 4737 502 4830 rumperet.
531 4735 624 4826 Quae
651 4757 704 4810 rcs
731 4737 820 4831 apud
848 4757 962 4811 omnes
988 4737 1048 4810 aut
1075 4736 1110 4810 in
1138 4736 1337 4832 religionem
1359 4759 1466 4829 uersa,
1496 4741 1557 4813 aut
1576 4761 1636 4832 pro
1655 4739 1707 4812 in·,

152 4857 244 4932 festo
270 4855 380 4932 omino
414 4857 709 4949 (quomadmodum
745 4859 833 4948 erat)
869 4858 1027 4952 sumpta,
1063 4857 1172 4932 futuri
1203 4857 1408 4933 discriminis
1434 4859 1641 4952 perieulum,
1670 4859 1714 4932 in.

153 4978 244 5070 qnod
270 4977 350 5052 Itur
374 4977 544 5054 Hernicus
570 4980 606 5054 et
632 5001 714 5054 suus
749 4978 918 5054 exercitus
945 5002 989 5054 ex
1015 4979 1173 5054 condictu
1209 4979 1377 5054 reoisunrs
1408 4981 1492 5071 erat,
1529 4978 1715 5054 infallibili

153 5100 356 5194 argumento
391 5101 586 5182 ostentabat
600 5100 640 5194 ⁴).
686 5101 886 5176 Suburbana
921 5099 1037 5195 oppidi
1072 5100 1311 5195 Legnicnonsis
1347 5103 1633 5195 praetergressus,
1671 5102 1708 5174 in

172 5429 174 5436 .
266 5374 293 5456 ¹)
316 5395 383 5440 ease
398 5377 508 5440 debere
529 5377 590 5440 Ed.
612 5377 701 5454 pre.
733 5375 761 5458 ²)
785 5378 970 5454 confingeret
991 5377 1052 5440 Ed.
1075 5378 1163 5455 Le'ps
1194 5375 1222 5452 ³)
1245 5395 1314 5440 suos
1340 5376 1410 5440 cca.
1433 5380 1526 5440 scer.
1559 5374 1588 5457 ⁴)
1609 5384 1708 5440 osten·

153 5483 354 5548 tahatnr.Ecl.
377 5483 464 5560 prs.

203 5620 228 5668 J.
241 5618 335 5678 Dinaea.
347 5617 434 5665 mem.
448 5619 527 5666 Peion.
541 5617 568 5664 a.
579 5619 613 5666 11.
1517 5607 1550 5660 bt
