4192 6272
396 537 470 609 502
1000 506 1112 613 ursus
1138 559 1333 615 susumus.
1659 541 1727 642 (Α.
1748 541 1796 618 D.
1817 543 1946 646 rato.)
2090 537 2092 542 ’

394 743 517 841 coegit.
546 743 683 820 Veritus
711 744 877 838 siquidem
904 745 1079 820 dunradus
1106 747 1185 821 Dux
1211 747 1468 842 (ilogoviensis,
1496 772 1538 824 ne
1565 753 1607 825 ab
1634 751 1781 828 Henriee
1809 755 1900 830 Duce
1922 755 1945 848 ¹)
2091 847 2092 858 ,

394 865 615 962 Legniozensi
641 864 844 958 vinciretur,
874 889 933 962 per
960 889 1060 942 unam
1098 871 1229 963 portam
1256 869 1574 948 wratislaviensem
1609 872 1782 949 civitatem
1796 874 1826 968 ²)
1851 897 1947 970 egre-

394 988 497 1078 ditur,
526 987 605 1061 dum
632 1009 690 1082 per
717 989 862 1062 alteram
888 989 1056 1065 Hearious
1083 990 1322 1084 Legnicaensis
1348 992 1427 1064 Dux
1442 989 1490 1085 ³),
1520 992 1725 1068 militaribus
1760 997 1796 1069 et
1821 995 1949 1071 civibus

394 1111 431 1183 in
458 1109 591 1185 obvium
618 1108 671 1183 illi
699 1109 824 1200 effusio,
853 1109 1095 1205 ingrederetur.
1137 1112 1281 1186 Militari
1316 1112 1432 1205 itaque
1459 1116 1494 1187 et
1520 1113 1613 1188 civili
1640 1117 1756 1192 lavoro
1781 1117 1949 1193 Henrieus

394 1229 633 1326 Legnioaensis
672 1231 752 1304 Dux
769 1233 795 1324 ⁸)
831 1231 867 1305 in
894 1231 1209 1308 wratislaviensem
1236 1235 1406 1308 Ducatum
1433 1236 1630 1327 succedens,
1662 1237 1797 1331 plenam
1825 1241 1861 1313 et
1887 1262 1947 1333 pa-

393 1353 523 1429 cificam
551 1351 647 1426 illius
674 1352 823 1427 obtinuit
849 1353 1043 1446 aliquanto,
1073 1357 1280 1432 nontamen
1308 1355 1467 1432 diuturne
1502 1359 1671 1452 ternpore,
1700 1361 1839 1454 proptor
1865 1361 1947 1434 iusi-

394 1475 478 1566 diaS,
506 1495 592 1566 quas
618 1473 674 1547 illi
701 1497 761 1569 pro
780 1473 963 1551 deiectione
990 1498 1051 1550 sua
1078 1477 1251 1551 Ounradus
1278 1477 1513 1572 Glogovionsis
1532 1481 1611 1554 Dux
1630 1479 1769 1555 molitus
1787 1485 1851 1573 est,
1872 1505 1948 1576 pos-

395 1596 588 1672 sessionem.
616 1597 767 1671 Ducatus
794 1597 1022 1673 Gracoviensis
1049 1621 1069 1672 a
1097 1599 1300 1674 Praemislao
1319 1599 1458 1673 Maioris·
1474 1600 1643 1692 Poloniae,
1670 1603 1866 1678 cedentibus
1884 1605 1949 1679 sibi

396 1720 436 1795 de
463 1718 523 1793 illo
550 1717 690 1794 Hearici
717 1719 830 1812 quarti
857 1719 1149 1795 wratislaviensis
1176 1720 1233 1814 qui
1262 1720 1296 1794 io
1324 1721 1490 1816 praesidio
1517 1726 1614 1798 erant
1632 1723 1812 1817 militibus,
1832 1729 1949 1801 obten-

394 1845 471 1929 tus;
500 1839 803 1915 Saudomiriensem
840 1863 936 1933 vero,
966 1841 1154 1917 wladislao
1190 1843 1322 1918 Loktek
1349 1843 1548 1938 duyaviensi
1575 1845 1667 1921 Duce
1700 1846 1800 1920 illum
1836 1848 1951 1924 lavore

395 1961 714 2038 Sandomiriensium
743 1962 891 2036 militum
920 1965 1177 2058 praeocupante,
1206 1965 1366 2056 consequi
1393 1988 1459 2042 uon
1486 1965 1607 2042 valuit.

499 2083 635 2159 Relicta
663 2085 801 2160 Henrioi
829 2085 954 2177 quarti,
983 2085 1176 2160 llecbtildis
1192 2087 1220 2180 ⁵)
1256 2087 1298 2160 ad
1326 2090 1456 2182 patrem
1483 2111 1581 2163 suum
1609 2089 1766 2164 Ottonem
1794 2091 1950 2186 Longum
2091 2107 2092 2112 ‘

396 2229 440 2279 ex
468 2205 698 2297 wsatislavia,
728 2207 895 2282 solutione
923 2208 1011 2282 dotis
1038 2208 1166 2298 habita,
1195 2207 1377 2299 divertens,
1397 2211 1432 2286 et
1451 2209 1486 2284 iu
1514 2211 1681 2287 viduitate
1708 2211 1850 2288 Domino
1877 2235 1947 2289 sar-
2091 2235 2092 2242 ¹

396 2327 501 2421 viens,
530 2329 706 2423 mortua⁶)
729 2328 765 2402 in
792 2330 995 2406 monasterio
1010 2329 1192 2406 lerinensi
1207 2330 1380 2425 sepelitur.

396 2695 538 2768 latreus
564 2695 635 2767 ltux
661 2695 858 2786 ausgerus·
876 2695 975 2787 togis
1001 2694 1172 2769 wladislai
1208 2695 1337 2788 lugiens
1364 2695 1520 2786 iusidias,
1548 2698 1684 2788 priuuu
1712 2697 1753 2770 sd
1781 2700 1951 2792 iacemu-

396 2817 463 2890 tiu
490 2819 700 2890 materteram
726 2835 821 2889 suasu
856 2817 889 2888 iu
922 2817 1139 2890 santuanensi
1174 2819 1374 2890 monasterio
1411 2819 1555 2892 ordinem
1588 2821 1771 2911 protessus
1808 2819 1952 2914 divertit,
2091 2827 2092 2910 ᾗ

396 2942 513 3031 uestes
538 2957 614 3012 vero
641 2939 736 3011 tonis
763 2938 921 3012 tirrebora
947 2938 1116 3030 arcubus,
1143 2937 1263 3012 itidem
1290 2940 1331 3012 ab
1358 2939 1517 3032 tangaris
1548 2959 1604 3032 per
1631 2942 1763 3014 batreu
1791 2943 1953 3033 comptis
2091 2951 2092 2994 ³

396 3059 630 3152 submergitur:
658 3079 753 3154 quau
780 3061 844 3134 etsi
872 3059 1082 3152 Karambis
1109 3061 1227 3152 catut,
1254 3062 1379 3135 menits
1405 3064 1517 3136 taurea
1544 3061 1710 3152 diuinitus,
1729 3067 1800 3136 tres
1819 3064 1860 3136 ct
1880 3079 1953 3136 eeu·

968 3200 1025 3256 sas
1052 3181 1185 3256 distulit
1210 3182 1382 3256 vivilcsre.

500 3423 706 3500 Germanum
733 3423 872 3498 fratrom
899 3420 1070 3497 Andrean
1096 3424 1206 3499 ducali
1244 3424 1475 3498 tantummodo
1513 3423 1647 3500 nomine
1682 3424 1718 3498 in
1754 3447 1829 3500 eam
1865 3426 1953 3500 diem
1993 3503 1994 3506 ,

399 3548 607 3635 contentum,
636 3544 849 3620 wladislaus
875 3545 1074 3638 Hungariae
1101 3546 1176 3621 Rex
1203 3547 1244 3621 de
1272 3545 1383 3641 Regni
1425 3546 1556 3620 ambitu
1597 3547 1724 3622 habens
1751 3548 1900 3622 delatum
1922 3549 1957 3621 et

398 3670 602 3762 suspectum,
630 3689 705 3741 curn
732 3668 768 3740 et
795 3665 916 3761 ingens
943 3665 979 3738 in
1006 3689 1041 3742 se
1068 3669 1205 3761 propter
1231 3667 1418 3742 execranda
1453 3667 1603 3742 facinora
1639 3667 1822 3762 primorum
1856 3669 1953 3744 Hun-

399 3788 514 3884 gariae
541 3788 666 3878 odium,
695 3790 731 3862 et
758 3787 793 3860 in
821 3786 989 3861 Andrean
1016 3788 1167 3880 fratrem,
1198 3788 1309 3882 ipsum
1336 3789 1379 3862 ad
1406 3789 1660 3880 succedendum,
1689 3790 1795 3864 fratre
1814 3791 1955 3884 depulso
2091 3831 2092 3842 ι

398 3913 459 3984 aut
485 3912 594 4004 capto,
624 3909 659 3982 in
686 3910 854 4003 Regnum,
884 3909 1036 3984 notorius
1063 3911 1168 4000 favor,
1197 3909 1380 4004 suspicioni
1417 3909 1644 4003 delationiqua
1679 3911 1779 3985 fidem
1816 3913 1953 4002 facerat,

399 4033 441 4106 ad
468 4031 683 4105 occidendum
711 4030 808 4103 illum
836 4029 1011 4105 carnifices
1037 4030 1247 4105 clandestine
1274 4033 1436 4105 subornat
1450 4029 1489 4124 ⁷).
1527 4030 1598 4124 (luo
1626 4031 1774 4125 periculo
1801 4030 1956 4106 Andreas

401 4152 547 4247 cognito,
577 4175 652 4227 oum
680 4175 746 4226 non
773 4152 936 4245 reperiret
962 4152 1160 4246 Hungariae
1186 4154 1307 4250 locum,
1336 4131 1454 4244 inquo
1482 4174 1617 4228 securus
1645 4175 1665 4226 a
1691 4153 1852 4227 fraternis
1872 4153 1954 4226 insi·

298 4319 302 4326 -
400 4274 465 4349 diis
493 4274 704 4363 consisteret,
734 4273 851 4367 paucis
867 4273 896 4366 Β)
932 4273 1094 4362 consciis,
1137 4275 1179 4348 ad
1216 4274 1391 4349 Poloniam
1427 4274 1608 4349 contendit.
1652 4275 1699 4347 Et
1735 4273 1882 4367 primum
1913 4275 1955 4348 ad

401 4397 616 4472 materteram
644 4417 740 4468 suam
768 4394 1010 4489 Kunegundim
1037 4395 1290 4470 Gracoviensem
1316 4395 1503 4486 Ducissam,
1532 4395 1567 4469 in
1596 4395 1798 4470 monasterio
1825 4395 1952 4470 saneti-
2070 4483 2073 4492 1

401 4516 598 4590 monialium
625 4515 661 4588 in
688 4515 836 4591 Sandeea
864 4516 1006 4608 antiqua
1046 4517 1305 4606 consistentem,
1336 4516 1511 4610 pervenit,
1544 4537 1659 4608 aqua
1695 4539 1755 4611 per
1791 4516 1893 4612 signa
1920 4517 1955 4590 in

401 4660 537 4732 corpore
554 4637 786 4711 demonstrata
813 4637 1017 4732 recognitus,
1046 4638 1156 4712 causis
1183 4637 1316 4712 itineris
1342 4640 1378 4712 ot
1404 4640 1506 4732 fugae
1525 4637 1700 4730 expositis,
1720 4637 1866 4732 benigne
1884 4638 1953 4712 die·

398 4761 465 4836 bus
491 4758 644 4854 pluribus
671 4759 808 4833 habitus
836 4761 908 4846 est;
937 4781 1004 4850 qua
1031 4759 1132 4833 etiam
1162 4759 1401 4850 intercedente,
1431 4758 1560 4832 mansio
1587 4758 1639 4830 illi
1669 4779 1728 4850 per
1754 4759 1955 4832 Praemisla·

401 4904 458 4955 um
484 4878 735 4956 Oracoviensem
762 4883 797 4955 et
823 4879 959 4955 dicioris
987 4880 1145 4956 Poloniae
1188 4881 1313 4956 Ducem
1341 4880 1431 4974 apud
1466 4878 1593 4954 curiam
1630 4879 1783 4954 ducalem
1797 4878 1825 4972 ς)
1851 4879 1954 4953 (thro-

328 5091 342 5114 ,
401 5006 490 5096 bera,
520 5000 729 5099 consignatis
756 5001 953 5077 introitibus
979 5002 1077 5095 aliis,
1107 5002 1166 5094 qui
1194 5023 1274 5078 suae
1310 5001 1494 5078 conditioni
1532 4991 1772 5096 sup'peterent,
1800 5021 1955 5076 concessa

512 5297 538 5378 ¹)
562 5300 644 5360 Duce
666 5301 744 5361 deest
766 5303 802 5360 isc
828 5298 897 5362 (lod.
920 5299 994 5360 Aut.
1019 5297 1046 5376 ff)
1068 5299 1302 5360 wratislaviensi
1325 5300 1443 5358 civitate
1469 5294 1541 5359 Ood.
1564 5298 1657 5358 Roar.
1682 5292 1708 5373 ³)
1730 5297 1798 5355 Dux
1820 5297 1900 5358 deest
1921 5299 1953 5355 in

408 5401 477 5465 dou.
500 5403 572 5464 Aut.
597 5399 626 5483 ⁴)
648 5405 715 5465 Dux
737 5405 814 5467 deest
829 5406 864 5464 ia
891 5403 961 5466 (lod.
987 5402 1061 5464 Aer.
1086 5401 1112 5480 ὕ)
1135 5403 1288 5463 diethildis
1314 5402 1492 5463 (lod.1toar.
1522 5397 1548 5478 ⁸)
1571 5403 1694 5461 moritur
1724 5407 1755 5461 et
1782 5400 1844 5460 Ed.
1866 5401 1952 5476 Lips.

409 5505 435 5596 7)
458 5509 587 5606 destinat
608 5515 639 5572 et
661 5510 801 5578 subornat
828 5507 898 5570 (lod.
921 5511 1013 5580 Roar.
1039 5507 1065 5586 8)
1089 5527 1153 5569 oum
1175 5509 1276 5587 paucis
1303 5504 1373 5572 (iod.
1393 5508 1488 5569 ‘Itoaa
1513 5503 1540 5584 ο)
1562 5507 1690 5580 regalem
1715 5503 1785 5568 (loci.
1808 5505 1902 5566 Roar.
