4162 6288
398 541 473 617 390
999 572 1111 628 crana
1137 572 1332 629 srrrrrrus.
1674 553 1736 649 (Α.
1756 553 1803 632 D.
1823 553 1947 652 laco.)
2009 623 2012 628 .

397 776 451 830 res
470 755 495 850 ¹)
520 756 676 832 Boleslao
711 757 914 834 denuntiant
949 759 1064 836 hostes
1091 760 1217 854 adesse,
1251 762 1286 836 et
1312 762 1427 838 eodem
1453 761 1507 839 die
1534 764 1605 840 sole
1630 763 1859 859 illucescente,
1888 765 1947 842 ad·

397 877 463 952 huc
498 878 654 954 Boleslao
689 880 826 954 terame
860 880 1007 973 stativa,
1049 881 1313 977 Iacavvingorum
1349 905 1385 959 se
1421 883 1509 960 acies
1544 885 1588 960 ad
1623 908 1771 982 pugnam
1808 889 1948 982 paratae

397 999 591 1074 ostendunt.
636 998 763 1094 Quibus
790 999 872 1075 visis
899 1005 935 1078 et
960 1003 1139 1078 Boleslaus
1166 1003 1311 1079 Pudicus
1338 1004 1427 1081 acies
1453 1027 1533 1082 suus
1560 1006 1682 1099 educit,
1720 1011 1756 1084 et
1782 1030 1945 1104 pugnam,

396 1119 515 1216 alteris
542 1119 577 1194 in
605 1122 729 1197 alteros
764 1145 861 1200 coeca
887 1125 922 1200 et
949 1125 1120 1200 obstinata
1155 1127 1268 1202 mente
1305 1127 1491 1218 ruentibus,
1529 1127 1724 1221 committit,
1761 1132 1796 1206 et
1831 1128 1948 1223 aequis

396 1240 535 1333 viribus,
573 1265 746 1338 aequaque
773 1247 862 1320 sorte
889 1268 1004 1342 pugna
1031 1245 1066 1320 in
1094 1247 1193 1322 horas
1217 1246 1347 1341 aliquot
1373 1249 1525 1343 prolata;
1563 1271 1638 1325 oum
1664 1249 1846 1346 Iaaavvingi
1874 1250 1946 1325 vin·

397 1364 493 1439 cendi
519 1365 605 1439 mira
630 1365 819 1460 pertinacia
845 1390 904 1462 pro
933 1367 1072 1442 victoria
1107 1368 1350 1461 adniterentur,
1383 1369 1502 1446 Poloni
1529 1370 1750 1448 multitudine
1775 1369 1868 1464 freti,
1896 1394 1947 1448 ro·

397 1487 511 1560 centes
538 1489 573 1562 et
599 1486 784 1562 incolumes
812 1487 1036 1564 insessurum
1064 1492 1125 1564 aut
1151 1490 1414 1566 desideratorem
1453 1491 1563 1567 loourn
1590 1493 1824 1585 subducentes,
1861 1492 1948 1568 acies

397 1608 535 1685 tandem
561 1608 826 1704 Iacavingorum
853 1611 1058 1686 succumbit:
1096 1611 1153 1686 ubi
1189 1611 1350 1707 Princeps
1377 1635 1490 1688 eorum
1517 1614 1679 1706 Komoth,
1717 1636 1870 1711 pugnam
1896 1636 1947 1690 ro·

398 1730 600 1821 stituturus,
638 1731 823 1807 animosius
859 1754 1034 1828 pugnans,
1074 1733 1258 1810 aPolonia
1285 1735 1467 1828 exceptus,
1504 1734 1710 1830 pugionibus
1745 1735 1946 1812 confoditur.

397 1853 514 1944 Neque
540 1855 611 1927 tam
638 1853 742 1928 Ducis
768 1854 821 1928 sui
848 1854 997 1930 Komoth
1024 1876 1131 1947 casus,
1160 1877 1269 1947 noque
1283 1857 1463 1950 prostrata,
1492 1850 1727 1952 rarefaclaque
1753 1857 1843 1934 acies
1868 1856 1947 1933 reli·

398 1996 482 2068 quos
508 1975 714 2072 Iacarvingos
741 1999 762 2051 a
788 1976 915 2072 praelio
951 1976 1116 2051 divertere
1143 1977 1274 2073 coegit:
1311 1977 1355 2051 ad
1381 1979 1571 2054 extremum
1596 1979 1687 2054 enim
1714 1979 1803 2055 caesi
1829 1981 1866 2055 et
1891 1980 1947 2055 oh·

397 2096 473 2172 triti
499 2099 590 2173 sunt.
636 2097 753 2190 Neque
789 2098 924 2174 Polonis
959 2097 1137 2175 incruenta
1170 2097 1313 2175 victoria
1348 2099 1426 2191 fuit,
1462 2100 1618 2195 pluribus
1650 2102 1711 2176 aut
1737 2100 1946 2193 desideratis,

398 2221 460 2294 aut
485 2219 625 2295 vulnera
651 2218 768 2314 gravia
794 2219 972 2314 perpessis.
1007 2221 1055 2295 Eo
1084 2244 1149 2296 uno
1177 2220 1305 2316 praelio
1333 2221 1538 2298 omniafere
1565 2243 1660 2318 gens,
1688 2222 1864 2317 omnisque
1889 2244 1948 2298 na·

398 2341 446 2416 tio
464 2341 729 2436 Iaczvingorum
752 2341 833 2416 adeo
860 2342 971 2418 deleta
999 2345 1033 2418 et
1059 2341 1213 2418 extincta
1238 2345 1300 2435 est,
1329 2345 1369 2420 ut
1395 2343 1548 2436 caeteris,
1577 2345 1613 2420 et
1638 2343 1693 2420 his
1710 2343 1847 2436 quidem
1865 2367 1947 2439 pau·

398 2464 447 2538 cis
474 2465 509 2538 et
535 2463 736 2559 agrestibus,
765 2465 826 2538 aot
852 2463 1115 2554 valitudinariis,
1149 2467 1210 2538 aut
1236 2464 1271 2538 in
1298 2465 1460 2540 ditionem
1494 2465 1644 2542 Boleslai
1680 2465 1947 2558 concedentibus,

398 2589 458 2660 aut
483 2584 666 2660 hithuanis
692 2607 728 2660 so
754 2585 1048 2680 coniungentibus,
1087 2586 1250 2662 hactenus
1285 2607 1328 2664 ne
1355 2609 1476 2662 nomen
1512 2587 1648 2680 quidem
1683 2587 1949 2684 Iacavingorum

398 2707 505 2783 extet.
550 2708 654 2782 Terra
680 2729 793 2782 eorum
820 2707 911 2782 omni
938 2709 973 2783 et
1001 2729 1128 2802 pecore,
1165 2730 1231 2799 quo
1267 2709 1451 2803 plurimum
1486 2710 1715 2801 abundabant,
1751 2709 1949 2803 caeteraque

399 2852 512 2906 eorum
540 2829 747 2924 supellectili
774 2830 951 2904 Boleslaus
979 2829 1125 2904 Pudicus
1152 2831 1187 2906 et
1212 2828 1285 2904 eius
1300 2829 1328 2924 ²)
1354 2829 1523 2906 exercitus
1550 2831 1691 2925 potitus,
1720 2852 1836 2906 omnes
1866 2833 1948 2925 bap-

398 2951 538 3029 tismum
574 2951 741 3046 suscipere
768 2954 804 3027 et
829 2950 930 3026 fidem
966 2951 1193 3027 Christianam
1229 2951 1381 3046 profiteri
1416 2952 1536 3044 iussit,
1573 2951 1802 3030 detrectantes
1840 2952 1949 3048 capita

400 3071 578 3162 mulctari,
616 3075 794 3167 Popseque
829 3073 967 3148 Urbano
1004 3073 1229 3168 supplicavit,
1263 3074 1302 3147 ut
1329 3073 1365 3147 iu
1391 3072 1547 3166 reliquiis
1574 3073 1689 3168 gantis
1715 3073 1832 3166 illius,
1871 3072 1948 3148 reli·

399 3195 532 3291 gionem
560 3194 761 3270 catholicam
788 3195 958 3289 professis,
987 3195 1179 3290 episcopum
1206 3195 1437 3287 constitueret,
1465 3218 1526 3290 pro
1553 3183 1799 3290 neophytorum
1825 3193 1944 3270 confir·

400 3316 546 3392 mationa
572 3318 607 3392 et
632 3316 874 3416 stabilimento.
903 3317 953 3392 Do
979 3339 1044 3409 quo
1072 3321 1128 3410 (ne
1155 3317 1195 3391 de
1221 3319 1407 3393 commento
1426 3316 1523 3412 argui
1542 3315 1723 3412 possimus)
1750 3316 1947 3392 mandatum

399 3437 622 3534 apostolicum
649 3437 837 3513 Gnesnensi
864 3437 1113 3532 archiepiscopo
1140 3459 1301 3532 superea
1327 3460 1362 3514 re
1389 3438 1529 3530 lactum,
1558 3437 1662 3514 hahes
1680 3437 1946 3532 infrascriptum:

510 3557 723 3647 ,Alexander
749 3558 937 3654 Episcopus
963 3559 1085 3634 Servus
1112 3559 1289 3634 Servorum
1316 3559 1394 3651 Dei,
1428 3559 1622 3635 Venerabili
1648 3559 1750 3634 fratri
1784 3557 1949 3653 archiepi-

407 3703 526 3774 ,seopo
552 3680 760 3770 Gnesnensi,
800 3681 953 3754 Salutem
988 3681 1023 3756 et
1055 3681 1273 3774 apostolicam
1308 3680 1585 3758 benedictionem.
1630 3681 1684 3756 Ex
1712 3681 1809 3776 parte
1835 3678 1951 3756 dilecti

407 3801 503 3893 ,filii,
540 3801 664 3876 nobilis
690 3800 755 3876 viri
781 3800 931 3875 Boleslai
958 3801 1135 3877 Oracoviae
1161 3803 1196 3877 ot
1223 3801 1453 3876 Sandomirioe
1488 3801 1591 3878 Ducis
1618 3801 1792 3880 Ecclesiae
1826 3801 1949 3878 Roma·

408 3946 490 4012 ,uae
516 3924 637 4015 devoti,
675 3924 742 3998 tuit
769 3923 865 3997 nobis
894 3923 1068 3998 humiliter
1094 3923 1332 4018 supplicatum,
1369 3926 1409 3998 ut
1436 3947 1511 4000 cum
1538 3926 1655 4000 contra
1680 3945 1832 4020 paganos
1858 3924 1951 3999 Iara-

407 4067 543 4134 ,czones
558 4043 607 4139 ⁸),
642 4045 699 4138 qui
726 4047 835 4120 terrae
863 4043 969 4138 ipsius
1005 4044 1109 4120 Ducis
1136 4043 1282 4119 confines
1309 4044 1483 4136 existunt,
1512 4067 1572 4139 per
1598 4049 1632 4120 te
1659 4067 1697 4120 ao
1724 4046 1951 4141 suffraganeos

407 4171 504 4257 ,tuos
531 4167 716 4261 praedicari
744 4165 1014 4242 mandaverimus
1040 4165 1187 4240 Verbum
1215 4165 1340 4256 (trucis,
1369 4167 1404 4242 ot
1429 4167 1501 4242 tam
1529 4189 1589 4260 por
1615 4167 1688 4258 hoc,
1717 4188 1819 4260 quam
1851 4165 1952 4243 etiam

407 4310 488 4383 ,per
513 4287 783 4363 exhortationem
818 4289 1017 4364 dilectorum
1053 4285 1199 4363 filiorum
1226 4285 1393 4361 hlinorum
1419 4287 1598 4379 Fratrum,
1636 4287 1733 4381 quasi
1768 4309 1830 4382 pro
1858 4287 1951 4362 mmo

407 4411 631 4504 ,speraretur
659 4410 747 4503 quod
773 4409 875 4484 iidem
901 4409 1027 4505 pagani
1054 4409 1097 4484 ad
1123 4409 1223 4484 fidem
1250 4407 1400 4484 converti
1426 4408 1570 4484 debeant
1595 4406 1834 4501 Christianam,
1863 4409 1951 4504 ipso·

409 4553 569 4625 ,rumque
605 4534 697 4607 terra
731 4553 939 4627 paganorum
975 4531 1083 4608 eidem
1118 4530 1204 4606 Duci
1231 4529 1289 4621 sit,
1327 4530 1366 4604 ut
1392 4528 1531 4621 asserit,
1568 4531 1611 4606 ab
1636 4527 1835 4624 Apostolica
1869 4530 1951 4606 Sede

411 4675 595 4744 ,concessa
624 4653 761 4749 praefici
788 4653 935 4746 aliquem
962 4651 1086 4728 ibidem
1112 4651 1306 4747 episcopum
1333 4651 1531 4728 faceremus.
1558 4650 1705 4742 Ideoque
1729 4649 1953 4727 Fraternitati

408 4778 508 4864 ,tuae
540 4795 599 4869 per
626 4773 812 4869 apostoliea
838 4774 965 4869 scripta
991 4775 1208 4866 mandamus,
1246 4774 1432 4867 quotenus,
1461 4771 1500 4859 si,
1518 4770 1568 4846 ita
1593 4773 1665 4864 est,
1693 4770 1821 4847 eisdem
1847 4795 1951 4868 paga·

409 4896 494 4988 ,nis,
523 4899 702 4990 postquam
729 4895 772 4971 ad
798 4895 898 4982 fidem
930 4895 1080 4972 conversi
1107 4894 1236 4971 fuerint
1262 4893 1502 4985 Christianam,
1536 4893 1712 4968 dummodo
1747 4893 1840 4969 terra
1865 4893 1953 4988 ipso·

409 5041 506 5108 ,rum
532 5018 623 5092 infra
650 5017 794 5093 alicuius
821 5017 1034 5113 episcopatus
1070 5016 1199 5093 limites
1225 5038 1293 5092 uon
1320 5013 1459 5106 existat,
1496 5013 1646 5108 aliquam
1680 5035 1857 5109 personam
1883 5015 1952 5090 ido·

410 5163 540 5234 ,usam,
569 5141 772 5218 auctoritate
798 5143 924 5234 nostra,
953 5142 1026 5218 sine
1052 5141 1156 5218 alieni
1183 5139 1268 5216 iuris
1294 5138 1510 5234 praeiudicio,
1539 5138 1576 5214 in
1601 5138 1796 5235 episcopum
1819 5137 1953 5214 madeas

410 5264 605 5360 ,deputare
631 5265 758 5340 Datum
784 5263 944 5341 Romae.“

516 5525 540 5609 ¹)
563 5527 767 5606 exploratores
795 5523 865 5593 God.
888 5525 981 5594 Roar.
1020 5522 1048 5613 ⁹)
1070 5539 1140 5586 suus
1162 5523 1222 5585 Ed.
1244 5523 1333 5609 Εὗρε.
1369 5518 1594 5606 ³)1aczviugos
1622 5517 1694 5584 Ood.
1716 5519 1809 5585 acar.
