4192 6272
177 469 238 564 (Α.
260 470 305 546 ὓ.
325 471 446 566 mes.)
788 493 899 546 ursus
926 493 1110 548 ocravus.

240 887 388 960 tibertus
415 886 565 962 lustriae
583 887 654 958 ltux
679 885 827 960 ldulluur
853 888 972 978 Regem
999 887 1122 961 occidit
1149 892 1183 960 et
1209 888 1241 961 in
1267 889 1375 960 locam
1402 887 1473 994 eius
1500 885 1654 960 succedit.

280 1127 527 1202 Nonnullorum
554 1127 748 1202 Electerum
775 1108 970 1222 Principum
1007 1127 1159 1222 Imperii,
1201 1127 1261 1218 qui
1302 1126 1528 1204 conditionem
1563 1125 1683 1201 Adulfi
1703 1125 1726 1221 ¹)

177 1249 404 1322 Romanorum
431 1247 539 1343 Regis
565 1249 758 1342 despectum
785 1248 828 1322 iri
856 1249 1099 1340 moliebantur,
1127 1247 1290 1322 hibertus
1318 1249 1397 1362 Dux
1422 1245 1604 1338 lustriae,
1633 1246 1726 1321 filius

176 1368 351 1462 Radulphi
365 1368 394 1462 ²)
421 1369 647 1442 Romanorum
675 1367 792 1463 Regis,
821 1369 931 1442 tultus
957 1368 1134 1463 praesidio,
1174 1370 1292 1444 contra
1332 1369 1522 1463 praefatum
1561 1366 1727 1441 Adulfum

177 1489 403 1581 Romanorum
430 1489 559 1584 Regem
586 1489 779 1584 consurgit;
807 1491 843 1564 et
870 1512 971 1584 prope
998 1489 1222 1565 Wormatiam
1250 1489 1286 1563 iu
1313 1491 1395 1580 loco,
1425 1488 1484 1582 qui
1510 1489 1635 1564 dicitur
1652 1488 1726 1562 Ha·

178 1610 311 1702 senpul,
339 1609 545 1684 exercitibus
571 1609 748 1702 utriusque
776 1620 913 1704 magna
928 1633 1044 1704 pugna
1079 1611 1193 1685 'lertio
1228 1611 1344 1684 Nonas
1380 1609 1462 1683 Iulii
1499 1607 1727 1684 concurrenti-

179 1731 253 1819 bus,
282 1727 431 1803 neonus
457 1730 533 1804 Rex
561 1733 779 1808 succumbens
806 1729 978 1820 occiditur,
1007 1729 1104 1806 etin
1132 1732 1240 1806 locum
1268 1730 1340 1806 eius
1375 1728 1537 1805 Albertus
1571 1729 1731 1804 Austriee

178 1849 257 1921 Dux
285 1849 391 1924 uictor
417 1853 459 1924 ab
485 1851 698 1925 Electoribus
733 1851 929 1945 hlaguutiae
970 1852 1098 1926 electus
1138 1853 1345 1946 surrogatur.
1392 1850 1495 1925 Ouios
1531 1849 1728 1925 electionem

177 1969 242 2042 etsi
268 1970 466 2046 Bonifacius
492 1973 630 2047 octavus
666 1974 701 2046 et
727 1974 912 2066 approbare
952 1974 1132 2066 negasset,
1161 1971 1442 2068 consurgentibus
1470 1967 1597 2046 ‘tamen
1639 1971 1729 2045 inter

176 2092 306 2184 Papam
331 2091 545 2167 Benilacium
571 2095 606 2168 et
634 2092 831 2186 Philippum
859 2094 1022 2168 Francius
1048 2095 1177 2188 Regem
1213 2093 1364 2190 guerris,
1397 2095 1491 2186 Papa
1526 2117 1593 2167 nou
1620 2093 1729 2166 solum

177 2211 376 2287 electionem
403 2236 498 2288 suam
526 2214 747 2308 approbavit,
777 2215 835 2289 sed
861 2217 896 2289 et
923 2215 1079 2309 Regnum
1107 2214 1272 2290 Francius
1310 2213 1363 2287 illi
1400 2213 1643 2288 subiiciendum
1670 2213 1728 2286 de·
1818 2195 1821 2200 ⁵

177 2331 295 2406 creuit.
341 2332 432 2427 Quae
474 2356 529 2409 res
569 2334 751 2408 multorum
794 2335 977 2427 malorum,
1006 2357 1092 2426 quae
1127 2337 1243 2412 secuta
1281 2337 1376 2428 sunt,
1407 2333 1475 2408 fuit
1511 2331 1730 2409 seminarium

178 2455 214 2526 et
241 2451 345 2549 origo.

437 2723 438 2728 Ὗ
496 2801 498 2804 ·
637 2813 844 2928 nunus
880 2812 1105 2928 nonam
1140 2813 1283 2929 raes.

180 3079 224 3152 (tt
252 3077 609 3157 desidiamllledislai
636 3079 761 3152 tontes
797 3097 914 3172 magua
942 3080 1138 3172 praedonum
1166 3081 1317 3170 licentia,
1345 3084 1379 3154 et
1405 3079 1509 3172 pestis
1537 3079 1733 3154 animalium.

282 3317 389 3394 Siluit
416 3319 508 3394 terra
533 3317 692 3393 Poloniae
720 3341 806 3392 anno
835 3317 906 3411 illo,
936 3341 997 3395 uec
1024 3342 1099 3395 eum
1125 3319 1277 3394 externis
1296 3341 1356 3414 per
1375 3317 1554 3393 circuitum
1577 3317 1733 3394 hostibus

179 3441 270 3514 bella
295 3439 422 3534 gessit;
449 3439 661 3516 Wladislsus
688 3463 819 3532 quoque
859 3441 991 3514 Lolrtelr
1028 3439 1182 3516 dominus
1218 3439 1329 3536 Regni
1365 3439 1525 3514 Poloniae
1561 3441 1604 3512 ab
1631 3461 1733 3532 expe·

180 3561 364 3636 ditionibus
392 3560 427 3634 in
454 3560 583 3636 uicinas
611 3559 819 3652 hostilesque
846 3562 954 3635 terras
982 3560 1123 3654 quieuit.
1152 3560 1282 3636 Milites
1310 3561 1424 3635 autem
1452 3559 1525 3652 sui,
1554 3559 1674 3656 spoliis
1700 3560 1736 3634 et

180 3683 278 3776 rapto
306 3681 417 3756 uivere
444 3680 583 3770 assueti,
612 3679 764 3754 externis
791 3679 1036 3773 deficientibus,
1066 3681 1102 3754 in
1128 3680 1281 3775 proprios
1317 3683 1352 3754 et
1388 3678 1586 3756 domesticos
1613 3701 1734 3752 manus

180 3801 402 3876 convertunt:
430 3803 465 3875 et
492 3801 527 3874 in
553 3801 655 3874 terris
681 3799 818 3875 Maioris
846 3800 1024 3892 Poloniae,
1055 3801 1091 3874 in
1118 3801 1241 3894 quibus
1267 3799 1479 3876 Wladislaus
1505 3800 1639 3874 Loktek
1666 3799 1734 3873 fre-

180 3919 340 4012 quentius
368 3943 501 3996 manere
528 3922 759 4012 consueuerat,
787 3920 893 3995 maior
930 3920 1100 4016 oppressio
1136 3943 1342 4016 pauperum,
1370 3922 1591 3995 othonorum
1628 3920 1735 3994 eccle·

181 4039 395 4115 siasticorum
421 4039 565 4134 direptio
602 4041 782 4116 erescebat.
828 4039 874 4113 Et
910 4039 1064 4133 quamuis
1098 4041 1181 4116 haec
1216 4039 1348 4114 iniussu
1384 4037 1566 4116 Wledislai
1602 4037 1733 4130 tierent,

182 4181 304 4255 expers
331 4161 446 4234 tumen
474 4161 594 4255 culpae
621 4160 734 4255 putari
764 4183 830 4233 non
857 4161 1001 4254 poteret,
1032 4159 1090 4254 qui
1108 4160 1300 4236 huiusmodi
1319 4159 1552 4255 oppressiones
1570 4159 1605 4234 et
1626 4159 1736 4254 spolia

182 4303 244 4356 sua
271 4280 541 4356 dissimulatione
568 4281 692 4357 alebat.
732 4279 884 4354 Accesit·
903 4282 938 4354 et
965 4280 1034 4353 alis
1072 4281 1191 4376 Regno
1226 4281 1387 4358 Poloniae
1427 4281 1511 4355 tunc
1551 4277 1734 4374 pernicies:

181 4423 260 4475 nam
289 4400 560 4491 inanimalium,
589 4403 762 4476 brutorum
789 4403 825 4476 et
851 4423 1005 4496 pecorum
1034 4423 1172 4496 corpora
1197 4400 1323 4496 pestis,
1353 4401 1424 4476 siue
1451 4422 1494 4475 ex
1520 4399 1737 4475 inclementia

182 4521 278 4614 coeli,
308 4521 378 4597 siue
405 4522 440 4595 in
467 4521 696 4616 expiationem
723 4523 945 4596 humanorum
981 4522 1146 4596 scelerum
1181 4521 1346 4596 divinitus
1387 4520 1559 4611 immissa,
1601 4521 1737 4594 tentum

181 4643 386 4718 debacchata
412 4644 474 4734 est,
503 4644 543 4716 ut
569 4641 708 4738 plurimi
735 4641 839 4718 etiam
866 4665 910 4716 ex
936 4643 1163 4738 locupletibus
1191 4643 1234 4716 ed
1261 4641 1410 4737 inopiam
1437 4641 1682 4736 redigerentur,
1702 4641 1739 4716 et

182 4763 218 4838 iu
245 4763 349 4837 variis
376 4761 458 4837 locis
477 4785 635 4856 agrorum
663 4761 946 4838 intermitteretur
972 4786 1016 4838 ex
1043 4763 1253 4838 mortalitate
1280 4766 1316 4838 et
1342 4762 1484 4858 penuria
1511 4763 1737 4836 iumentorum

181 4885 217 4958 et
240 4885 350 4974 boum,
374 4883 520 4958 cultura.
548 4885 590 4957 In
618 4883 835 4958 Pomeraniee
863 4907 994 4977 quoque
1019 4886 1146 4960 terram
1162 4883 1190 4978 8)
1218 4885 1368 4959 Saxones
1395 4883 1509 4959 etalii
1528 4883 1643 4959 hostes
1661 4903 1736 4956 see-

184 5004 261 5099 pius
288 5003 448 5100 grassati,
477 5005 612 5099 praedis
638 5006 674 5079 et
700 5004 820 5099 spoliis
846 5027 922 5080 eam
936 5005 965 5099 ⁴)
992 5006 1209 5082 uehementer
1235 5005 1452 5100 premebant:
1481 5002 1737 5080 domesticorum

292 5313 315 5394 ¹)
337 5315 466 5390 Adolphi
488 5316 547 5375 Ec.
565 5315 653 5392 Lips.
679 5311 705 5394 ⁹)
727 5315 875 5392 Rudolphi
897 5313 957 5382 Ed.
981 5316 1069 5395 Lips.
1094 5311 1121 5400 ³)
1143 5320 1238 5382 terres
1260 5313 1320 5380 Ed·
1343 5313 1430 5399 Lips.
1455 5309 1482 5398 ⁴)
1498 5331 1548 5380 cas
1563 5313 1624 5381 Bc.
1647 5312 1735 5396 Lips.
