4208 6282
412 537 487 609 144
1038 555 1150 608 urana
1177 555 1329 608 saxeus.
1699 527 1955 638 (Mbllffi.)

408 742 570 820 lationem
605 761 763 838 agrorum
794 741 829 818 et
855 741 1027 835 uillarum,
1064 742 1186 837 quibus
1220 741 1289 818 ianr
1323 742 1530 837 Myconslous
1565 740 1676 818 Senex
1712 741 1826 836 ignem
1862 740 1955 817 iniiei

408 865 565 958 iusserat,
594 862 810 960 prohibituri.
845 865 920 939 Iam
947 885 1053 958 usque
1079 863 1116 938 in
1142 863 1410 940 Andrneoriense
1438 863 1632 940 coenobium
1658 865 1694 939 et
1721 863 1892 958 oppidum,
1921 864 1955 938 in

407 985 619 1063 Oracoriensi
653 986 777 1063 diocesi
812 986 933 1077 situm,
970 987 1177 1082 Myeenslous
1213 987 1325 1062 Senex
1361 1007 1436 1061 oum
1462 1009 1522 1061 suo
1548 987 1779 1061 tantummodo
1806 985 1956 1060 exercitu

408 1111 625 1206 peruenerat,
664 1107 786 1184 exinde
821 1109 864 1183 ad
899 1107 1038 1183 flurium
1075 1109 1281 1203 Mosngaua,
1318 1111 1464 1202 quatuor
1500 1107 1749 1183 amonasterio
1785 1107 1956 1203 praedicto

408 1230 614 1306 milliaribus
640 1230 883 1322 decurrentem,
912 1229 1040 1304 statiua
1074 1231 1251 1324 posuerat,
1290 1231 1370 1304 dum
1396 1228 1667 1304 [treocalensium
1692 1228 1842 1303 militnm
1856 1241 1955 1303 ¹nun·

407 1352 515 1428 tiatur
542 1351 712 1428 exercitus
737 1350 874 1427 hostilis
901 1350 1087 1426 aduenisse.
1120 1351 1163 1424 In
1189 1373 1227 1426 eo
1254 1350 1369 1444 itaque
1396 1351 1467 1426 loco
1495 1351 1631 1424 infestis
1657 1349 1790 1426 aciebus
1817 1352 1956 1442 uterque

406 1473 577 1551 exereitus
605 1473 784 1550 concurrit.
812 1472 1046 1548 Gracouionses
1064 1472 1154 1548 enim
1172 1471 1299 1547 milites
1326 1473 1473 1547 nondum
1499 1472 1683 1547 auxiliares
1700 1471 1809 1547 Duces
1826 1472 1956 1566 Mycen-

407 1596 481 1670 slao
507 1594 654 1671 scientes
691 1594 886 1685 aduenisse,
924 1617 966 1668 ne
993 1593 1096 1668 simul
1132 1616 1208 1668 cum
1243 1593 1398 1668 omnibus
1433 1615 1586 1689 pugnare
1622 1594 1832 1689 cogerentur,
1869 1591 1956 1666 acies

408 1716 600 1813 llyeonslai,
628 1715 814 1792 faciliorem
841 1715 1014 1790 uictoriam
1042 1715 1262 1806 consecuturi,
1292 1715 1468 1790 inuadunt.
1496 1717 1542 1789 Et
1560 1715 1737 1789 sinistrum
1764 1737 1866 1790 cornu
1888 1714 1956 1788 Ito·

408 1861 528 1915 manus
554 1837 644 1930 Dux,
672 1839 831 1914 dextrum
849 1837 1008 1913 Nicolaus
1026 1837 1200 1932 palatinus
1217 1836 1445 1912 Gracoriensis
1462 1838 1618 1926 brebem
1646 1835 1850 1912 Gouoricius
1870 1836 1955 1909 Son·

408 1957 621 2035 domiriensis
648 1959 822 2054 palatinus
848 1957 884 2032 in
911 1957 1071 2032 subsidiis
1107 1958 1246 2033 relictus
1285 1959 1370 2032 orat.
1417 1957 1471 2032 Ad
1498 1979 1671 2052 uesperam
1698 1957 1764 2032 diei
1791 1955 1957 2051 praelium

408 2082 600 2158 extractum
626 2082 690 2171 est,
728 2102 804 2155 oum
831 2079 868 2154 in
895 2080 1020 2155 Tertiis
1055 2082 1210 2174 coeptum
1245 2083 1344 2170 esset,
1382 2082 1416 2154 et
1443 2079 1526 2154 miro
1562 2079 1737 2174 pugnandi
1771 2079 1890 2154 ardore
1916 2081 1957 2152 ab

407 2202 560 2294 utrisque
586 2203 796 2291 certabatur;
825 2201 978 2296 quamuis
1005 2202 1042 2276 in
1068 2204 1211 2294 utroque
1237 2202 1388 2277 exercitu
1415 2201 1551 2292 fratres,
1566 2201 1714 2296 cognati,
1743 2199 1875 2292 affines,
1905 2222 1956 2276 so·

407 2324 486 2416 ceri,
515 2323 642 2419 generi,
671 2322 906 2416 variarumque
932 2322 1218 2398 necomitudinum
1245 2323 1397 2398 homines
1424 2322 1645 2398 consisterent
1665 2322 1699 2416 ¹),
1729 2343 1825 2398 neruo
1844 2323 1958 2396 tamen

408 2427 569 2537 animum,
596 2467 694 2520 nomo
721 2446 883 2520 feruorem
912 2445 993 2519 belli
1020 2444 1162 2535 remisit,
1191 2466 1287 2519 nemo
1314 2444 1424 2537 fratri,
1455 2447 1596 2540 cognato
1623 2447 1684 2518 aut
1710 2443 1817 2518 arnico
1844 2442 1957 2517 indul·

408 2567 467 2659 sit,
495 2566 554 2643 sed
579 2567 698 2640 mutua
733 2585 771 2641 se
807 2566 905 2640 caede
940 2565 1169 2641 obtruncando
1185 2564 1224 2659 ρ),
1262 2565 1361 2640 iuxta
1396 2566 1498 2657 atquo
1534 2565 1624 2640 inter
1658 2563 1898 2640 infestissimos
1924 2565 1959 2639 et

409 2690 572 2784 perpetua
598 2686 763 2783 guerrffl)
791 2686 994 2763 dissidentes
1021 2687 1146 2779 hostes,
1184 2687 1313 2762 bellurn
1339 2687 1503 2781 agebatur
1516 2686 1556 2781 4).
1600 2685 1812 2781 Quapropter
1838 2687 1959 2762 neutro

410 2812 508 2906 purte
535 2810 713 2885 refellente
727 2809 756 2903 ὅ)
782 2810 942 2904 gadum,
978 2810 1112 2903 strages
1147 2809 1313 2884 horrenda
1347 2809 1547 2884 cadaverum
1583 2807 1742 2901 utrinque
1776 2807 1868 2882 editu
1894 2807 1957 2882 ost.

410 2930 464 3006 Ad
489 2932 598 3009 Duces
625 2953 755 3024 quoque
782 2930 884 3026 ipsos,
914 2930 972 3022 qui
999 2930 1070 3005 suis
1097 2929 1202 3006 laturi
1228 2929 1406 3022 auxilium,
1436 2930 1563 3026 praelio
1590 2951 1637 3022 se,
1665 2929 1832 3025 praelium
1859 2928 1957 3002 resti·

409 3051 531 3145 tuturi,
569 3052 835 3145 immiscuerunt,
872 3053 984 3128 clades
1020 3052 1194 3148 peruenit:
1235 3053 1411 3126 Bolesluus
1448 3051 1614 3144 siquidem
1649 3050 1743 3125 filius
1777 3049 1956 3146 lipeoasloi

409 3175 508 3250 Senis
543 3176 606 3250 sub
641 3173 750 3270 petris
784 3176 966 3270 conspeetu
1005 3174 1125 3250 lancea
1160 3173 1343 3267 traiectus,
1384 3197 1429 3250 ex
1464 3195 1549 3265 equo
1584 3172 1777 3268 defluens⁶l
1811 3171 1955 3267 expiret.

409 3297 616 3394 llpecuslaus
643 3297 754 3372 Senex
780 3296 917 3372 Maioris
943 3295 1102 3372 Poloniae
1128 3297 1208 3370 Dux
1243 3295 1447 3391 agregario
1462 3295 1491 3390 7)
1526 3294 1637 3370 milite
1673 3295 1893 3385 uulneratus,
1921 3293 1955 3366 in

408 3419 570 3512 mortem,
607 3438 764 3494 mucrone
799 3420 931 3494 crebros
964 3417 1053 3494 ictus
1089 3418 1280 3513 repetente,
1317 3419 1493 3512 agebatur,
1530 3416 1568 3491 ni
1603 3417 1702 3512 galea
1736 3417 1888 3492 detractu
1921 3435 1956 3489 so

408 3541 635 3637 Mpecrslaum
661 3542 697 3616 et
723 3540 860 3633 Ducem,
889 3539 1049 3635 parcique
1077 3539 1142 3616 sibi
1160 3542 1196 3616 et
1213 3539 1365 3616 misereri
1392 3539 1594 3636 postulando
1620 3539 1841 3616 exclamasset
1848 3559 1857 3627 ;
1886 3559 1955 3612 rna-

408 3661 542 3738 iestatis
567 3663 680 3739 autem
708 3683 788 3737 suae
828 3665 863 3737 et
890 3661 1029 3738 caniciei
1064 3663 1191 3738 terrore
1227 3661 1325 3738 miles
1351 3661 1571 3758 gregarius&
1599 3662 1783 3756 perculsus,
1811 3684 1879 3736 non
1904 3683 1955 3736 so·

408 3784 482 3860 lum
509 3783 599 3860 ferro
625 3783 803 3876 abstinuit,
832 3784 891 3859 sed
917 3783 1021 3858 etiam
1047 3805 1090 3857 ox
1117 3783 1189 3859 soie
1215 3785 1384 3876 eductum,
1412 3805 1455 3860 ne
1481 3806 1502 3858 a
1528 3805 1696 3877 quoquam
1722 3783 1790 3858 alio
1816 3781 1956 3858 uiolare·

408 3907 477 3999 tur,
505 3905 590 4002 lugu
616 3904 717 3982 celeri
744 3905 810 3980 sibi
836 3907 1010 3981 consulere
1036 3905 1217 4001 persuasit.
1256 3906 1428 3981 Romanus
1455 3905 1593 4000 insuper
1618 3903 1832 3980 Mstislarricr
1859 3905 1957 3982 Wla·

407 4025 612 4102 dimiriensis
637 4026 728 4120 Dur,
757 4025 912 4122 pluribus
938 4027 1133 4103 uulneribus
1159 4028 1298 4104 aduorso
1320 4030 1454 4122 pectore
1481 4025 1639 4122 acceptis,
1677 4028 1756 4102 dum
1782 4047 1860 4102 suos
1886 4027 1957 4102 Itu·

407 4149 531 4224 tlronos
567 4148 692 4244 partim
727 4150 853 4223 stratos
889 4149 1015 4244 partim
1054 4147 1090 4222 in
1116 4148 1234 4245 fugam
1270 4169 1384 4225 uersos
1398 4149 1427 4246 9)
1463 4148 1679 4244 conspiceret,
1716 4173 1734 4224 e
1769 4147 1899 4244 praelio
1924 4151 1960 4224 ot

408 4269 482 4367 ipse
506 4269 696 4367 periculum
722 4269 895 4345 vitaturus
922 4269 1081 4346 declinat.
1109 4270 1229 4345 Multis
1255 4269 1400 4364 denique
1426 4271 1593 4346 militibus
1619 4249 1833 4362 usuraque
1860 4271 1959 4366 parta

408 4393 469 4468 aut
494 4391 623 4484 occisis,
661 4393 721 4467 aut
756 4391 955 4484 vulneratis,
993 4391 1159 4487 praelium
1194 4391 1376 4467 diremtum
1410 4394 1475 4484 est,
1513 4394 1601 4485 quod
1635 4394 1706 4466 tarn
1733 4392 1899 4468 horrendo
1926 4393 1961 4468 ot

409 4513 538 4590 crudeli
564 4514 672 4590 llnrte
698 4514 835 4608 gestum
861 4514 914 4590 ost
934 4512 988 4608 ¹⁰),
1017 4516 1057 4587 ut
1084 4515 1224 4607 uterque
1250 4513 1419 4590 exercitus
1454 4515 1594 4590 cruenta
1630 4514 1778 4590 referens
1804 4515 1958 4604 uulnera,

409 4657 469 4730 pro
495 4634 585 4712 ricto
610 4635 752 4727 abierit,
780 4637 815 4710 et
840 4657 938 4720 nomo
966 4635 1003 4708 in
1029 4634 1224 4711 certaminis
1249 4636 1320 4712 loco
1347 4637 1537 4731 compertus
1563 4636 1617 4710 est
1647 4635 1748 4713 aliter
1767 4635 1829 4730 ¹¹),
1858 4657 1959 4729 quam

409 4757 544 4852 pectore
570 4758 709 4833 aduerso
734 4756 906 4832 cecidisse.
934 4757 1086 4852 (logmata
1113 4779 1219 4849 arma,
1247 4757 1335 4832 acies
1352 4757 1536 4850 fraternae,
1565 4755 1666 4852 signu
1685 4755 1728 4852 η)
1755 4757 1956 4848 communio,

408 4878 509 4954 unius
536 4878 678 4976 patriae,
716 4878 818 4954 unius
843 4877 982 4974 liuguae
1018 4879 1118 4954 robur
1154 4877 1290 4974 ingenio
1318 4901 1436 4973 parum
1463 4899 1556 4972 sano,
1583 4878 1720 4953 infestis
1746 4900 1785 4954 eo
1811 4877 1957 4974 primum

516 5083 541 5168 1)
564 5087 758 5151 constiterant
779 5087 839 5148 Ed.
863 5086 956 5150 Dobr.
996 5085 1023 5166 ⁹)
1046 5087 1255 5150 obtruncantes
1269 5087 1331 5150 Ed.
1345 5088 1440 5150 Dobr.
1479 5085 1506 5166 ³)
1528 5093 1672 5164 perpetuo
1688 5088 1756 5150 odio
1776 5086 1848 5150 coc.
1865 5087 1956 5150 Rorr.

410 5187 438 5272 ⁴)
459 5194 625 5268 gerebatur.
653 5191 725 5256 (lod.
756 5193 848 5254 Rorr.
888 5188 917 5271 ⁶)
946 5191 1095 5253 referente
1130 5191 1201 5254 Geel.
1231 5193 1323 5254 Rozr.
1362 5189 1549 5270 ⁸)delapsus
1583 5191 1655 5254 (lod.
1685 5194 1779 5256 Reor.
1818 5193 1956 5254 desiliens

409 5296 470 5358 Eut.
492 5296 587 5360 Βοῦν.
626 5293 653 5375 7)
684 5297 827 5371 Gregorm
860 5292 933 5357 Coei.
961 5295 1056 5358 Rorr.
1095 5292 1125 5375 ⁸)
1156 5295 1314 5370 Gregorius
1348 5295 1420 5357 Ood.
1450 5297 1542 5358 Roar.
1581 5292 1608 5376 ⁹)
1638 5295 1708 5372 fuga
1736 5297 1869 5373 dilapsos
1897 5297 1956 5358 Ed.

407 5399 502 5463 Βοῦν.
540 5399 581 5481 ¹⁰)
603 5401 761 5476 gerebatur
784 5399 856 5464 coa
879 5401 971 5467 Rorr.
1009 5397 1049 5479 ιι)
1072 5399 1160 5462 aliter
1181 5400 1259 5464 deest
1273 5403 1308 5462 r'u
1334 5400 1405 5464 dod.
1429 5399 1502 5462 Aut.
1541 5399 1582 5480 ¹⁹)
1603 5401 1776 5464 vexillorum
1799 5403 1884 5478 signa
1898 5400 1955 5464 Ed.

408 5503 503 5569 Dobr.
