4172 6278
394 543 466 615 158
1022 565 1134 616 urens
1160 565 1312 617 annuus.
1664 544 1726 638 (Α.
1747 543 1793 620 Β.
1813 541 1936 640 1200.)

391 748 498 824 alium
525 748 714 843 prouinciae
749 748 954 825 Gnesnensis
981 750 1173 844 pontifieem
1200 751 1428 825 anathematis
1455 751 1634 826 innodetur
1661 753 1856 848 opprobrio,
1885 753 1935 827 di·

391 869 472 944 vina
498 869 639 960 ultione,
667 892 726 964 per
752 869 848 944 euius
874 894 995 946 nomen
1021 871 1136 946 fallaei
1163 873 1259 948 eorde
1286 871 1466 963 iuraverat,
1495 873 1695 968 puniendus.
1723 875 1795 950 Ieto
1819 874 1936 948 huius·

263 1059 264 1062 a
392 991 481 1066 modi
516 991 666 1082 foedere,
694 991 837 1066 Dueissa
862 993 995 1067 Helena
1021 1015 1096 1067 eum
1122 993 1292 1068 Lestkone
1327 993 1362 1068 et
1397 994 1568 1086 Gunrado,
1606 995 1724 1069 multis
1759 995 1938 1070 baronibus

390 1135 464 1188 eam
492 1113 781 1207 prosequentibus,
809 1113 934 1188 seeedit
960 1135 1002 1187 ex
1029 1113 1186 1189 (tranauit
1212 1113 1248 1187 in
1275 1113 1529 1206 Sandoniriam,
1557 1115 1704 1206 reliquos
1722 1116 1938 1211 Prinoipatus

391 1232 492 1308 sertis
519 1234 543 1328 ¹)
578 1233 725 1308 filiorum
759 1256 894 1308 suorum
926 1237 1167 1330 gubernatura.
1220 1236 1430 1330 Myeeaslaus
1465 1237 1579 1310 autem
1614 1237 1724 1311 Senex
1758 1237 1939 1312 Monareba

255 1457 260 1465 Ι
391 1355 593 1430 Polonorum
619 1355 776 1445 effeetus,
805 1354 1032 1430 cracoviensis
1058 1355 1227 1446 civitatis,
1256 1354 1344 1428 areis
1370 1357 1405 1429 et
1431 1356 1580 1429 Donatus
1606 1355 1730 1451 aeoipit
1756 1357 1938 1452 possessio·

390 1498 487 1567 nem,
524 1478 662 1570 etpost
688 1497 812 1569 paueos
839 1475 910 1550 dies
937 1475 973 1548 in
1001 1475 1123 1570 oppido
1151 1475 1377 1550 Bithomienei
1405 1477 1554 1550 eastrunr
1582 1477 1669 1552 forte
1695 1477 1870 1568 aedificet,
1900 1480 1939 1552 ut

390 1597 625 1672 Gramuienses
652 1595 779 1672 milites
805 1595 841 1671 in
868 1597 933 1670 fide
961 1597 1150 1687 contineat,
1187 1597 1222 1670 et
1248 1595 1285 1669 in
1311 1595 1505 1671 rebellionis
1530 1599 1687 1672 ereetum
1713 1598 1939 1693 propinquum
2081 1665 2083 1670 ,

391 1717 516 1793 habeat
542 1717 755 1812 praesidium,
784 1739 849 1811 quo
875 1719 972 1792 tutus
999 1717 1155 1792 divertat.
1183 1717 1277 1792 Tune
1302 1715 1403 1792 etiam
1432 1716 1633 1793 Gouorieius
1656 1719 1828 1812 palatinus
1853 1719 1938 1794 San-

393 1837 604 1914 domiriensia
630 1861 674 1914 ex
699 1838 863 1913 Bohemia
889 1838 1071 1914 amisorum
1099 1838 1210 1914 literis
1236 1839 1421 1930 moecatus,
1450 1837 1643 1931 reuertitur,
1671 1841 1707 1915 et
1724 1840 1814 1934 apud
1840 1841 1938 1915 Lest-

393 1962 513 2036 konem
548 1962 584 2036 et
610 1961 800 2036 cunradum
836 1959 982 2055 primum
1017 1959 1159 2034 sortitus
1194 1961 1324 2052 leeum,
1361 1959 1494 2035 Nioelai
1520 1959 1664 2055 palatini
1698 1961 1937 2053 cracoviensis,

392 2080 644 2176 Principatibus
670 2080 798 2172 diuisis,
828 2081 1065 2173 hostilitatem,
1093 2104 1168 2157 eum
1183 2083 1324 2176 uterque
1350 2083 1411 2156 sub
1438 2081 1568 2157 diuerso
1595 2081 1752 2178 Prineipe
1777 2082 1939 2159 oonsiste·

392 2204 445 2279 ret
460 2203 499 2298 ²),
528 2226 596 2278 non
622 2205 811 2278 verebatur.

496 2322 625 2415 Quinta
650 2323 732 2398 Maii
760 2323 884 2399 mensis
912 2323 965 2399 die
992 2325 1103 2400 terrae
1137 2325 1247 2398 motus
1274 2323 1310 2397 in
1337 2325 1537 2398 Polonorum
1573 2323 1719 2419 regione,
1753 2323 1941 2418 vicinisque

391 2443 522 2540 Regnis
548 2447 583 2519 et
609 2443 709 2521 terris
735 2447 799 2520 sub
825 2445 1008 2519 meridiano
1035 2446 1185 2538 temporo
1226 2445 1364 2518 exortus
1406 2446 1440 2518 et
1468 2444 1637 2537 frequenti
1673 2444 1803 2520 dierum
1829 2445 1940 2540 spatie

393 2567 596 2661 resumptus,
633 2567 811 2660 plerasque
825 2564 854 2661 ³)
880 2569 1006 2657 turres,
1038 2567 1152 2640 domos
1165 2567 1214 2660 ¹et
1241 2565 1444 2639 munitiones
1474 2565 1620 2640 attrivit.
1668 2565 1760 2660 Quae
1786 2589 1840 2642 res
1867 2589 1940 2640 rare

392 2687 429 2761 in
447 2686 588 2762 Polonia
612 2687 823 2783 eontingens,
851 2687 947 2763 uelut
973 2685 1166 2782 prodigiosa
1183 2688 1218 2762 et
1236 2686 1325 2781 apud
1352 2687 1530 2780 plerosque
1557 2686 1593 2760 in
1620 2686 1819 2782 religionem
1845 2709 1943 2762 versa

393 2807 582 2885 ridebatur.

497 2927 807 3023 Constantinopolis
833 2927 1033 3004 Graecorum
1060 2927 1200 3019 ciuitas,
1237 2926 1273 3001 in
1301 2950 1368 3019 qua
1393 2929 1475 3002 tune
1500 2926 1666 3002 Askarius
1682 2927 1711 3022 ⁴)
1740 2927 1941 3023 imperabat,

391 3074 415 3126 a
442 3050 581 3126 Venetis
607 3053 643 3126 et
668 3049 809 3124 Franeis
836 3051 980 3145 eapitur.
1008 3049 1110 3124 buius
1137 3048 1248 3144 ceptio
1275 3049 1376 3143 longo
1403 3050 1553 3144 tempore
1580 3073 1646 3124 non
1666 3051 1864 3125 credebatur
1882 3073 1942 3144 pro

393 3195 443 3263 οο,
473 3173 561 3265 quod
588 3171 734 3246 lotatum
749 3170 778 3266 ⁶)
804 3171 883 3262 fuit,
921 3193 994 3246 eam
1020 3195 1086 3245 non
1114 3170 1181 3244 nisi
1210 3193 1268 3265 per
1295 3169 1466 3264 Angelum
1493 3169 1567 3264 eapi
1595 3193 1711 3265 posse;
1748 3172 1806 3246 sed
1832 3171 1941 3245 hosti-

394 3296 457 3367 bus
483 3315 543 3388 per
570 3315 713 3384 murum,
743 3291 799 3367 ubi
826 3291 980 3387 Angelus
1006 3291 1117 3386 pietus
1144 3293 1228 3382 erat,
1266 3290 1484 3382 intrantibus,
1521 3291 1645 3366 ueritas
1671 3291 1737 3366 fati
1764 3294 1800 3367 et
1825 3293 1941 3385 aequi-

394 3413 524 3488 vocatio
551 3412 672 3488 erroris
698 3415 772 3488 turn
800 3412 944 3507 primum
970 3414 1090 3486 notata
1116 3415 1179 3486 est.
1215 3410 1381 3486 Asterius
1407 3413 1522 3486 autem
1549 3413 1944 3507 constantinopolitanum

396 3535 594 3628 Imperator,
624 3535 724 3628 napta
752 3537 841 3624 urbe,
881 3555 997 3608 uersus
1023 3533 1199 3608 Ponticum
1226 3555 1329 3624 mare,
1369 3533 1550 3607 Tarsenam
1577 3533 1726 3624 transiit,
1760 3535 1796 3607 et
1821 3532 1944 3608 abinde

395 3657 512 3748 postea
538 3655 709 3730 Gaalatiarn
736 3654 821 3729 alies
848 3653 1094 3729 Halieziensem
1122 3652 1338 3748 provintiam,
1368 3675 1454 3745 quae
1481 3655 1638 3748 estpars
1664 3653 1942 3728 Russiaehaete·

396 3799 459 3849 nus
486 3777 548 3850 sub
575 3777 773 3850 Polonorum
801 3777 919 3871 Regno
955 3775 1152 3866 eonsistens,
1190 3773 1353 3868 pervenit,
1386 3777 1422 3848 et
1447 3797 1469 3848 a
1494 3775 1645 3849 Romano
1681 3773 1826 3849 Russiae
1852 3775 1944 3849 Duee

396 3895 587 3991 benigniter
601 3896 629 3990 δ)
656 3899 692 3970 et
718 3897 863 3972 humane
890 3897 1087 3990 susceptus,
1129 3896 1296 3969 traetatus
1331 3897 1434 3988 atque
1467 3894 1625 3988 babitus,
1654 3895 1829 3986 aliquanto
1856 3896 1943 3969 tem·

396 4039 476 4112 pore
503 4017 576 4093 illio
603 4017 799 4112 permansit.

698 4379 854 4454 laetatio
882 4379 1073 4453 nonasterii
1101 4379 1213 4452 saneti
1240 4379 1348 4453 lueobi
1375 4379 1408 4450 in
1435 4377 1645 4452 sannanim.

500 4619 645 4696 Adleida
670 4617 886 4695 dominioella
912 4618 1007 4714 virgo
1034 4617 1193 4714 religiosa
1219 4620 1255 4695 et
1281 4619 1410 4710 devota
1439 4616 1693 4694 filiaKauimiri
1719 4617 1800 4693 elim
1826 4619 1947 4694 (braeo-

387 4741 522 4817 -riensis
548 4743 584 4817 et
609 4739 890 4816 Sandomirieusis
916 4741 1030 4832 Duois,
1060 4740 1301 4815 monasterium
1325 4741 1484 4814 Fratrum
1510 4738 1784 4815 Praedieatorum
1811 4743 1875 4814 sub
1901 4740 1947 4814 ti-

396 4863 471 4936 tulo
498 4862 614 4937 Samoti
641 4861 753 4938 Iaoobi
780 4862 816 4936 in
843 4862 964 4957 oppido
991 4859 1255 4937 Sardemiriensi
1291 4861 1413 4934 fundat
1439 4863 1474 4936 et
1500 4859 1615 4955 erigit.
1660 4859 1751 4954 Quae
1776 4859 1814 4934 in
1840 4859 1947 4955 uirgi-

398 4983 507 5058 nitate
533 4984 603 5059 Deo
628 4983 793 5075 serviens,
832 5005 908 5058 eum
943 4981 1042 5058 Anno
1069 4982 1204 5057 Domini
1239 4981 1420 5056 Millesime
1456 4981 1682 5057 ducentesimo
1716 4980 1893 5056 nnleoimo
1907 4981 1947 5072 7t,

398 5105 524 5180 Ootara
549 5103 742 5180 Deoembris
769 5103 858 5179 diem
885 5103 1043 5195 obiisset,
1081 5102 1118 5176 in
1144 5103 1259 5178 eodem
1286 5102 1488 5178 monasterio
1525 5102 1735 5196 sepulturam
1761 5101 1893 5197 aooepit
1908 5102 1947 5196 8).

505 5275 529 5356 1)
552 5283 583 5339 et
604 5285 699 5340 sortes
722 5279 782 5340 Ed.
804 5277 901 5339 Βοῦν.
940 5275 967 5354 ⁹)
990 5281 1139 5338 constaret
1168 5271 1355 5339 Ood.1toar.
1388 5273 1415 5353 ³)
1437 5277 1595 5351 pluresque
1620 5273 1691 5337 θοοῦ.
1714 5276 1807 5336 Rosr.
1842 5271 1869 5353 ⁴)
1891 5277 1949 5336 As-

398 5379 514 5444 charius
535 5381 597 5444 Βῦ.
620 5383 715 5445 Βοῦν.
739 5379 862 5465 (soraee
883 5381 1033 5460 Laetaris)
1065 5377 1092 5462 ⁶)
1114 5379 1205 5442 letale
1228 5381 1287 5440 Ed.
1310 5381 1406 5441 Βοῦν.
1438 5377 1465 5458 ⁸)
1480 5381 1604 5457 benigne
1628 5379 1689 5444 Ed.
1711 5379 1804 5442 Βοῦν.
1838 5376 1948 5458 ⁷)Mil·

398 5487 501 5554 lesimo
524 5486 724 5556 ducentesimo
748 5488 808 5556 Ed.
831 5487 924 5554 Βοῦν.
961 5484 987 5575 ⁸)
1011 5487 1127 5572 sepulta
1149 5491 1203 5550 est.
1227 5485 1286 5548 Bo.
1309 5485 1403 5554 Βοῦν.
