4246 6274
186 573 441 675 (Α.ὓ.·1143.)
793 591 903 652 amun
930 593 1101 674 qumans.
1321 681 1325 690 ι
1521 673 1524 680 ,
1693 570 1714 644 9

185 787 332 862 March-io
364 787 531 862 Moraviae
552 783 715 862 ¹uictorem
742 785 927 861 exercitum
945 786 988 860 ed
1004 787 1147 880 Pragam
1167 784 1353 872 admouere,
1381 784 1526 878 Pnagam
1548 781 1582 877 ¹),
1610 780 1716 856 Theo-

186 910 285 984 baldo
310 909 416 984 fratre
442 930 600 1004 germano
635 908 737 982 Ducis
762 907 943 984 Wladislai
974 908 1017 982 ad
1043 908 1199 982 tuendam
1232 907 1404 982 ciuitatem
1438 907 1639 999 Pragensem
1660 925 1717 980 „re-

185 1032 276 1124 licto,
314 1017 533 1126 nequicquam
567 1031 764 1122 resistente,
802 1032 977 1126 expugnet
1008 1030 1043 1104 et
1077 1029 1243 1123 conquirit
1258 1027 1296 1123 ²),
1332 1027 1569 1120 ecclesiamque
1605 1025 1717 1100 anthe·

186 1155 376 1230 dralem·et
402 1152 639 1228 monasterium
668 1153 783 1228 Sancti
810 1151 957 1246 Georgii,
985 1153 1147 1246 pluraque
1173 1151 1241 1226 alia
1267 1152 1339 1226 loca
1364 1151 1432 1224 Deo
1459 1149 1569 1223 dicate
1589 1150 1624 1223 et
1643 1169 1718 1243 pro·

188 1277 268 1350 iana
293 1275 443 1350 incendit
469 1274 574 1370 autb
600 1275 776 1366 subuertit,
815 1295 1001 1369 magnaque
1036 1275 1135 1348 caede
1160 1276 1194 1347 et
1221 1273 1416 1347 crudelitate
1451 1272 1486 1345 in
1516 1269 1718 1346 ecclesiasti-

186 1419 240 1472 cos
266 1399 300 1472 et
326 1399 513 1472 saeculares
532 1409 624 1486 usus,
649 1398 816 1472 Ducatum
842 1385 1057 1470 Bolremioum
1084 1395 1233 1485 sortitur,
1261 1418 1282 1469 a
1307 1417 1372 1488 quo
1398 1395 1474 1488 post
1501 1415 1621 1488 paucos
1647 1391 1718 1466 dies

91 1609 99 1626 ἱ
186 1520 336 1594 Ounmdo
363 1520 570 1614 Imperatore
595 1541 717 1613 genero
725 1517 752 1613 ⁴)
779 1539 838 1592 suo
865 1518 1054 1594 Wladisleo
1072 1519 1244 1611 personale
1262 1517 1389 1592 ferente
1415 1515 1579 1590 auxilium
1596 1514 1633 1608 ⁶),
1662 1513 1718 1588 de-

144 1673 149 1683 ·
186 1641 292 1716 iectus
317 1635 381 1717 eet.
448 1665 452 1680 ¹

632 2003 837 2118 nunus
872 2002 1096 2117 nonnul
1134 2001 1265 2118 rnna.

187 2255 314 2331 lustror
339 2254 509 2330 wladislai
534 2254 704 2366 baciacum
730 2255 901 2332 tristinen
927 2275 983 2349 pro
1010 2257 1116 2349 mutia
1142 2239 1316 2331 obtinenda
1341 2251 1506 2344 accedunt,
1536 2255 1570 2327 et
1596 2251 1718 2328 nnllam

489 2391 490 2394 ‘
862 2379 1046 2473 inpetrant.

292 2613 461 2696 Gliscente
487 2619 523 2695 in
548 2619 619 2697 dies
645 2619 824 2698 Wladislai
851 2622 1050 2697 Polonorum
1075 2619 1177 2696 Ducis
1204 2620 1238 2695 in
1266 2619 1387 2697 fratres
1413 2641 1489 2695 suos
1515 2617 1717 2706 Boleslaum,

188 2731 411 2839 llyeaaslaum
429 2745 464 2818 et
485 2743 667 2819 Henriaum
693 2745 801 2820 Duces
827 2765 927 2819 saeva
948 2744 1142 2840 tyrannide,
1170 2742 1291 2838 dum⁶)
1318 2743 1383 2817 ianr
1410 2741 1531 2818 iratres
1549 2743 1573 2817 ii
1588 2743 1615 2837 7)
1643 2743 1719 2838 plu·

187 2864 281 2942 ribus
316 2865 445 2958 eastris,
482 2865 686 2958 civitatibus,
723 2866 864 2962 oppidis,
883 2881 886 2886 “
902 2866 1143 2943 munitionibus
1169 2868 1204 2941 et
1230 2865 1490 2961 possessionibus
1523 2887 1543 2938 a
1569 2865 1720 2960 praelato

190 2986 377 3064 Wladislao
403 2989 506 3080 Duce,
544 3011 641 3083 quem
676 3011 756 3064 sune
790 2989 971 3084 pupillaris
1007 2988 1204 3065 conditionis
1240 2989 1458 3083 protectorem
1494 2987 1718 3082 sperauerant,

189 3109 284 3184 exuti
311 3111 434 3203 forent,
462 3109 544 3202 quid
570 3112 686 3207 agant,
714 3135 779 3204 quo
806 3134 841 3187 se
867 3113 1011 3202 uertant,
1048 3111 1143 3188 ouius
1178 3134 1272 3206 opem
1299 3109 1490 3206 implorent,
1518 3108 1721 3184 resistantne

43 3229 50 3244 '
190 3232 288 3308 tratri
315 3233 400 3308 Duai
426 3233 625 3326 Wladislao,
653 3256 697 3308 an
723 3255 800 3309 suos
825 3233 1040 3330 Principatus
1066 3233 1218 3329 occupari
1245 3231 1369 3326 sinant,
1398 3253 1532 3328 prorsus
1550 3231 1719 3326 ignorant.

189 3353 230 3428 ln
258 3355 428 3450 publicum
455 3355 587 3450 quidem
615 3357 728 3433 uenire
753 3378 828 3432 cum
854 3358 960 3433 fratre
995 3357 1172 3448 certamen,
1209 3356 1245 3432 et
1270 3357 1364 3430 aetas
1385 3353 1551 3429 infirmior
1589 3355 1625 3430 et
1650 3353 1720 3427 fra·

190 3475 254 3550 trie
284 3477 465 3552 Wladislai
492 3478 644 3574 potentia
669 3478 783 3575 suist
808 3479 935 3555 uiribus
961 3479 1061 3575 longe
1087 3477 1246 3574 superior,
1275 3499 1341 3569 eoa,
1370 3477 1644 3570 consulentesque
1662 3497 1721 3570 pro

189 3596 304 3693 illieb
331 3599 538 3694 prohibebat,
567 3600 690 3676 veritos
709 3599 751 3697 ¹⁰)
777 3600 891 3694 etiam,
919 3625 961 3678 ne
987 3601 1023 3676 in
1040 3601 1145 3677 uictos
1172 3600 1309 3696 grauim
1332 3599 1510 3695 quicquam
1529 3601 1607 3674 Dux
1624 3598 1719 3676 Wla-

189 3719 317 3796 dislaus
343 3721 497 3797 irritatus
522 3725 721 3815 consuleret,
758 3723 896 3820 gerique
916 3724 959 3819 ¹¹)
985 3747 1055 3800 rem
1081 3723 1183 3798 umis
1208 3726 1244 3799 et
1268 3723 1356 3799 ferro
1383 3723 1472 3798 inter
1497 3723 1630 3813 iratres,
1662 3711 1719 3795 ne'·

169 3841 272 3917 mini
299 3865 422 3935 eorum,
458 3843 517 3938 qui
543 3867 603 3940 pro
629 3845 771 3941 pupillis
797 3847 944 3938 stabant,
972 3847 1056 3920 satis
1083 3847 1247 3941 placebat.
1291 3845 1332 3919 In
1360 3843 1583 3920 misericordia
1608 3843 1722 3936 itaque

190 3964 225 4039 et
250 3964 404 4061 precibus
429 3989 559 4048 omnem
586 3989 679 4062 spem
705 3969 928 4063 reponendam
955 3971 1134 4044 censebant
1159 3969 1193 4043 et
1220 3968 1379 4042 orandum
1410 3966 1634 4044 Wladislaum
1651 3965 1720 4037 Du·

191 4109 273 4180 aem,
301 4089 341 4162 ut
367 4109 428 4162 sua
454 4089 543 4164 sorte
568 4091 756 4181 contentus,
785 4091 923 4165 fratrem
951 4111 987 4167 se
1014 4093 1127 4186 ageret
1147 4088 1189 4184 ¹²)
1215 4113 1281 4164 non
1307 4089 1449 4165 hostem.
1493 4087 1643 4162 Primum
1669 4088 1721 4160 ta·

190 4225 266 4286 men
291 4211 475 4286 consortem
502 4232 597 4286 suam
617 4209 660 4306 η)
687 4211 858 4288 Duoissam
885 4212 1076 4306 Gristinam,
1101 4212 1248 4289 ornnium
1271 4235 1398 4303 eorum,
1434 4234 1518 4304 quae
1544 4213 1617 4285 tum
1643 4231 1721 4304 age·

189 4333 323 4423 bantur,
365 4333 666 4410 commentatricem
702 4335 793 4410 adire
828 4335 1031 4411 suadebant:
1077 4358 1180 4430 eaque
1199 4331 1242 4430 ¹⁴)
1277 4335 1429 4430 placata,
1467 4336 1502 4409 et
1536 4333 1644 4408 virum
1679 4331 1722 4406 ad

190 4453 349 4549 pietatem
375 4454 465 4531 flecti
491 4477 599 4552 posse,
637 4456 792 4532 muliebri
818 4479 896 4534 uero
922 4457 973 4532 ira
999 4481 1064 4533 nou
1091 4457 1297 4553 expugnata,
1325 4459 1360 4533 et
1386 4455 1543 4531 maritum
1569 4454 1720 4529 inexora-

189 4576 292 4652 bilem
309 4575 391 4653 fore.
419 4577 467 4653 Eo
485 4577 623 4654 consilio
649 4577 795 4674 primum
823 4579 982 4655 Ducieeae
1004 4579 1168 4654 cristinae
1186 4602 1246 4674 per
1263 4578 1410 4675 pupillos
1428 4576 1655 4674 supplicatum
1666 4575 1720 4670 ¹⁶),

192 4698 419 4796 prostratique
445 4701 515 4776 tres
540 4701 647 4776 Duces
675 4701 709 4776 in
737 4701 881 4777 feminae
907 4703 1106 4797 conspectu,
1138 4724 1204 4776 non
1231 4703 1302 4776 tam
1327 4701 1479 4792 uocibus,
1508 4721 1607 4793 quam
1633 4697 1721 4773 fieti·

121 4827 129 4836 '
189 4821 251 4896 bns
276 4823 312 4897 et
337 4819 506 4912 lamentis,
534 4845 593 4917 per
619 4843 826 4898 communem
852 4823 1061 4920 sanguinem,
1093 4824 1149 4916 qui
1178 4823 1249 4898 illis
1275 4843 1350 4898 cum
1376 4823 1446 4898 uiro
1473 4823 1508 4896 et
1533 4843 1643 4897 secum
1670 4842 1721 4895 es-

191 4947 253 5036 set,
281 4945 433 5020 orabant:
461 4947 627 5039 quatenus
653 4945 866 5042 Principatus
891 4951 926 5023 et
952 4946 1184 5043 possessiones,
1213 4967 1295 5041 quas
1321 4967 1380 5042 pro
1406 4945 1476 5020 suis
1503 4945 1663 5036 sortibus,
1688 4945 1724 5017 et

198 5138 201 5144 ¹
298 5151 325 5234 ¹)
348 5171 412 5214 earn
440 5152 511 5215 eod.
534 5155 626 5216 Roer.
665 5152 839 5233 ²)aoquin't
864 5153 934 5216 (iod.
957 5155 1049 5217 Rorr.
1087 5151 1114 5234 3)
1136 5161 1223 5231 etque
1248 5152 1319 5230 Coei.
1346 5155 1435 5216 aare.
1473 5149 1501 5233 ⁴¹)
1523 5171 1625 5213 socero
1652 5151 1723 5212 Ood.

193 5256 282 5319 Beer.
323 5253 351 5336 ⁸)
375 5259 535 5319 subsidium
557 5259 616 5319 Ed.
636 5259 731 5320 Dobr.
770 5257 797 5337 θ)
820 5278 941 5336 cumque
967 5258 1037 5322 (iod.
1061 5261 1153 5321 Roas.
1188 5257 1342 5337 ⁷)fretres
1364 5260 1386 5318 ii
1407 5260 1484 5320 dccet
1497 5259 1532 5320 e'a
1558 5255 1628 5318 Ood.
1651 5255 1722 5317 Aut.

196 5358 360 5440 ⁸)illorum
387 5361 457 5425 Ood.
480 5363 570 5424 Roar.
609 5359 636 5441 ο)
660 5370 690 5424 et
712 5366 761 5440 qui
783 5366 820 5426 ab
842 5367 957 5426 illorum
979 5365 1110 5440 partibus
1133 5370 1217 5425 erant
1242 5360 1426 5450 Cod4Rorr.
1464 5361 1506 5442 ¹⁰)
1528 5365 1628 5424 ueritis
1653 5358 1724 5423 (lod.
1798 5423 1804 5428 ,

192 5465 282 5530 Rorr.
323 5465 364 5546 11)
386 5473 536 5539 statueret,
553 5469 615 5542 geri
630 5471 747 5530 omnino
774 5469 844 5532 Ood.
867 5471 958 5532 Roer.
1000 5467 1039 5549 Π)
1062 5469 1212 5530 exhiberet
1229 5467 1299 5531 Ood.
1313 5469 1404 5530 Roer.
1426 5474 1542 5542 gereret
1556 5467 1615 5528 Ed.
1631 5467 1723 5528 Dobr.

198 5568 237 5652 ¹³)
257 5573 337 5634 illiue
364 5571 434 5634 Ood.
450 5573 541 5635 Rern.
584 5568 623 5652 ¹⁴)
647 5591 682 5636 ea
705 5575 781 5636 onim
807 5575 877 5636 (lod.
901 5575 993 5638 Rorr.
1035 5569 1291 5658 ¹³)-supplicatun
1313 5579 1359 5635 est
1385 5571 1455 5635 θοι).
1478 5573 1570 5635 Rom.

242 5707 265 5760 d.
278 5708 370 5762 Dianas.
385 5708 468 5754 meter.
482 5709 560 5753 Polou
574 5707 599 5754 Τ.
613 5708 645 5758 11.
1554 5698 1569 5750 8
