4246 6274
336 493 338 498 ¹
387 528 447 600 22.
1006 549 1118 602 araas
1145 549 1318 611 omarus.
1347 643 1350 650 ι
1682 529 1744 622 (Α.
1762 529 1811 644 D.
1832 531 1938 625 1145.)

384 737 464 810 Dux
490 739 566 810 oum
592 735 827 811 Rutbenorum
853 735 1003 812 Ducibus
1029 737 1065 810 et
1092 735 1209 829 paucis
1235 735 1434 829 quibusdam
1461 737 1646 832 effugiens,
1676 760 1792 813 uersus
1819 739 1936 814 Sraoo·

385 856 476 930 viam
504 877 526 930 a
552 855 624 930 suis
651 856 803 932 desertus
829 857 1010 947 concessit,
1041 878 1257 950 moerensque
1283 859 1318 932 et
1344 857 1538 932 calamitate
1565 859 1706 953 plenus,
1735 883 1838 951 equos
1865 884 1937 936 mu·

385 979 499 1069 mado,
528 976 721 1052 Gracoviam
742 979 815 1053 siue
834 978 983 1052 militum
1003 977 1205 1070 frequentia,
1225 979 1321 1052 velut
1339 979 1368 1052 si
1381 979 1404 1072 ¹)
1424 979 1576 1074 priuatus
1601 982 1699 1070 foret,
1729 981 1882 1075 pervenit
1897 982 1936 1076 Ξ),

386 1101 687 1193 documentumque
713 1121 773 1174 suo
800 1101 953 1194 exemplo
981 1101 1016 1173 et
1043 1098 1279 1193 praesentibus
1314 1101 1350 1174 et
1386 1099 1528 1194 posteris
1564 1101 1676 1191 dedit,
1715 1125 1757 1174 ne
1793 1101 1870 1194 quis
1896 1103 1938 1178 de

385 1219 538 1334 potentia
572 1219 761 1312 confidens,
790 1220 825 1294 in
853 1220 996 1295 aliorum
1033 1219 1280 1315 oppressionem
1318 1243 1393 1294 cum
1429 1212 1517 1316 legis
1551 1221 1684 1298 diuinae
1710 1229 1745 1298 et
1771 1223 1938 1299 humanae

386 1341 673 1437 praeuaricatione
708 1345 744 1416 et
779 1342 982 1418 salutarium
1019 1340 1222 1415 monitorum
1258 1341 1471 1418 obauditione
1507 1341 1764 1418 inexorabiliter
1798 1344 1937 1439 aspiret.

386 1461 561 1558 Principes
588 1462 777 1554 Boleslaus,
806 1464 1013 1559 blyeczslaus
1039 1466 1075 1538 et
1100 1462 1268 1538 chrious
1294 1463 1435 1539 uictoria
1462 1465 1610 1540 modeste
1637 1445 1711 1556 usi,
1739 1465 1939 1560 omnesqui

385 1607 428 1660 ex
455 1584 593 1659 Polonis
620 1584 711 1679 rapti
739 1585 886 1676 fuerant,
915 1583 1074 1660 libertate
1100 1585 1323 1659 donaverunt.
1355 1585 1408 1658 Ex
1435 1607 1541 1678 eoque
1568 1588 1718 1680 tempore
1745 1608 1799 1660 res
1825 1609 1939 1662 eorum

385 1707 502 1780 contra
528 1705 756 1781 Wladislaum
782 1707 923 1811 fratrem
959 1707 1174 1800 prosperatae
1209 1709 1309 1796 sunt,
1338 1707 1374 1780 et
1400 1704 1513 1780 omnia
1539 1727 1625 1798 quae
1651 1706 1724 1780 illie
1751 1709 1940 1782 abstulerat

386 1826 479 1901 breui
505 1829 714 1921 recuperata.
768 1827 896 1901 flustris
923 1825 1061 1921 insuper
1087 1828 1158 1900 bam
1185 1825 1367 1916 Wladislai
1392 1810 1615 1918 ¹Polorrorum,
1653 1850 1753 1918 quam
1789 1827 1894 1902 trium
1908 1825 1938 1922 ³)

386 1949 621 2024 Rutbenorum
649 1948 779 2022 Ducum
816 1947 916 2042 pot'ti
974 1947 1077 2022 uariis
1113 1969 1244 2040 quoque
1264 1947 1314 2022 ¹en
1341 1947 1510 2023 manubiis
1546 1947 1722 2040 utriusque
1757 1949 1937 2040 exercitus,

385 2067 536 2144 Polonici
562 2067 721 2144 uidelicet
747 2071 782 2144 et
809 2067 1013 2159 Ruthenici‚
1051 2067 1151 2142 ditati
1182 2069 1301 2159 rebus,
1330 2069 1446 2162 plures
1472 2089 1532 2163 pro
1560 2068 1612 2142 sui
1640 2069 1773 2159 solatio,
1802 2091 1868 2144 non
1895 2092 1938 2144 ex

386 2189 531 2285 propriis
558 2189 802 2280 tautummodo,
830 2189 887 2264 sed
915 2188 1018 2264 etiam
1045 2211 1088 2264 ex
1116 2188 1306 2264 forensibus
1334 2188 1462 2263 milites
1488 2191 1714 2266 armaverant.
1759 2190 1939 2264 Rutbeno-

385 2333 460 2386 rum
487 2311 597 2385 Duces
624 2309 888 2401 Suauthoslaus,
917 2310 1088 2384 Isaaslaus
1105 2312 1141 2385 et
1158 2309 1466 2385 Wsaeuuldimirus
1481 2309 1510 2404 4)
1536 2333 1595 2405 per
1613 2312 1731 2406 fugam
1749 2310 1940 2386 draccum

388 2431 617 2522 aduenientes,
646 2430 767 2506 exinde
790 2435 861 2505 tam
879 2431 1058 2524 militibus,
1089 2453 1190 2524 quam
1217 2431 1317 2505 rebus
1344 2429 1474 2523 nudati,
1495 2430 1530 2504 in
1549 2431 1709 2506 Russiam
1727 2453 1801 2507 cum
1822 2431 1939 2528 paucis

386 2551 629 2629 commilitibus
655 2552 795 2628 rediere.

489 2671 700 2749 docleatinae
726 2674 893 2750 secundus
919 2674 1023 2768 Papa,
1052 2694 1128 2747 cum
1156 2671 1327 2748 mensibus
1355 2671 1515 2766 quinque,
1545 2672 1662 2749 diebus
1684 2672 1843 2749 tredecim
1863 2677 1941 2748 tan-

386 2795 557 2869 tummodo
584 2794 737 2885 sedisset,
766 2794 894 2870 Rornae
922 2793 1064 2868 moritur
1090 2795 1125 2866 et
1149 2793 1239 2886 apud
1256 2795 1463 2869 Lateranum
1478 2793 1506 2889 ⁶)
1530 2793 1716 2889 sepelitur;
1744 2793 1798 2869 cui
1816 2794 1942 2869 Lucius

388 2915 563 3007 secundus,
593 2914 729 2990 natione
755 2913 978 2990 Bononiensis
997 2937 1041 2988 ex
1060 2916 1156 3008 patre
1174 2913 1326 3006 Alberto,
1355 2915 1515 3006 succedit,
1535 2915 1587 2992 uir
1606 2938 1666 3010 pro
1685 2897 1941 2991 mansuetudine

387 3040 423 3112 et
448 3035 644 3111 humilitate
671 3035 735 3127 sui,
765 3035 876 3111 officio
903 3034 1033 3110 Summi
1061 3033 1249 3116 Sacerdotis
1275 3034 1410 3131 dignus,
1439 3036 1498 3130 qui
1525 3059 1568 3112 ex
1595 3039 1797 3132 Presbytero
1823 3037 1940 3112 (lardi-

388 3158 459 3233 nali
494 3157 590 3232 tituli
625 3157 770 3232 Sanctae
796 3156 911 3232 Grrrcis
946 3155 981 3230 in
1018 3158 1146 3250 Papam
1180 3159 1393 3251 assumptus,
1431 3160 1538 3232 totam
1575 3157 1671 3232 illam
1706 3158 1880 3233 ecclesiam
1907 3161 1944 3233 et

388 3281 572 3354 claustrum
599 3277 784 3353 renovarit.
838 3279 875 3352 Is
889 3277 918 3372 6)
945 3299 966 3352 a
992 3276 1155 3353 Romanis
1190 3299 1328 3372 grauem
1365 3277 1629 3373 persecutionem
1658 3301 1798 3374 passus,
1827 3279 1942 3354 venire

387 3401 579 3475 (luuradum
606 3400 833 3474 Mmanorum
860 3399 989 3494 Regem
1016 3399 1058 3473 ad
1082 3419 1177 3473 suam
1204 3397 1431 3474 defensionem
1459 3399 1569 3474 litoris
1595 3399 1767 3475 invitarit.
1796 3401 1940 3475 Romani

389 3521 478 3596 enirn
506 3519 652 3615 priscum
683 3521 851 3616 fulgorem
887 3518 1113 3615 resumpturi,
1150 3518 1272 3594 creatis
1299 3520 1510 3596 senatoribus
1536 3523 1572 3596 et
1598 3520 1771 3616 patriciis,
1800 3521 1942 3596 Lucium

388 3644 516 3735 Papum
544 3643 584 3716 de
611 3641 840 3716 oblationibus
867 3643 902 3716 et
928 3640 1067 3716 decimis
1093 3641 1310 3733 antiquorum
1342 3643 1551 3717 sacerdotum
1577 3665 1678 3718 more
1704 3643 1815 3718 uivere
1842 3663 1940 3737 coge·

389 3765 489 3854 bant,
518 3761 667 3837 omnium
705 3763 872 3858 regalium
908 3761 999 3837 intra
1025 3763 1150 3838 Urbem
1178 3766 1213 3838 et
1239 3765 1337 3838 extra
1373 3763 1438 3838 sibi
1475 3763 1630 3855 nequiter
1665 3763 1855 3858 usurpando
1883 3786 1941 3858 po-

390 3885 563 3958 testatem.
591 3885 720 3958 Horum
748 3885 912 3959 malorum
940 3883 1050 3960 taedio
1078 3885 1172 3978 Papa
1200 3886 1344 3958 vexatus
1370 3883 1462 3960 brevi
1489 3887 1640 3979 tempore
1666 3883 1868 3980 supervixit.
1924 3931 1927 3938 ι

494 4003 679 4078 Henricum
715 4005 1012 4079 Olomunorensem
1052 3995 1250 4099 episcopum¹
1280 4005 1423 4079 Romam
1462 4003 1730 4099 proficiscentem
1769 4004 1943 4079 (lunrodus

390 4124 539 4200 diarchia
566 4124 734 4210 Morauiae
765 4124 945 4219 pacificeb
973 4123 1144 4219 captivare
1171 4124 1355 4199 nitebatur.
1410 4125 1474 4220 Qui
1501 4127 1580 4199 dum
1608 4147 1729 4199 manus
1755 4147 1834 4199 suas
1859 4127 1941 4200 effu·

392 4247 511 4340 gisset,
539 4245 714 4322 cunradus
740 4245 889 4322 Marohio
916 4245 1143 4320 familiaribus
1170 4245 1342 4338 aliquibus
1368 4246 1515 4341 episcopi
1553 4245 1750 4337 trucidatis,
1789 4245 1944 4340 omnique

392 4389 454 4441 sua
482 4367 687 4462 supellectili
716 4369 889 4462 usurpata,
919 4365 1066 4462 hospitio
1093 4367 1195 4442 etiam
1222 4367 1404 4462 episcopali
1432 4367 1577 4460 incenso,
1606 4366 1755 4444 recessit.

417 4733 869 4809 fundatio-nonasterium
890 4734 925 4807 ln
946 4732 1057 4808 tanda
1084 4737 1118 4808 et
1140 4733 1173 4806 ln
1193 4731 1456 4826 braguensem,
1482 4749 1656 4828 aaronque
1682 4734 1919 4827 praerogativa.

496 4973 639 5051 Diuinae
669 4973 903 5069 propitiationi
939 4975 1121 5049 humanam
1156 4972 1303 5069 gratiam
1329 4973 1539 5069 Myeczslaus
1566 4973 1677 5050 Senex
1703 4975 1782 5047 Dux
1808 4973 1944 5049 blaioris

502 5269 526 5348 1)
547 5271 670 5346 perinde
693 5277 782 5346 atque
804 5271 863 5331 Ed.
879 5270 973 5331 Dobr.
1009 5267 1035 5347 ⁹)
1057 5269 1176 5330 advenit
1197 5269 1257 5329 mot.
1273 5269 1366 5330 Dobr.
1398 5265 1426 5350 ³)
1451 5269 1577 5330 omnium
1598 5267 1658 5329 Ed.
1674 5267 1766 5330 Dobr.
1799 5263 1827 5351 ⁴)
1842 5268 1944 5330 Wsze·

393 5375 570 5437 wlodimirus
596 5374 667 5439 dod.
683 5372 757 5436 Ant.
789 5371 817 5455 5)
840 5376 870 5439 in
892 5373 1084 5440 Lateranerisi
1107 5373 1232 5439 aeclesia
1254 5373 1313 5439 Ed.
1329 5373 1423 5440 Dobr.
1456 5369 1483 5455 6)
1506 5373 1561 5472 Qui
1587 5371 1658 5438 dod.
1674 5370 1747 5434 Aac.
1781 5369 1945 5451 ⁷)occulta

400 5479 471 5547 aba
494 5480 587 5548 acer.
1732 5515 1734 5519 -
