4192 6272
173 519 234 613 (Α.
255 521 301 597 D.
322 523 444 618 1292.)
789 549 901 602 nnana
928 549 1121 602 sarrruus

171 941 292 1014 ltarnn
318 945 416 1034 pacta
443 942 511 1016 lura
538 942 676 1017 iurnnrlo
704 944 789 1017 iuter
814 945 983 1018 llenrlonrn
1018 945 1321 1020 wratislaviensem
1357 947 1669 1042 taguicreussnrno
1697 955 1731 1024 ct

171 1062 356 1138 boleslaum
384 1063 656 1139 srinnrozeunon
682 1066 786 1139 buces
813 1085 985 1158 germanos
1005 1071 1118 1142 contra
1138 1068 1318 1142 bnnrrrlun
1337 1069 1585 1161 (lingoniensem
1602 1072 1730 1162 bucon,

648 1189 737 1261 nullo
764 1193 875 1263 tanen
902 1191 1060 1281 prolecto,
1087 1191 1264 1265 llrnrutur.

275 1428 508 1522 Repressurus
535 1452 656 1524 graves
684 1431 847 1524 praedas,
877 1430 1093 1508 excursiones
1129 1433 1164 1507 ot
1201 1431 1357 1507 incendia
1392 1432 1561 1507 Henricus
1588 1434 1730 1524 quintus

172 1547 467 1624 wratislaviensis
494 1552 529 1625 et
555 1551 793 1645 Legniczensis
819 1553 909 1641 Dux,
938 1575 1023 1643 quae
1050 1553 1113 1626 sibi
1141 1555 1176 1626 et
1202 1553 1389 1628 Drrcatibus
1416 1553 1488 1628 suis
1506 1577 1566 1648 per
1584 1554 1729 1628 Ounrndi

170 1669 406 1765 Glogoriensis
434 1671 537 1745 Ducis
564 1673 913 1748 subministrationem
941 1673 1190 1768 irrogabantur,
1219 1697 1416 1770 gerrnanurn
1445 1697 1543 1749 suurn
1572 1677 1725 1748 bolesla-

170 1813 226 1865 um
255 1791 534 1868 Suidnicnensem
560 1795 698 1886 Ducem,
727 1795 823 1872 cuins
849 1797 995 1870 mentem
1033 1796 1216 1890 largitione
1251 1797 1389 1870 durorum
1427 1797 1644 1891 oppidorum,
1674 1798 1729 1871 Ia·

169 1935 237 1988 vor
263 1913 420 1990 videlicet
446 1917 482 1990 et
508 1917 695 2011 Strnogom,
724 1940 760 1993 se
787 1919 938 1993 crederet
974 1917 1038 1992 sibi
1076 1919 1112 1992 in
1139 1921 1248 1993 totum
1276 1919 1494 2011 conciliasse,
1522 1919 1563 1992 de
1590 1919 1727 1994 ferendo

170 2037 288 2110 contra
314 2037 516 2113 Onnrnrlurn‘
533 2038 791 2134 Glogoviensern
818 2041 956 2132 Ducem,
986 2041 1263 2134 quemadmodum
1301 2040 1514 2115 iureiurando
1552 2041 1726 2135 pollicitus

171 2158 256 2248 erat,
285 2159 415 2233 auxilio
437 2158 470 2254 ¹),
503 2161 657 2254 requirit.
703 2160 767 2256 Qui
804 2185 893 2237 nunc
932 2163 1152 2257 languorem,
1180 2185 1270 2238 nunc
1308 2162 1456 2236 rnilitum
1498 2161 1727 2253 renilontiarn,

168 2302 259 2355 nunc
285 2279 518 2376 intemperiem
546 2283 634 2356 aeris
661 2285 827 2378 allegans,
856 2283 1054 2374 cunctando,
1084 2287 1284 2380 tempusque
1303 2285 1522 2376 extrahendo,
1540 2273 1724 2358 Hernicum

171 2401 312 2476 fratrem
339 2404 655 2480 Wratislaviensern
682 2407 807 2480 Ducem
825 2405 851 2502 ⁹)
879 2406 1033 2480 fallebat.
1062 2408 1128 2480 Pro
1155 2407 1363 2500 exploranda
1389 2407 1503 2499 itaque
1521 2407 1557 2480 et
1574 2406 1726 2482 sananda

168 2523 317 2598 Boleslai
345 2525 601 2602 Srridnionensis
627 2527 731 2602 Ducis
748 2527 775 2622 ⁸)
803 2529 926 2616 urente,
955 2529 1043 2601 alter
1071 2527 1264 2602 instituitur
1291 2529 1492 2602 conventus:
1521 2527 1556 2601 in
1577 2549 1642 2620 quo
1660 2529 1725 2601 Bo·

169 2645 276 2721 leslao
304 2647 539 2724 Suidniczcnsi
567 2651 658 2723 Duce
674 2647 702 2744 ⁴)
728 2650 865 2724 tenuem
892 2671 928 2722 se
954 2651 1078 2724 sortem
1105 2652 1147 2724 ab
1181 2648 1328 2724 Henrico
1354 2648 1629 2725 Wratislaviensi
1656 2650 1727 2723 Du·

170 2787 207 2841 ce
221 2767 249 2864 6)
276 2770 443 2865 recepisse
470 2774 642 2861 causante,
671 2774 914 2862 recusanteque
940 2792 1145 2862 succursura,
1174 2771 1343 2846 Hernicus
1369 2770 1664 2847 wratislaviensis
1691 2773 1727 2844 ot

168 2889 408 2984 Legniccensis
435 2894 514 2966 Dux
528 2892 557 2986 ⁶)
593 2891 660 2966 tria
699 2913 833 2966 rursum
862 2893 913 2966 illi
942 2893 1084 2988 oppida,
1113 2892 1272 2968 videlicet
1307 2892 1583 2988 Repchernbach,
1612 2893 1720 2966 Fran·

169 3011 312 3088 kenston
327 3013 357 3107 7)
396 3015 499 3108 atque
525 3014 672 3089 Strnelin
700 3015 742 3088 nd
770 3014 883 3109 priora
910 3014 1048 3105 adiicit,
1077 3037 1266 3107 novumque
1292 3017 1328 3089 et
1354 3014 1516 3089 iteratum
1554 3013 1722 3088 iusiuran-

169 3133 249 3208 dum
276 3134 420 3230 accipit,
450 3137 666 3232 pollicentem
702 3157 738 3211 se
775 3135 929 3210 omnibus
963 3135 1090 3211 viribus
1125 3137 1160 3211 et
1187 3135 1370 3232 potentiiS,
1410 3139 1510 3211 rebus
1546 3158 1678 3229 quoque
1695 3135 1725 3229 8)

168 3255 316 3331 fortunis
342 3259 378 3332 et
404 3257 539 3353 proprio
566 3280 700 3352 corpore
727 3279 763 3332 se
790 3258 974 3333 Henrioum
1003 3261 1120 3333 contra
1147 3258 1337 3332 (lunrndum
1365 3257 1571 3332 adiuturum.
1607 3259 1725 3332 Parem

164 3380 280 3454 tamen
307 3381 415 3456 altero
442 3380 541 3456 iuxta
567 3403 606 3456 ac
633 3380 738 3476 priori
764 3383 974 3455 sacramento
1001 3381 1086 3456 dans
1104 3380 1285 3456 virtutem:
1315 3381 1546 3474 praevaricato
1566 3381 1723 3472 utroque,

168 3503 398 3578 cunctatorem
427 3527 462 3579 se
489 3503 611 3600 magis,
640 3525 741 3597 qnam
769 3503 955 3578 adiutorem
984 3503 1131 3598 nogotiis
1158 3503 1262 3578 Ducis
1290 3503 1428 3578 Henrici
1457 3503 1662 3597 praestabat.

165 3871 256 3946 l’anli
284 3873 428 3965 episcopi
456 3873 680 3947 bracariensis
707 3892 796 3946 rrrors
822 3877 857 3948 ot
884 3874 1008 3948 lactum
1036 3873 1069 3946 iu
1097 3873 1250 3966 episcopo
1279 3871 1495 3946 detestabile:
1534 3871 1586 3943 cni
1615 3873 1724 3944 l’rooo·

727 3996 801 4088 pins
828 3997 996 4068 bullenus
1023 3995 1179 4068 succedit.

271 4238 398 4314 Paulus
425 4236 654 4312 cracoviensis
690 4237 866 4332 episcopus
893 4259 966 4312 curn
995 4258 1100 4312 annos
1128 4237 1210 4311 duos
1238 4236 1278 4310 do
1304 4235 1452 4330 triginta
1467 4234 1496 4329 9)
1523 4234 1718 4309 (lraoovien-

166 4381 236 4434 som
264 4358 468 4434 obtinuisset
504 4341 626 4452 sedem,
656 4360 845 4454 penultima
871 4360 925 4434 die
954 4359 1077 4434 mensis
1103 4358 1312 4447 Novembris,
1343 4356 1499 4431 incuria
1536 4379 1597 4430 sua
1633 4357 1721 4451 opis-

164 4481 276 4575 copcli
304 4482 339 4555 in
367 4482 514 4556 Tarszek
535 4481 577 4576 ¹⁰)
617 4483 759 4556 moritur
785 4484 820 4556 et
847 4483 883 4554 in
911 4481 1121 4556 (tracovionsi
1149 4479 1291 4556 ecclesia
1317 4479 1519 4552 tumulatur.
1558 4479 1598 4550 In
1627 4478 1723 4552 cuius

164 4604 275 4678 locum
303 4603 485 4698 Procopius
511 4606 606 4678 ortus
633 4605 673 4680 do
700 4603 845 4694 Russia,
883 4605 999 4678 cantor
1032 4602 1260 4693 Gnesnensis,
1299 4599 1510 4694 praepositus
1546 4601 1721 4674 Sandomi-

163 4725 298 4818 niensis,
328 4726 506 4801 canonicus
533 4726 771 4818 (traconensis
801 4729 837 4801 et
863 4725 1045 4801 Lestlronis
1073 4724 1172 4820 Nigri
1200 4722 1438 4812 cracoviensis,
1468 4722 1721 4797 Sandomirien·
1831 4771 1836 4782 -

163 4848 212 4922 sis
239 4850 275 4926 et
301 4847 502 4924 Siradiensis
528 4849 632 4924 Ducis
659 4849 893 4941 cancellarius,
922 4851 957 4922 et
985 4847 1091 4943 ipsius
1118 4844 1299 4922 Lestlronis
1325 4843 1428 4917 Ducis
1455 4865 1498 4917 ex
1527 4845 1622 4938 parte
1650 4867 1720 4918 nru-

458 5041 580 5050 ...n-—

274 5145 301 5224 ¹)
323 5147 432 5208 auxilio
467 5149 544 5208 deest
579 5148 615 5206 io
652 5145 723 5206 Uoct.
747 5144 821 5206 Aut.
861 5143 889 5226 Ω)
912 5147 1023 5205 Ducem
1054 5145 1187 5206 alcestin
1214 5144 1285 5206 Cocl.
1308 5145 1381 5207 Ant.
1420 5144 1447 5221 ³)
1470 5144 1562 5203 Duris
1587 5142 1665 5202 donst
1688 5143 1723 5200 r'n

167 5247 240 5312 Occi.
263 5249 337 5313 Ant.
361 5247 388 5328 ⁴)
410 5251 494 5311 Duce
516 5253 643 5312 alcestin
667 5249 736 5312 (lod.
760 5249 834 5310 Aut.
860 5247 886 5328 ὓ)
908 5251 991 5310 Dure
1013 5250 1094 5310 deest
1116 5253 1151 5309 ia
1171 5248 1240 5310 ond.
1263 5249 1337 5311 Aut
1363 5247 1389 5326 6)
1412 5251 1479 5310 Dux
1501 5249 1579 5308 deest
1594 5249 1628 5306 in
1651 5247 1723 5306 Cori.

162 5354 238 5417 Aac.
264 5351 291 5432 ⁷)
313 5356 574 5432 Reymcbembach,
597 5356 782 5415 Franlresten
810 5353 881 5416 Occl.
904 5357 997 5416 Beer.
1030 5351 1057 5430 8)
1080 5360 1168 5428 atque
1192 5355 1251 5414 Ed.
1279 5350 1362 5431 Lips.
1398 5351 1427 5436 ⁹)
1451 5355 1525 5413 dnos
1549 5358 1579 5412 et·
1601 5353 1724 5426 triginta

147 5439 240 5522 ⁴Cori.
264 5461 355 5521 Roar.
383 5457 426 5540 ¹⁰)
448 5461 618 5520 Tharsohek
644 5458 714 5521 (lool.
738 5441 830 5521 Roar.

213 5615 235 5658 J.
250 5613 341 5665 Blaene.
356 5614 441 5658 motor.
455 5613 534 5656 Polou.
550 5615 575 5655 Ψ.
590 5613 622 5656 11.
1532 5617 1565 5663 55
