4208 6282
418 556 465 628 le
535 537 537 543 ⁴
1033 571 1144 624 arena
1170 570 1341 634 ausurus.
1696 547 1759 643 (Α.
1779 543 1824 644 Β.
1844 547 1952 644 1170.)

457 887 604 981 lladgaro
623 887 775 980 epiranpe
794 886 1059 963 llladirlarianai
1078 883 1225 960 raeaedit
1241 885 1418 976 liemarus,
1438 887 1472 958 et
1489 885 1631 958 waltero
1650 883 1908 960 wratislaviensi

1098 1009 1271 1096 ΖὶῐοοιοιιιΙ

518 1235 696 1349 liudgerus
717 1248 1014 1328 wladislaviensis
1040 1231 1226 1346 episeopus
1254 1128 1453 1325 addendis
1471 1271 1588 1326 nouom
1615 1251 1766 1343 sedisset,
1794 1253 1951 1347 absump-

416 1381 473 1451 tus
490 1377 542 1451 est
558 1377 594 1451 et
612 1374 648 1449 in
665 1373 941 1450 Wladislariensi
968 1373 1108 1450 ecelesia
1134 1373 1287 1469 sepultus
1308 1371 1341 1468 ¹),
1370 1373 1569 1450 Wemerum
1597 1373 1733 1449 natione
1758 1371 1951 1468 Almanam,

416 1497 610 1603 sanonicum
637 1495 963 1589 wladislaviensem,
996 1519 1017 1572 a
1046 1495 1288 1592 capitularibus
1315 1496 1457 1572 eleatum
1485 1498 1520 1571 et
1546 1519 1606 1591 per
1631 1495 1861 1572 Alexandrum
1888 1499 1952 1571 Pa·

416 1643 494 1716 pam
520 1618 658 1695 tortium
686 1617 865 1724 prouisum,
894 1618 1012 1694 hebuit
1040 1640 1272 1695 auooeseorem.
1417 1604 1419 1610 ¹

431 1759 433 1766 ’
520 1741 622 1817 Sexto
649 1741 1012 1840 CalendasFebruarii
1039 1741 1212 1818 Walterns
1238 1739 1527 1818 Wratislaviensis
1554 1737 1728 1837 episeopus
1759 1741 1842 1816 obiit
1868 1741 1950 1816 ooli·

416 1887 453 1940 ea
480 1867 643 1956 rexatus,
681 1861 739 1956 qui
766 1864 893 1940 dnobus
919 1867 954 1939 et
979 1862 1104 1960 viginti
1130 1863 1228 1938 annis
1255 1863 1431 1940 cathedrae
1457 1863 1660 1958 praesidens
1692 1863 1950 1940 wratislavien-

416 2009 485 2062 sem
512 1984 686 2062 eeclesiam
712 1985 862 2082 ligneam
888 1987 1067 2082 reperiens,
1096 1985 1319 2082 pulcherrimo
1338 2009 1431 2060 muro
1449 1986 1636 2078 fabricavit,
1665 1989 1700 2061 et
1717 1986 1952 2081 Lugdunensis

416 2109 605 2212 Galliarum
631 2107 790 2184 eoelesiae
817 2108 1023 2202 carimonias,
1056 2109 1205 2186 ordinem
1232 2112 1266 2186 et
1292 2111 1427 2184 nantum
1457 2108 1591 2184 ineam
1618 2109 1817 2185 introduxit.
1862 2109 1952 2184 Huio

415 2231 586 2305 Ziroslaus
612 2231 747 2307 natione
782 2231 926 2306 Pelorus
953 2234 988 2306 et
1014 2253 1134 2328 genere
1166 2231 1287 2307 nobilis
1322 2229 1481 2306 sueoessit
1507 2231 1562 2306 via
1587 2230 1740 2306 sorutinii
1766 2233 1903 2323 oleatus,
1931 2253 1952 2306 a

416 2355 515 2428 Petro
542 2353 684 2429 seeundo
719 2353 966 2449 archiepiscopo
1001 2353 1199 2446 Gnesnonsi,
1236 2354 1384 2430 Boleslai
1418 2352 1493 2429 Alii
1525 2353 1628 2429 Dueis
1662 2353 1951 2430 Wmtislariemsis

416 2476 592 2580 assedente
626 2475 811 2570 patrooinio
836 2478 871 2552 et
898 2499 1069 2568 consensu,
1107 2476 1322 2552 confirmatus
1348 2478 1383 2552 et
1410 2476 1444 2551 in
1472 2476 1610 2553 eeclesia
1645 2476 1837 2556 Galissiensi
1873 2499 1950 2554 oon·

416 2601 576 2693 serratus,
604 2621 655 2698 ex*
673 2597 804 2674 familia
830 2598 1128 2694 maestiorem
1154 2601 1275 2674 ortum.

563 2967 793 3062 sranrlapall
818 2969 905 3044 ilina
930 2967 1099 3044 llladirlai
1125 2969 1222 3064 lagia
1249 2969 1418 3044 dolamine
1445 2971 1478 3044 ln
1505 2971 1637 3046 axilinrn
1664 2971 1804 3064 pellitur.

519 3209 755 3307 Suanthopelk
788 3211 969 3288 Wladislai
984 3209 1010 3308 ³)
1046 3212 1152 3310 Regis
1178 3209 1357 3289 Bohemiae
1391 3213 1482 3288 filius
1517 3214 1713 3290 seditionem
1749 3215 1785 3289 in
1819 3217 1951 3310 petrem

416 3355 632 3425 eommorens,
661 3333 857 3428 Wopslanm
872 3334 899 3430 ⁴)
926 3337 1092 3428 baronem,
1121 3334 1216 3410 euius
1250 3335 1399 3411 oonsiliis
1426 3337 1633 3412 Wladislaus
1659 3339 1732 3412 Rex
1759 3339 1948 3432 regebatur,

416 3454 505 3530 inter
531 3477 648 3530 manus
663 3454 691 3550 ⁶)
717 3455 875 3532 Indithae
900 3457 1051 3552 Reginae
1086 3457 1237 3534 conantis
1263 3458 1361 3532 illum
1396 3458 1580 3552 defendere,
1613 3443 1837 3534 transfossum
1864 3459 1949 3534 oaoi·

416 3577 476 3651 dit.
519 3579 581 3652 Pro
608 3599 673 3672 quo
698 3577 844 3654 laeiuore
870 3579 906 3653 iu
932 3579 1073 3655 exilium
1099 3604 1120 3656 a
1145 3583 1448 3676 patrenolegatus,
1485 3581 1628 3676 primum
1665 3582 1700 3656 in
1726 3581 1948 3678 Hungariam

394 3699 534 3775 deinde
559 3698 595 3773 in
621 3698 815 3776 Almaniem
841 3724 875 3778 se
902 3705 1086 3796 conferens,
1114 3725 1220 3799 uagus
1242 3702 1413 3798 etaexul⁶l
1441 3704 1475 3778 in
1494 3703 1764 3797 Bohemiamque,
1784 3727 1825 3780 ne
1852 3727 1948 3779 ane-

416 3820 569 3898 eessariis
587 3822 783 3918 Wopslaid
805 3823 986 3900 sustineret
1004 3825 1200 3921 perieulum,
1220 3825 1327 3901 redire
1344 3825 1539 3918 formidans,
1558 3827 1593 3901 in
1612 3825 1769 3901 Almonis
1786 3826 1950 3920 ooeubuit.

519 3943 644 4019 Grandi
673 3944 905 4042 indignatione
923 3947 1098 4023 llstisleus
1113 3949 1141 4042 8)
1159 3945 1365 4024 Isnaslauion
1383 3948 1666 4025 Wludimiriensis
1692 3951 1771 4024 Dux
1798 3949 1953 4024 stimula-

391 4069 483 4157 tus,
511 4065 748 4141 Wlodimirum
774 4069 997 4161 Mstislrauion,
1033 4071 1119 4164 quod
1147 4073 1303 4164 patrnam
1330 4093 1427 4148 suum
1453 4071 1662 4146 Rostislanm
1689 4072 1729 4146 de
1755 4072 1859 4167 Kpora
1885 4071 1951 4147 eie·

416 4189 517 4278 oerat,
546 4186 628 4279 (ἴθ’)
654 4187 759 4283 Kyou
785 4189 957 4283 propellit.
994 4190 1063 4284 Quo
1091 4193 1133 4265 ad
1160 4192 1344 4266 Poloueaos
1371 4191 1579 4288 diffugiente,
1607 4189 1782 4267 Metislaus
1806 4193 1950 4268 Iszasla-

415 4307 494 4381 uisa
522 4307 686 4402 possidere
713 4311 817 4404 Kpou
845 4311 964 4406 eoepit.
1001 4311 1093 4406 Quod
1119 4311 1270 4389 Andreas
1297 4315 1374 4388 Dux
1401 4315 1441 4422 de
1467 4314 1647 4390 Snusadala
1667 4313 1710 4410 ¹⁰)
1736 4339 1801 4391 non
1828 4316 1949 4405 ferens,

416 4430 523 4504 lilium
551 4453 647 4504 snum
675 4431 866 4507 distislaum
893 4457 968 4508 eum
994 4435 1197 4511 Rostowonis
1225 4440 1259 4511 et
1286 4437 1533 4524 Wlodirniroais
1564 4439 1680 4512 eontra
1706 4438 1803 4512 illum
1831 4439 1950 4513 mittit.

416 4552 475 4626 dui
503 4553 667 4627 auxilium
695 4555 796 4628 laturi
825 4559 957 4648 (tantus
984 4557 1107 4653 quippe
1124 4559 1209 4633 livor
1229 4559 1269 4654 ¹¹)
1297 4537 1485 4654 petionibus
1513 4561 1694 4635 multorum
1713 4564 1828 4637 eontra
1854 4561 1951 4636 lrsti-
2007 4541 2011 4551 ¹

417 4675 526 4748 slaum
553 4675 760 4751 Isnaslauiez
788 4677 969 4774 insederat)
997 4703 1112 4754 norem
1139 4681 1281 4756 itussiae
1307 4683 1422 4780 Duoes
1441 4683 1653 4774 conueniunt,
1682 4683 1838 4760 videlieet
1863 4685 1952 4760 Hleb

416 4797 662 4893 Pereaslausky
683 4798 735 4892 ¹²),
764 4800 936 4874 Rornanus
955 4802 1160 4878 Sinolnensis
1180 4800 1232 4896 13),
1261 4803 1369 4878 David
1386 4803 1672 4880 Wiszehrodensis
1692 4805 1745 4900 ¹⁴),
1773 4805 1953 4882 Wlodimir

414 4917 656 5010 Andrueouioz‚
693 4921 883 4997 Demetrius
910 4923 1056 5020 Georgii,
1093 4924 1256 5020 Georgius
1283 4929 1318 5001 et
1344 4927 1508 5022 Sioupeez
1526 4925 1569 5021 ¹⁵)
1605 4927 1767 5022 germani,
1807 4928 1891 5002 Oloh
1918 4931 1952 5003 ei

523 5127 546 5207 ¹)
569 5133 709 5204 sepelitur
731 5133 791 5193 Ed.
806 5133 899 5193 Βοῦν.
939 5129 966 5217 ⁹)
989 5135 1085 5196 Rosea
1104 5134 1174 5196 Ood.
1197 5137 1289 5197 Βοῦν.
1324 5133 1351 5213 ³)
1374 5137 1538 5197 wladimiri
1555 5137 1613 5197 Ed.
1637 5138 1731 5198 Βοῦν.
1771 5133 1799 5216 ⁴)
1821 5137 1951 5200 Vielenm

415 5233 475 5294 Ed.
498 5234 591 5294 Βοῦν.
631 5233 658 5312 ⁵)
681 5239 710 5295 in
733 5238 864 5297 menibus
891 5237 960 5299 Ood.
983 5239 1076 5300 Βοῦν.
1115 5235 1141 5317 ⁶)
1163 5257 1261 5314 vagus.
1278 5243 1401 5316 exnlqne
1416 5244 1576 5318 vivebatet
1598 5243 1658 5302 Ed.
1673 5243 1767 5303 Βοῦν.
1808 5240 1835 5320 ⁷)
1858 5245 1951 5305 Vislai

409 5338 475 5426 Ed.
498 5339 591 5400 Βοῦν.
630 5336 657 5418 ⁸)
680 5341 851 5401 Msczislaus
878 5343 947 5403 Cod.
970 5345 1062 5404 Roar.
1097 5341 1126 5423 ⁹)
1150 5363 1186 5405 err
1208 5345 1267 5406 Ed.
1290 5347 1385 5406 Βοῦν.
1425 5345 1464 5424 ¹⁰)
1489 5347 1593 5426 Susdel
1608 5348 1668 5408 Ed.
1691 5347 1785 5408 Βοῦν.
1822 5343 1863 5426 ¹¹)
1887 5355 1951 5408 tan·

347 5511 351 5518 ¹
414 5449 475 5502 tnm
497 5443 603 5518 quippe
627 5445 723 5504 odium
757 5445 826 5506 Ood.
849 5447 941 5507 Βοῦν.
980 5445 1020 5524 ¹²)
1043 5449 1133 5508 Oleoh
1155 5450 1399 5511 Pereasleviensis
1422 5453 1481 5513 Ed.
1504 5453 1599 5516 Βοῦν.
1636 5449 1675 5530 ¹³)
1699 5453 1868 5514 Smoliensis
1891 5449 1951 5518 Ed.

414 5547 508 5612 Βοῦν.
546 5543 1075 5630 14)ῦῦγεεονςνοῦίοοείεΕοῦ.Βοῦν.
1117 5550 1156 5635 ¹⁵)
1180 5554 1310 5619 Slaniecz
1337 5555 1407 5622 God.
1433 5559 1524 5622 Roar.
1548 5559 1652 5622 Slauio
1674 5558 1733 5621 Ed.
1756 5559 1849 5624 Βοῦν.
