4208 6282
377 543 451 616 154
1004 563 1116 616 nunna
1143 563 1296 618 snxrus.
1669 539 1732 636 (Α.
1751 539 1798 617 Β.
1816 541 1921 636 luo.)
1947 629 1953 636 ,

376 769 569 824 communes
595 750 740 832 barones,
770 748 1007 825 reooneiliatus
1042 749 1145 844 patri,
1184 771 1282 843 quern
1318 747 1460 824 iuvenili
1495 747 1679 824 ambitione
1713 749 1920 841 forsennet

375 872 512 964 propter
530 869 642 945 odium
660 869 853 945 Adilheidis
873 871 897 965 ¹)
923 893 1095 963 novamne,
1124 893 1199 947 eum
1225 869 1315 946 lilios
1341 892 1384 944 en
1410 893 1450 946 ea
1475 872 1648 966 susoeptos
1674 869 1805 946 videret
1823 893 1845 945 u
1862 891 1919 965 pu·

375 993 428 1065 tre
455 990 519 1064 sibi
547 989 723 1084 praeferri,
754 991 928 1066 nonnullis
954 991 1122 1065 militibus
1139 990 1175 1065 id
1193 990 1324 1067 sasinus
1342 991 1582 1082 nutrientibus,
1610 992 1651 1067 de
1669 992 1803 1066 Duoatu
1821 991 1919 1068 Wra-

373 1111 563 1186 tislariensi
590 1113 786 1208 propulerat
802 1113 841 1208 ²).
869 1113 936 1188 Hio
962 1113 1065 1188 etiarn
1092 1113 1262 1188 Iurosleus
1288 1113 1499 1188 donationem
1526 1112 1729 1188 deeimarum
1751 1111 1920 1188 novalium

372 1254 432 1327 per
460 1231 649 1308 Ziroslaum
676 1213 961 1328 praedeeessorum
989 1255 1087 1308 suum
1114 1232 1316 1309 monasterio
1342 1234 1491 1310 Lubensi
1517 1233 1554 1308 in
1580 1236 1652 1311 toto
1669 1233 1840 1309 territorio
1857 1233 1918 1308 Ie-

371 1353 545 1448 gniozensi
573 1355 709 1446 laeum,
738 1356 834 1429 velut
860 1377 993 1430 mensae
1019 1355 1203 1450 episcopali
1230 1355 1415 1450 plurimum
1442 1357 1605 1448 nooiuam,
1638 1355 1788 1432 irritavit
1803 1352 1843 1450 ³).

475 1475 699 1571 Principalior
727 1477 962 1552 Ruthenorum
988 1478 1078 1570 Dux,
1111 1477 1361 1552 Swunthoslaus
1379 1477 1581 1572 Kporiensis
1599 1477 1794 1573 Prinoeps‘)
1820 1475 1919 1551 mori-

371 1594 429 1667 tur
463 1598 499 1670 et
534 1595 569 1670 in
596 1595 736 1671 eeclesia
762 1597 878 1670 Sunoti
914 1597 1052 1692 cyrilli,
1091 1619 1192 1688 quarn
1223 1599 1320 1691 paler
1346 1619 1428 1672 suus
1454 1597 1739 1693 Onirnyoeriensis
1765 1598 1844 1672 Dux
1870 1597 1920 1671 la·

372 1716 573 1809 briourerat,
601 1717 775 1811 sepelitur.
814 1720 896 1792 Post
921 1719 1016 1792 ouius
1045 1719 1182 1793 mortem
1210 1718 1322 1792 Rurilr
1348 1718 1579 1794 Rostisleuion
1606 1721 1685 1793 Dux
1712 1718 1803 1813 apud
1828 1719 1919 1812 Kyo·

375 1837 507 1912 aienses
526 1838 709 1933 prineipuri
724 1839 753 1933 6)
779 1838 910 1933 ooepit;
939 1841 997 1914 sed
1023 1861 1099 1913 oum
1119 1861 1178 1933 per
1196 1839 1406 1935 Kyovienses
1432 1840 1594 1934 temporis
1621 1861 1776 1935 prooeasu
1803 1840 1920 1934 pulsus

373 1961 475 2051 esset,
504 1961 546 2033 od
572 1960 760 2035 Polemonos
787 1959 951 2055 confugit.

832 2317 1043 2431 ANNUS
1078 2317 1303 2431 DOMINI
1338 2319 1472 2432 1199.

374 2566 538 2638 bonanus
564 2567 635 2638 llnx
661 2567 875 2640 liuliorienris
902 2567 990 2642 broni
1019 2585 1146 2640 onnon
1173 2586 1234 2641 sue
1259 2566 1430 2658 opernm
1457 2567 1663 2641 nobilitatem
1688 2566 1920 2641 ilalirziomon

867 2708 939 2762 onn
965 2693 1088 2763 terrore
1113 2689 1293 2763 rioinorun
1319 2689 1434 2780 pordit.

477 2926 724 3003 Halieniensem
752 2927 955 3022 prurinoiam
982 2929 1154 3002 Romanus
1190 2927 1477 3004 Wladirniriensis
1503 2928 1582 3001 Dux
1613 2927 1742 3018 favore,
1770 2925 1919 3002 liberuli-

373 3050 447 3124 tate
473 3051 509 3124 et
534 3049 717 3145 largitione
743 3049 925 3125 Lestlonis
951 3048 1032 3124 Albi
1059 3051 1261 3158 Polonorum
1288 3049 1392 3124 Dneis
1418 3051 1626 3142 oonseoutus,
1655 3048 1921 3124 Halioniensibus

376 3171 485 3266 eoepit
513 3171 658 3266 primum
685 3191 760 3246 esse
786 3172 942 3264 blandus,
971 3194 1048 3245 mox
1076 3171 1231 3264 infestus,
1265 3173 1300 3246 et
1326 3173 1368 3246 ad
1395 3173 1581 3248 extremum
1610 3173 1834 3262 trueulentus,
1862 3193 1920 3245 nee

373 3314 445 3384 sua,
473 3315 575 3386 quarn
611 3294 652 3368 do
679 3294 826 3388 regendo
862 3292 1069 3369 Halieniensi
1105 3292 1303 3389 Prineipatu
1339 3293 1374 3367 in
1410 3293 1545 3368 iustitia
1580 3295 1615 3368 et
1641 3293 1813 3385 aequitate
1839 3289 1918 3364 Duei

375 3414 577 3488 Polonorum
609 3414 773 3490 Lestkoni
809 3415 1039 3510 praestiterat,
1077 3414 1255 3511 sponsio⁶l
1291 3415 1359 3489 fuit
1385 3417 1542 3490 eonatans
1577 3416 1613 3490 et
1647 3413 1827 3500 diuturnu3
1865 3413 1919 3487 sed

374 3533 589 3610 iureiurando
616 3537 651 3611 et
678 3537 809 3612 foedere
845 3535 1091 3632 praerurimto,
1129 3536 1254 3631 primos
1281 3535 1546 3612 Halieaiensium
1573 3535 1706 3630 nihile)
1731 3535 1856 3609 hostile
1881 3534 1919 3608 de

351 3655 437 3730 'illo
464 3656 710 3751 auspicantium
724 3657 764 3752 ⁸),
793 3659 834 3732 ad
861 3679 897 3734 se
924 3661 1078 3734 evooutos
1093 3658 1121 3751 9)
1148 3657 1310 3757 captivat,
1343 3681 1361 3732 e
1388 3657 1510 3750 quibus
1537 3657 1698 3749 quosdam
1725 3655 1861 3750 publioo
1880 3653 1919 3748 ¹⁰)

374 3777 524 3852 truoidat
542 3778 667 3872 gladio,
696 3778 780 3854 alios
799 3778 933 3872 infodit,
954 3779 1143 3874 mergitque
1157 3779 1284 3870 sabulo,
1313 3778 1399 3853 alios
1425 3779 1637 3854 membratim
1664 3799 1776 3854 eoram
1799 3777 1919 3852 disoen-

375 3899 439 3993 pit,
467 3899 553 3974 elios
579 3899 739 3992 excoriat,
767 3901 852 3976 alies
879 3903 1066 3993 exenterat,
1096 3902 1210 3995 plures
1237 3899 1335 3990 quasi
1362 3899 1497 3994 signum
1518 3901 1561 3995 ¹¹)
1587 3902 1630 3974 ad
1656 3902 1806 3975 statuam
1833 3899 1919 3994 liga-

374 4023 428 4094 tos
455 4020 640 4096 missilibus
666 4019 811 4114 eonfioit,
849 4021 1007 4114 ramoque
1033 4021 1152 4095 mortis
1178 4043 1300 4115 genere
1327 4019 1505 4096 interimit.
1550 4020 1632 4094 Ourn
1659 4023 1773 4096 autern
1800 4019 1919 4095 ooeiso·

373 4163 448 4214 rurn
476 4141 624 4216 militum
660 4141 796 4234 adfines,
833 4141 1073 4238 oonsuuguinei
1100 4144 1135 4216 et
1161 4141 1246 4234 filii,
1275 4143 1310 4216 et
1337 4142 1406 4215 fere
1443 4140 1600 4216 universa
1634 4140 1813 4232 nobilitas,
1851 4143 1919 4215 tam

374 4263 471 4338 foeda
498 4263 699 4338 erudelitate
726 4264 891 4358 perculsa,
929 4263 964 4336 in
991 4263 1119 4339 vieinas
1146 4263 1300 4357 regiones
1328 4262 1530 4356 diffugisset,
1558 4283 1690 4336 omnem
1717 4261 1788 4336 suis
1815 4261 1918 4336 eiula-

373 4384 466 4460 tibus
491 4386 527 4458 et
553 4384 699 4476 querelis
725 4385 761 4458 in
787 4386 991 4461 lestkonem
1019 4385 1219 4459 Polonorum
1246 4386 1371 4458 Duoem
1398 4387 1433 4458 et
1460 4385 1613 4476 Polonos,
1647 4383 1736 4474 quod
1760 4381 1825 4457 sibi
1851 4384 1919 4456 tarn

373 4507 523 4598 efferum,
552 4506 640 4580 nihil
668 4507 802 4600 praeter
827 4507 1011 4581 humanam
1038 4506 1187 4600 effigiem
1214 4505 1353 4578 humani
1390 4505 1568 4579 habentem
1604 4504 1796 4598 Prinoipem
1823 4525 1917 4598 prae·

284 4613 287 4620 Δ
373 4625 547 4718 fodissent,
575 4627 708 4721 eulpam
736 4629 982 4720 retorquentes,
1010 4628 1183 4702 Romanus
1209 4626 1280 4700 suis
1306 4625 1437 4700 artibus
1460 4646 1552 4716 usus,
1581 4625 1762 4718 exquisitis
1790 4624 1917 4700 blandi·

373 4747 498 4822 mentis
525 4748 561 4823 et
587 4747 865 4842 promissionibus
891 4748 970 4822 illos
1005 4750 1138 4822 rorooat
1157 4745 1211 4841 ¹²),
1240 4749 1275 4821 et
1302 4768 1482 4841 parumper
1518 4745 1553 4819 in
1589 4746 1713 4822 honora
1749 4747 1784 4820 et
1810 4746 1919 4821 furore

373 4870 518 4962 habitos,
546 4867 650 4945 uariis
676 4869 813 4942 andem
840 4868 1049 4945 exoruoiatos
1076 4867 1239 4942 interficit
1264 4867 1452 4959 tormentis,
1481 4867 1515 4942 et
1542 4867 1613 4941 iere
1640 4865 1832 4943 uniuersam
1849 4867 1917 4940 Hu-

373 4990 583 5066 lieuiensium
610 4987 823 5064 nobilitatem
850 4989 1029 5085 tyrannide
1057 5010 1119 5063 sua
1144 4991 1263 5063 eneoat
1288 4991 1324 5063 et
1351 4987 1535 5083 extinguit,
1563 4987 1685 5063 solitus
1708 5010 1747 5063 eo
1774 5011 1835 5082 pro
1860 5009 1917 5062 ex·

480 5181 505 5261 ¹)
526 5183 667 5257 Adleydis
694 5180 765 5243 Cod.
788 5181 879 5242 Roar.
904 5177 930 5258 ῃ)
946 5181 1108 5255 expulerat.
1120 5179 1180 5239 Ed.
1196 5179 1289 5240 Dobr.
1314 5176 1341 5257 ³)
1357 5180 1469 5239 irritum
1485 5177 1564 5240 fecit
1581 5178 1641 5238 Ed.
1660 5177 1754 5240 Dobr.
1779 5173 1806 5257 ⁴)
1824 5177 1917 5240 swen-

373 5287 461 5348 toslai
483 5287 651 5348 Kioviensis
681 5287 741 5347 Ed.
765 5286 852 5362 Ia’ps.
892 5281 918 5363 6)
941 5285 1128 5346 Kioviensem
1150 5283 1351 5358 Principatum
1373 5284 1433 5344 Ed.
1456 5283 1551 5345 Dobr.
1591 5279 1617 5361 6)
1641 5284 1760 5359 sponsio
1789 5283 1918 5356 fidesque

379 5389 450 5450 God.
474 5392 565 5452 Βοῦν.
598 5387 831 5468 ΒΙΙοΙίοἰοοοοο
846 5391 889 5449 nil
904 5389 963 5450 Ed.
978 5387 1065 5464 Lapa.
1099 5385 1128 5466 ⁸)
1151 5390 1334 5463 suspicantes
1358 5389 1418 5448 Ed.
1440 5388 1536 5449 Dobr.
1567 5383 1594 5466 ⁹)
1616 5393 1739 5449 voratos
1753 5387 1812 5447 Ed.
1828 5387 1919 5447 Dobr.

379 5493 419 5572 ¹⁰)
440 5495 558 5568 publice
581 5496 642 5557 Ed.
665 5496 759 5556 Dobr.
803 5493 845 5572 ¹¹)
868 5495 977 5568 lignum
1000 5494 1061 5553 Ed.
1084 5493 1179 5552 Dobr.
1223 5490 1263 5571 η)
1287 5499 1390 5553 evocat
1415 5492 1485 5554 θοοῦ.
1509 5493 1600 5553 Reor.
