4192 6272
403 529 477 600 508
1009 547 1121 598 urana
1148 545 1341 599 susumus.
1697 521 1759 616 (Α.
1779 522 1826 598 D.
1847 522 1951 620 last.)

402 735 594 824 devovente,
623 733 740 808 foedus
767 755 879 808 secum
907 733 1089 827 paciscens,
1119 734 1202 806 duas
1231 731 1284 805 illi
1310 732 1467 806 civitatee
1503 733 1610 807 lavor·
1644 733 1679 806 et
1706 732 1882 828 Strnegom
1908 755 1949 808 ex

402 857 499 950 pacto
527 857 637 928 donat.
665 855 726 948 Qui
756 855 934 930 donatione
962 854 1153 929 huiusmodi
1181 856 1348 948 suscepta,
1378 854 1540 948 astringit
1567 877 1602 928 se
1638 853 1864 944 iureiurando,
1884 877 1949 928 orn·

402 999 477 1052 nem
505 975 731 1050 defensionem
758 977 793 1051 et
820 976 1052 1052 assistentiam
1079 976 1225 1052 Henrico
1251 975 1370 1070 quinto
1397 977 1515 1051 contra
1541 975 1731 1050 Ouuradnm
1749 974 1949 1072 iilogovien·

403 1120 473 1174 sem
501 1099 626 1174 Ducem
654 1097 906 1192 praestiturum.
1679 1111 1683 1118 ’

446 1465 645 1542 wladislaus
672 1463 851 1555 lluugarlsc
877 1463 945 1534 llus
972 1436 1118 1554 germani
1146 1463 1198 1534 sul
1224 1461 1366 1534 ludruse
1394 1462 1490 1534 lluuis
1518 1462 1645 1534 occisor
1672 1461 1851 1536 occiditur:
1878 1463 1910 1534 iu

501 1587 594 1658 ouius
623 1587 731 1658 locum
758 1584 898 1658 Andreas
925 1585 1064 1656 leucius
1092 1585 1261 1675 sanguinis
1288 1584 1410 1675 degum
1436 1583 1614 1674 hungariae
1642 1584 1864 1658 substituitur.

512 1827 609 1901 Nona
634 1825 715 1898 Iulii
743 1825 868 1901 mensis
908 1824 962 1899 die
989 1823 1200 1900 Wladislaus
1227 1821 1424 1919 Hungariae
1452 1825 1539 1914 Rex,
1569 1813 1721 1899 Andreae
1748 1824 1850 1899 Dncie
1876 1847 1947 1920 gar·

406 1969 524 2021 munus
552 1951 586 2021 et
613 1946 747 2037 occisor,
790 1947 826 2020 in
867 1947 1083 2021 tabernaculo
1111 1967 1170 2019 suo
1206 1968 1309 2040 prope
1344 1948 1492 2021 castrum
1528 1945 1728 2039 Kirilastegi
1769 1945 1948 2038 quiescens,

404 2094 425 2142 a
452 2067 616 2159 Comanis,
646 2070 681 2142 et
708 2067 885 2162 signanter
912 2089 932 2140 a
959 2068 1108 2140 Barbusa
1128 2067 1170 2160 ¹),
1200 2067 1350 2142 Trauteh
1386 2068 1421 2141 ot
1456 2067 1666 2158 Kornenthe,
1695 2089 1875 2160 eorumque
1899 2089 1949 2143 co·

404 2189 575 2284 gnatione,
605 2209 746 2279 quorum
773 2186 855 2261 ritui
882 2189 918 2262 et
937 2186 1095 2278 moribus,
1124 2187 1284 2263 ecclesiae
1311 2185 1571 2282 prohibitionem
1589 2187 1717 2262 habens
1736 2188 1893 2280 ostentui,
1917 2209 1950 2264 se

406 2309 598 2400 addixerat,
628 2308 710 2382 diris
737 2308 934 2383 vulneribus
962 2307 1199 2403 multipliciter
1226 2307 1397 2383 sauciatus
1432 2307 1595 2383 occiditur
1630 2311 1666 2382 et
1707 2308 1743 2383 iu
1784 2308 1949 2384 Ganadino

405 2431 590 2524 sepelitur:
619 2429 708 2504 iusto
736 2431 838 2523 atque
866 2429 1004 2505 innoxio
1031 2428 1183 2505 Andreae
1219 2429 1322 2504 Ducis
1358 2428 1422 2502 lilii
1449 2429 1589 2523 Stopani
1625 2429 1824 2524 Hunguriae
1850 2430 1952 2526 Regis

403 2551 569 2647 sanguine
597 2573 655 2647 pro
683 2551 812 2626 ultione
839 2551 881 2625 ad
907 2551 968 2626 llei
996 2550 1147 2625 tribunal
1174 2551 1214 2626 de
1241 2553 1332 2624 torua
1359 2549 1582 2640 vociferante,
1611 2553 1647 2626 et
1673 2549 1833 2646 sanguini
1858 2551 1949 2626 inno·

408 2673 497 2750 couti
525 2672 680 2748 Andreae
706 2672 809 2747 Ducis
836 2674 1045 2766 parentatur.
1088 2673 1130 2746 In
1157 2671 1253 2748 ouius
1280 2672 1401 2763 locum,
1430 2670 1587 2765 quoniam
1615 2674 1715 2747 orbus
1742 2671 1951 2764 moriebatur,

405 2795 558 2872 Andreas
586 2795 626 2870 de
653 2794 816 2886 Venetiis,
846 2817 890 2870 ex
917 2793 1045 2870 somine
1072 2794 1206 2890 Regum
1232 2792 1431 2889 Hungariao
1458 2793 1583 2870 ducens
1609 2792 1775 2889 originem
1791 2792 1829 2888 b,
1868 2793 1951 2870 deci·

404 2940 458 2993 mo
485 2919 600 2994 octavo
627 2918 702 3011 post
729 2915 910 2992 Wladislai
938 2915 1147 2992 necationem
1173 2915 1237 3006 die,
1267 2914 1302 2988 in
1330 2914 1488 3011 Regnum
1514 2913 1735 2990 substituitur
1761 2916 1796 2990 et
1823 2937 1953 2991 corona·

405 3040 471 3115 tur.
498 3037 600 3114 Ouios
628 3059 668 3112 ea
694 3037 801 3112 fertur
828 3037 933 3114 fuisse
959 3039 1076 3130 (quarn
1103 3035 1380 3132 superficietenus
1415 3035 1573 3131 attigisse
1609 3037 1664 3111 sat
1699 3035 1780 3130 erit)
1816 3036 1954 3132 originis

406 3181 566 3256 propago.
598 3159 681 3234 (lum
707 3157 907 3254 Hungariae
933 3159 1009 3234 Rex
1035 3157 1198 3249 Andreas,
1228 3156 1329 3232 huius
1356 3155 1501 3232 nominis
1528 3157 1704 3249 secundus,
1724 3157 1839 3250 quarti
1858 3158 1956 3235 Belua

407 3281 513 3377 Regis
539 3283 574 3356 et
601 3280 772 3356 (tolomani
799 3279 901 3356 Ducis
928 3303 1031 3356 uxore
1058 3280 1168 3376 primu
1194 3278 1373 3371 (bertrudi,
1410 3281 1529 3355 beatae
1565 3279 1743 3356 Elisabeth
1781 3279 1953 3376 genitrice,

407 3403 596 3497 absumpta,
626 3401 716 3477 facto
736 3401 770 3475 in
798 3401 935 3476 Terram
962 3402 1122 3476 Sanctam
1150 3400 1316 3496 passagio,
1338 3401 1374 3475 in
1392 3401 1600 3492 revertendo,
1621 3400 1769 3496 hospitio
1788 3423 1850 3496 per
1868 3402 1952 3476 llar-

404 3523 557 3600 ohionem
584 3523 760 3598 Estensem
786 3525 959 3618 exceptus,
988 3521 1095 3596 liliam
1121 3544 1217 3596 suam
1244 3543 1339 3598 rarae
1366 3521 1632 3616 pulchritudinis
1659 3521 1731 3596 illic
1749 3521 1951 3612 offendisset,

406 3644 529 3739 accipit
556 3643 715 3718 illumin
743 3643 919 3739 coniugem
946 3645 981 3718 et
1007 3643 1042 3717 in
1069 3643 1283 3740 Hungariam
1310 3643 1463 3735 deducit,
1493 3645 1686 3736 tractatque
1709 3645 1748 3719 ut
1783 3643 1957 3738 Reginam.

409 3768 533 3842 Verum
560 3764 695 3840 Andrea
721 3767 817 3860 Rogo
843 3767 942 3840 robus
969 3764 1127 3839 humanis
1155 3765 1331 3859 exempto,
1370 3763 1503 3859 Regina
1539 3765 1575 3838 in
1603 3767 1778 3859 paternam
1814 3765 1956 3854 domurn,

406 3885 587 3982 priviginis
613 3885 820 3981 cogentibus,
852 3907 1036 3977 reversura,
1067 3907 1102 3959 se
1130 3885 1341 3980 gravidatam
1368 3883 1534 3980 episcopis
1561 3887 1595 3961 et
1614 3883 1796 3960 baronibus
1814 3886 1954 3981 Hungu-

404 4007 474 4082 riae
500 4005 708 4101 significans,
738 4009 773 4082 et
799 4007 841 4082 ad
870 4009 999 4102 patrem
1041 4027 1174 4081 reversa
1202 4005 1307 4082 edidit
1334 4006 1520 4098 infantem,
1548 4028 1669 4082 nornen
1696 4006 1831 4101 Regum
1858 4007 1952 4080 Hun-

408 4127 521 4222 gariae
548 4127 601 4200 illi
629 4128 822 4221 Stephanus
849 4126 1032 4222 imponens.
1059 4126 1123 4222 Qui
1150 4128 1192 4201 ad
1219 4127 1365 4202 aetatem
1394 4126 1583 4222 legitimam
1620 4127 1835 4222 perveniens,
1865 4120 1959 4201 avum

405 4247 640 4324 Murohionatu
668 4247 798 4342 privare
826 4247 949 4322 nititur
964 4249 1111 4338 Estenei,
1134 4270 1154 4320 a
1181 4269 1245 4340 quo
1273 4247 1403 4343 pulsus,
1433 4247 1475 4323 ad
1503 4249 1661 4322 Iacobum
1679 4246 1876 4343 drogonum
1894 4248 1957 4323 Ra·

408 4393 497 4464 gom,
527 4391 673 4445 sororem
700 4391 796 4443 suam
823 4392 866 4444 ex
894 4369 1002 4463 primo
1031 4368 1263 4459 matrimonio,
1294 4367 1401 4443 filium
1440 4367 1593 4444 Andreae
1630 4369 1830 4464 Hungariae
1857 4368 1958 4464 Regis

408 4490 587 4564 habentem
616 4511 674 4583 pro
702 4511 816 4580 uxore,
846 4511 881 4564 se
908 4488 1062 4565 contulit.
1108 4488 1176 4562 Ubi
1203 4487 1378 4582 aliquanto
1419 4489 1568 4583 tempore
1600 4491 1731 4581 exacto,
1761 4489 1796 4562 in
1824 4489 1960 4564 Italiam

408 4609 507 4700 redit,
535 4611 570 4684 et
598 4631 618 4684 a
644 4609 898 4685 Rauennatibus
926 4609 961 4682 in
989 4611 1192 4704 potestatem
1219 4609 1417 4684 assumitur.
1464 4610 1529 4686 Sed
1565 4609 1642 4685 inde
1677 4609 1800 4686 itemm
1828 4612 1956 4705 pulsus,

405 4730 565 4806 Venetiae
592 4751 627 4805 se
655 4731 795 4822 confert,
824 4732 859 4806 et
886 4753 906 4804 a
934 4731 1072 4825 potente
1100 4753 1139 4806 ac
1168 4729 1274 4804 divite
1301 4730 1521 4806 venetiarum
1549 4730 1641 4822 cive,
1671 4731 1730 4823 qui
1758 4731 1858 4806 illum
1885 4753 1960 4807 san·

407 4851 521 4946 guinis
549 4850 653 4926 luisse
679 4851 765 4946 regii
793 4853 941 4943 noverat,
974 4851 1146 4943 collectus,
1175 4851 1278 4926 otiam
1306 4850 1341 4924 in
1368 4873 1529 4946 generum
1557 4851 1684 4927 ascitus
1711 4855 1774 4943 est,
1805 4851 1879 4928 lilia
1904 4874 1964 4927 sua

409 4973 463 5046 illi
490 4973 713 5067 desponsata:
743 4995 786 5048 ex
813 4995 880 5065 qua
909 4971 1017 5047 lilium
1044 4971 1240 5066 suscipione,
1270 4972 1400 5047 avitum
1428 4995 1549 5048 nomon
1576 4972 1631 5047 illi
1643 4972 1801 5084 andreas
1820 4973 1961 5069 optavit.

408 5095 472 5190 Qui
499 5116 573 5170 cum
601 5095 815 5185 adolevisset,
844 5095 1004 5188 suffragio
1032 5095 1213 5169 amicorum
1242 5093 1361 5168 matris
1388 5093 1422 5168 in
1443 5093 1668 5188 pulcherrimo
1687 5094 1849 5170 comitatu
1866 5097 1961 5170 Hun-

409 5213 541 5311 gauium
567 5216 610 5289 ad
636 5213 863 5290 Wladislaum
891 5216 1020 5310 Regem
1047 5215 1150 5305 venit,
1180 5217 1214 5290 et
1241 5217 1312 5288 tam
1341 5215 1489 5290 moribus
1517 5237 1618 5310 quam
1646 5217 1791 5309 virtute,
1824 5217 1901 5310 quis
1926 5219 1963 5293 et

518 5475 542 5554 ¹)
560 5478 700 5540 Barbusis
723 5478 781 5539 Ed.
805 5479 892 5554 Lips.
919 5475 945 5556 Ω)
969 5495 1060 5553 genus
1084 5483 1114 5538 et
1137 5477 1277 5552 onginem
1301 5477 1360 5539 Ed.
1385 5478 1471 5556 Ilipa.
