<?xml version="1.0" encoding="UTF-8"?>
<!DOCTYPE html PUBLIC "-//W3C//DTD XHTML 1.0 Transitional//EN"
    "http://www.w3.org/TR/xhtml1/DTD/xhtml1-transitional.dtd">
<html xmlns="http://www.w3.org/1999/xhtml" xml:lang="en" lang="en">
 <head>
  <title>
</title>
<meta http-equiv="Content-Type" content="text/html;charset=utf-8" />
  <meta name='ocr-system' content='tesseract 3.04.00' />
  <meta name='ocr-capabilities' content='ocr_page ocr_carea ocr_par ocr_line ocrx_word'/>
</head>
<body>
  <div class='ocr_page' id='page_1' title='image "./operaomnia02paulgoog_0551.png"; bbox 0 0 4192 6272; ppageno 0'>
   <div class='ocr_carea' id='block_1_1' title="bbox 189 508 1738 615">
    <p class='ocr_par' dir='ltr' id='par_1_1' title="bbox 189 508 1738 615">
     <span class='ocr_line' id='line_1_1' title="bbox 189 508 1738 615; baseline -0.006 -27"><span class='ocrx_word' id='word_1_1' title='bbox 189 511 257 614; x_wconf 90' lang='grc' dir='ltr'>(Α.</span> <span class='ocrx_word' id='word_1_2' title='bbox 279 511 473 615; x_wconf 60' lang='lat' dir='ltr'>illm.)</span> <span class='ocrx_word' id='word_1_3' title='bbox 793 532 906 584; x_wconf 81' lang='lat' dir='ltr'>clena</span> <span class='ocrx_word' id='word_1_4' title='bbox 932 529 1117 583; x_wconf 75' lang='lat' dir='ltr'>ocrsvus.</span> <span class='ocrx_word' id='word_1_5' title='bbox 1664 508 1738 580; x_wconf 84' lang='lat'>535</span> 
     </span>
    </p>
   </div>
   <div class='ocr_carea' id='block_1_2' title="bbox 187 713 1740 1526">
    <p class='ocr_par' dir='ltr' id='par_1_2' title="bbox 187 713 1740 1526">
     <span class='ocr_line' id='line_1_2' title="bbox 188 713 1740 813; baseline -0.007 -15"><span class='ocrx_word' id='word_1_6' title='bbox 188 722 404 800; x_wconf 84' lang='lat' dir='ltr'>Pomeraniae</span> <span class='ocrx_word' id='word_1_7' title='bbox 431 720 621 798; x_wconf 87' lang='lat' dir='ltr'>Ducatuum</span> <span class='ocrx_word' id='word_1_8' title='bbox 649 717 790 795; x_wconf 88' lang='lat' dir='ltr'>sortitur</span> <span class='ocrx_word' id='word_1_9' title='bbox 817 715 1079 813; x_wconf 88' lang='lat' dir='ltr'>possessionem,</span> <span class='ocrx_word' id='word_1_10' title='bbox 1110 718 1146 790; x_wconf 88' lang='lat' dir='ltr'>et</span> <span class='ocrx_word' id='word_1_11' title='bbox 1172 735 1287 791; x_wconf 91' lang='lat' dir='ltr'>omnes</span> <span class='ocrx_word' id='word_1_12' title='bbox 1323 713 1357 788; x_wconf 93' lang='lat' dir='ltr'>in</span> <span class='ocrx_word' id='word_1_13' title='bbox 1385 713 1481 789; x_wconf 90' lang='lat' dir='ltr'>illius</span> <span class='ocrx_word' id='word_1_14' title='bbox 1517 713 1740 790; x_wconf 79' lang='lat' dir='ltr'>obedientiam</span> 
     </span>
     <span class='ocr_line' id='line_1_3' title="bbox 188 834 1740 933; baseline -0.006 -15"><span class='ocrx_word' id='word_1_15' title='bbox 188 848 223 919; x_wconf 92' lang='lat' dir='ltr'>et</span> <span class='ocrx_word' id='word_1_16' title='bbox 249 843 412 920; x_wconf 76' lang='lat' dir='ltr'><strong>ditionem</strong></span> <span class='ocrx_word' id='word_1_17' title='bbox 439 842 621 929; x_wconf 86' lang='lat' dir='ltr'>accedunt;</span> <span class='ocrx_word' id='word_1_18' title='bbox 651 843 762 915; x_wconf 87' lang='lat' dir='ltr'>castra</span> <span class='ocrx_word' id='word_1_19' title='bbox 788 861 918 933; x_wconf 90' lang='lat' dir='ltr'>quoquc</span> <span class='ocrx_word' id='word_1_20' title='bbox 945 835 1057 912; x_wconf 86' lang='lat' dir='ltr'>omnia</span> <span class='ocrx_word' id='word_1_21' title='bbox 1083 838 1274 911; x_wconf 86' lang='lat' dir='ltr'>Ducatuum</span> <span class='ocrx_word' id='word_1_22' title='bbox 1301 835 1546 931; x_wconf 90' lang='lat' dir='ltr'>praedictorum</span> <span class='ocrx_word' id='word_1_23' title='bbox 1574 834 1609 909; x_wconf 93' lang='lat' dir='ltr'>in</span> <span class='ocrx_word' id='word_1_24' title='bbox 1629 837 1740 930; x_wconf 89' lang='lat' dir='ltr'>potes-</span> 
     </span>
     <span class='ocr_line' id='line_1_4' title="bbox 189 956 1739 1056; baseline -0.006 -16"><span class='ocrx_word' id='word_1_25' title='bbox 189 967 296 1040; x_wconf 84' lang='lat' dir='ltr'>tatem</span> <span class='ocrx_word' id='word_1_26' title='bbox 323 987 419 1039; x_wconf 89' lang='lat' dir='ltr'>suam</span> <span class='ocrx_word' id='word_1_27' title='bbox 444 963 648 1054; x_wconf 86' lang='lat' dir='ltr'>traduntur,</span> <span class='ocrx_word' id='word_1_28' title='bbox 677 963 811 1056; x_wconf 88' lang='lat' dir='ltr'>practer</span> <span class='ocrx_word' id='word_1_29' title='bbox 837 959 953 1052; x_wconf 88' lang='lat' dir='ltr'>aliqua</span> <span class='ocrx_word' id='word_1_30' title='bbox 979 960 1092 1033; x_wconf 82' lang='lat' dir='ltr'>castra</span> <span class='ocrx_word' id='word_1_31' title='bbox 1117 957 1154 1031; x_wconf 89' lang='lat' dir='ltr'>in</span> <span class='ocrx_word' id='word_1_32' title='bbox 1181 957 1391 1032; x_wconf 81' lang='lat' dir='ltr'>cracoviensi</span> <span class='ocrx_word' id='word_1_33' title='bbox 1423 959 1459 1031; x_wconf 86' lang='lat' dir='ltr'>et</span> <span class='ocrx_word' id='word_1_34' title='bbox 1477 956 1739 1031; x_wconf 86' lang='lat' dir='ltr'>Sandomiriensi</span> 
     </span>
     <span class='ocr_line' id='line_1_5' title="bbox 187 1077 1738 1178; baseline -0.005 -19"><span class='ocrx_word' id='word_1_35' title='bbox 187 1085 385 1178; x_wconf 86' lang='lat' dir='ltr'>Ducatibus,</span> <span class='ocrx_word' id='word_1_36' title='bbox 416 1086 457 1159; x_wconf 92' lang='lat' dir='ltr'>de</span> <span class='ocrx_word' id='word_1_37' title='bbox 485 1084 607 1178; x_wconf 90' lang='lat' dir='ltr'>quibus</span> <span class='ocrx_word' id='word_1_38' title='bbox 634 1105 670 1157; x_wconf 93' lang='lat' dir='ltr'>se</span> <span class='ocrx_word' id='word_1_39' title='bbox 697 1082 919 1159; x_wconf 88' lang='lat' dir='ltr'>Wenceslaus</span> <span class='ocrx_word' id='word_1_40' title='bbox 959 1079 1140 1154; x_wconf 89' lang='lat' dir='ltr'>Bohemiae</span> <span class='ocrx_word' id='word_1_41' title='bbox 1179 1081 1256 1154; x_wconf 85' lang='lat' dir='ltr'>Rex</span> <span class='ocrx_word' id='word_1_42' title='bbox 1284 1082 1359 1174; x_wconf 88' lang='lat' dir='ltr'>post</span> <span class='ocrx_word' id='word_1_43' title='bbox 1387 1081 1528 1153; x_wconf 88' lang='lat' dir='ltr'>mortem</span> <span class='ocrx_word' id='word_1_44' title='bbox 1555 1077 1738 1153; x_wconf 81' lang='lat' dir='ltr'>Lestlronis</span> 
     </span>
     <span class='ocr_line' id='line_1_6' title="bbox 189 1199 1740 1302; baseline -0.006 -20"><span class='ocrx_word' id='word_1_45' title='bbox 189 1207 288 1302; x_wconf 83' lang='lat' dir='ltr'>Nigri</span> <span class='ocrx_word' id='word_1_46' title='bbox 315 1205 554 1298; x_wconf 71' lang='lat' dir='ltr'>cracoviensis,</span> <span class='ocrx_word' id='word_1_47' title='bbox 582 1202 863 1279; x_wconf 85' lang='lat' dir='ltr'>Sandomiriensis</span> <span class='ocrx_word' id='word_1_48' title='bbox 889 1204 924 1277; x_wconf 85' lang='lat' dir='ltr'>et</span> <span class='ocrx_word' id='word_1_49' title='bbox 950 1201 1153 1277; x_wconf 85' lang='lat' dir='ltr'>Siradiensis</span> <span class='ocrx_word' id='word_1_50' title='bbox 1186 1200 1290 1275; x_wconf 89' lang='lat' dir='ltr'>Ducis</span> <span class='ocrx_word' id='word_1_51' title='bbox 1318 1201 1566 1292; x_wconf 87' lang='lat' dir='ltr'>intromiserat,</span> <span class='ocrx_word' id='word_1_52' title='bbox 1594 1202 1629 1274; x_wconf 89' lang='lat' dir='ltr'>et</span> <span class='ocrx_word' id='word_1_53' title='bbox 1656 1199 1740 1274; x_wconf 86' lang='lat' dir='ltr'>rati·</span> 
     </span>
     <span class='ocr_line' id='line_1_7' title="bbox 189 1321 1740 1418; baseline -0.006 -15"><span class='ocrx_word' id='word_1_54' title='bbox 189 1351 252 1403; x_wconf 94' lang='lat' dir='ltr'>one</span> <span class='ocrx_word' id='word_1_55' title='bbox 278 1328 415 1402; x_wconf 93' lang='lat' dir='ltr'>illorum</span> <span class='ocrx_word' id='word_1_56' title='bbox 442 1350 478 1404; x_wconf 93' lang='lat' dir='ltr'>se</span> <span class='ocrx_word' id='word_1_57' title='bbox 505 1351 572 1402; x_wconf 90' lang='lat' dir='ltr'>non</span> <span class='ocrx_word' id='word_1_58' title='bbox 598 1328 707 1401; x_wconf 91' lang='lat' dir='ltr'>solum</span> <span class='ocrx_word' id='word_1_59' title='bbox 733 1323 914 1399; x_wconf 91' lang='lat' dir='ltr'>Bohemiae</span> <span class='ocrx_word' id='word_1_60' title='bbox 941 1323 1089 1418; x_wconf 81' lang='lat' dir='ltr'>Regem,</span> <span class='ocrx_word' id='word_1_61' title='bbox 1129 1323 1188 1397; x_wconf 88' lang='lat' dir='ltr'>sed</span> <span class='ocrx_word' id='word_1_62' title='bbox 1214 1322 1467 1398; x_wconf 80' lang='lat' dir='ltr'>Oracoviensem</span> <span class='ocrx_word' id='word_1_63' title='bbox 1503 1325 1538 1397; x_wconf 91' lang='lat' dir='ltr'>et</span> <span class='ocrx_word' id='word_1_64' title='bbox 1565 1321 1740 1396; x_wconf 86' lang='lat' dir='ltr'>Sandoni-</span> 
     </span>
     <span class='ocr_line' id='line_1_8' title="bbox 187 1443 1228 1526; baseline -0.005 -3"><span class='ocrx_word' id='word_1_65' title='bbox 187 1449 332 1526; x_wconf 90' lang='lat' dir='ltr'>riensem</span> <span class='ocrx_word' id='word_1_66' title='bbox 358 1451 484 1524; x_wconf 88' lang='lat' dir='ltr'>Ducem</span> <span class='ocrx_word' id='word_1_67' title='bbox 510 1449 545 1524; x_wconf 94' lang='lat' dir='ltr'>et</span> <span class='ocrx_word' id='word_1_68' title='bbox 572 1446 797 1523; x_wconf 86' lang='lat' dir='ltr'>Marchionem</span> <span class='ocrx_word' id='word_1_69' title='bbox 823 1443 992 1519; x_wconf 84' lang='lat' dir='ltr'>Morarice</span> <span class='ocrx_word' id='word_1_70' title='bbox 1019 1443 1228 1518; x_wconf 81' lang='lat' dir='ltr'>intitulabat</span> 
     </span>
    </p>
   </div>
   <div class='ocr_carea' id='block_1_3' title="bbox 188 1807 1741 2152">
    <p class='ocr_par' dir='ltr' id='par_1_3' title="bbox 188 1807 1741 2152">
     <span class='ocr_line' id='line_1_9' title="bbox 191 1807 1741 1901; baseline -0.005 -14"><span class='ocrx_word' id='word_1_71' title='bbox 191 1815 344 1889; x_wconf 80' lang='lat' dir='ltr'>dracileri</span> <span class='ocrx_word' id='word_1_72' title='bbox 371 1813 522 1886; x_wconf 83' lang='lat' dir='ltr'>l’rnrrioc</span> <span class='ocrx_word' id='word_1_73' title='bbox 549 1810 725 1884; x_wconf 81' lang='lat' dir='ltr'>eccleciam</span> <span class='ocrx_word' id='word_1_74' title='bbox 753 1811 954 1883; x_wconf 83' lang='lat' dir='ltr'>balnearem</span> <span class='ocrx_word' id='word_1_75' title='bbox 982 1829 1002 1882; x_wconf 84' lang='lat' dir='ltr'>a</span> <span class='ocrx_word' id='word_1_76' title='bbox 1029 1807 1254 1882; x_wconf 83' lang='lat' dir='ltr'>iurisdictione</span> <span class='ocrx_word' id='word_1_77' title='bbox 1282 1809 1479 1882; x_wconf 73' lang='lat' dir='ltr'>brennensis</span> <span class='ocrx_word' id='word_1_78' title='bbox 1507 1809 1741 1901; x_wconf 80' lang='lat' dir='ltr'>archiepiscopi</span> 
     </span>
     <span class='ocr_line' id='line_1_10' title="bbox 188 1931 1741 2025; baseline -0.005 -17"><span class='ocrx_word' id='word_1_79' title='bbox 188 1937 385 2009; x_wconf 77' lang='lat' dir='ltr'>abstrabunt</span> <span class='ocrx_word' id='word_1_80' title='bbox 411 1939 446 2008; x_wconf 89' lang='lat' dir='ltr'>ct</span> <span class='ocrx_word' id='word_1_81' title='bbox 471 1935 603 2025; x_wconf 77' lang='lat' dir='ltr'>lligcnri</span> <span class='ocrx_word' id='word_1_82' title='bbox 630 1932 815 2004; x_wconf 82' lang='lat' dir='ltr'>subiiciunt.</span> <span class='ocrx_word' id='word_1_83' title='bbox 844 1933 949 2004; x_wconf 80' lang='lat' dir='ltr'>deora</span> <span class='ocrx_word' id='word_1_84' title='bbox 976 1931 1058 2002; x_wconf 85' lang='lat' dir='ltr'>baec</span> <span class='ocrx_word' id='word_1_85' title='bbox 1085 1932 1283 2022; x_wconf 79' lang='lat' dir='ltr'>praeposito,</span> <span class='ocrx_word' id='word_1_86' title='bbox 1311 1931 1432 2004; x_wconf 86' lang='lat' dir='ltr'>decano</span> <span class='ocrx_word' id='word_1_87' title='bbox 1467 1935 1502 2004; x_wconf 83' lang='lat' dir='ltr'>cl</span> <span class='ocrx_word' id='word_1_88' title='bbox 1537 1931 1741 2003; x_wconf 77' lang='lat' dir='ltr'>scholastico</span> 
     </span>
     <span class='ocr_line' id='line_1_11' title="bbox 587 2051 1395 2152; baseline -0.005 -25"><span class='ocrx_word' id='word_1_89' title='bbox 587 2053 912 2127; x_wconf 72' lang='lat' dir='ltr'>wratislaviensium</span> <span class='ocrx_word' id='word_1_90' title='bbox 940 2051 1098 2143; x_wconf 81' lang='lat' dir='ltr'>sopienda</span> <span class='ocrx_word' id='word_1_91' title='bbox 1126 2053 1353 2125; x_wconf 83' lang='lat' dir='ltr'>committitur.</span> <span class='ocrx_word' id='word_1_92' title='bbox 1392 2147 1395 2152; x_wconf 16' lang='grc' dir='ltr'><strong>Δ</strong></span> 
     </span>
    </p>
   </div>
   <div class='ocr_carea' id='block_1_4' title="bbox 189 2293 1801 5185">
    <p class='ocr_par' dir='ltr' id='par_1_4' title="bbox 189 2293 1801 3588">
     <span class='ocr_line' id='line_1_12' title="bbox 292 2293 1741 2388; baseline -0.003 -17"><span class='ocrx_word' id='word_1_93' title='bbox 292 2296 583 2372; x_wconf 81' lang='lat' dir='ltr'>Oonrersationem</span> <span class='ocrx_word' id='word_1_94' title='bbox 610 2298 645 2370; x_wconf 91' lang='lat' dir='ltr'>et</span> <span class='ocrx_word' id='word_1_95' title='bbox 672 2316 804 2370; x_wconf 86' lang='lat' dir='ltr'>ornnem</span> <span class='ocrx_word' id='word_1_96' title='bbox 834 2293 1100 2369; x_wconf 90' lang='lat' dir='ltr'>communionem</span> <span class='ocrx_word' id='word_1_97' title='bbox 1127 2295 1328 2374; x_wconf 91' lang='lat' dir='ltr'>Polonorum</span> <span class='ocrx_word' id='word_1_98' title='bbox 1356 2293 1520 2388; x_wconf 79' lang='lat' dir='ltr'>Magister</span> <span class='ocrx_word' id='word_1_99' title='bbox 1555 2294 1591 2368; x_wconf 84' lang='lat' dir='ltr'>et</span> <span class='ocrx_word' id='word_1_100' title='bbox 1627 2294 1741 2369; x_wconf 72' lang='lat' dir='ltr'>(truci-</span> 
     </span>
     <span class='ocr_line' id='line_1_13' title="bbox 190 2398 1740 2510; baseline -0.003 -16"><span class='ocrx_word' id='word_1_101' title='bbox 190 2419 254 2494; x_wconf 89' lang='lat' dir='ltr'>feri</span> <span class='ocrx_word' id='word_1_102' title='bbox 281 2420 425 2494; x_wconf 86' lang='lat' dir='ltr'>Sanctae</span> <span class='ocrx_word' id='word_1_103' title='bbox 451 2419 578 2493; x_wconf 88' lang='lat' dir='ltr'>Mariae</span> <span class='ocrx_word' id='word_1_104' title='bbox 605 2419 645 2492; x_wconf 91' lang='lat' dir='ltr'>de</span> <span class='ocrx_word' id='word_1_105' title='bbox 672 2417 812 2491; x_wconf 88' lang='lat' dir='ltr'>Prussia</span> <span class='ocrx_word' id='word_1_106' title='bbox 839 2418 969 2510; x_wconf 90' lang='lat' dir='ltr'>perosi,</span> <span class='ocrx_word' id='word_1_107' title='bbox 999 2398 1211 2492; x_wconf 65' lang='lat' dir='ltr'>dulmensem</span> <span class='ocrx_word' id='word_1_108' title='bbox 1237 2415 1340 2490; x_wconf 89' lang='lat' dir='ltr'>etiam</span> <span class='ocrx_word' id='word_1_109' title='bbox 1368 2415 1542 2491; x_wconf 85' lang='lat' dir='ltr'>ecclesiam</span> <span class='ocrx_word' id='word_1_110' title='bbox 1571 2439 1592 2490; x_wconf 89' lang='lat' dir='ltr'>a</span> <span class='ocrx_word' id='word_1_111' title='bbox 1619 2419 1740 2489; x_wconf 92' lang='lat' dir='ltr'>metro·</span> 
     </span>
     <span class='ocr_line' id='line_1_14' title="bbox 190 2537 1740 2636; baseline -0.003 -21"><span class='ocrx_word' id='word_1_112' title='bbox 190 2541 335 2636; x_wconf 90' lang='lat' dir='ltr'>politani</span> <span class='ocrx_word' id='word_1_113' title='bbox 363 2540 415 2615; x_wconf 87' lang='lat' dir='ltr'>sui</span> <span class='ocrx_word' id='word_1_114' title='bbox 442 2539 647 2616; x_wconf 76' lang='lat' dir='ltr'>Gnesn‘ensis</span> <span class='ocrx_word' id='word_1_115' title='bbox 674 2539 811 2629; x_wconf 83' lang='lat' dir='ltr'>ditione,</span> <span class='ocrx_word' id='word_1_116' title='bbox 841 2540 903 2613; x_wconf 90' lang='lat' dir='ltr'>sub</span> <span class='ocrx_word' id='word_1_117' title='bbox 931 2559 998 2629; x_wconf 83' lang='lat' dir='ltr'>qua</span> <span class='ocrx_word' id='word_1_118' title='bbox 1024 2538 1123 2612; x_wconf 88' lang='lat' dir='ltr'>annis</span> <span class='ocrx_word' id='word_1_119' title='bbox 1151 2539 1331 2632; x_wconf 88' lang='lat' dir='ltr'>plusquam</span> <span class='ocrx_word' id='word_1_120' title='bbox 1357 2537 1513 2613; x_wconf 89' lang='lat' dir='ltr'>tricentis</span> <span class='ocrx_word' id='word_1_121' title='bbox 1532 2537 1740 2626; x_wconf 80' lang='lat' dir='ltr'>constiterat,</span> 
     </span>
     <span class='ocr_line' id='line_1_15' title="bbox 189 2659 1740 2756; baseline -0.002 -18"><span class='ocrx_word' id='word_1_122' title='bbox 189 2663 416 2756; x_wconf 88' lang='lat' dir='ltr'>sequestrant,</span> <span class='ocrx_word' id='word_1_123' title='bbox 445 2665 480 2736; x_wconf 91' lang='lat' dir='ltr'>et</span> <span class='ocrx_word' id='word_1_124' title='bbox 506 2661 666 2736; x_wconf 89' lang='lat' dir='ltr'>ecclesiae</span> <span class='ocrx_word' id='word_1_125' title='bbox 693 2659 848 2754; x_wconf 83' lang='lat' dir='ltr'>Rigensi,</span> <span class='ocrx_word' id='word_1_126' title='bbox 877 2659 1015 2751; x_wconf 89' lang='lat' dir='ltr'>eiusque</span> <span class='ocrx_word' id='word_1_127' title='bbox 1042 2659 1292 2754; x_wconf 88' lang='lat' dir='ltr'>archiepiscopo</span> <span class='ocrx_word' id='word_1_128' title='bbox 1320 2661 1355 2733; x_wconf 91' lang='lat' dir='ltr'>in</span> <span class='ocrx_word' id='word_1_129' title='bbox 1385 2659 1528 2735; x_wconf 85' lang='lat' dir='ltr'>Lironia</span> <span class='ocrx_word' id='word_1_130' title='bbox 1546 2661 1642 2735; x_wconf 90' lang='lat' dir='ltr'>illam</span> <span class='ocrx_word' id='word_1_131' title='bbox 1661 2662 1740 2735; x_wconf 91' lang='lat' dir='ltr'>sub-</span> 
     </span>
     <span class='ocr_line' id='line_1_16' title="bbox 190 2781 1741 2877; baseline -0.001 -19"><span class='ocrx_word' id='word_1_132' title='bbox 190 2783 321 2860; x_wconf 89' lang='lat' dir='ltr'>iiciunt.</span> <span class='ocrx_word' id='word_1_133' title='bbox 350 2785 466 2876; x_wconf 89' lang='lat' dir='ltr'>Neque</span> <span class='ocrx_word' id='word_1_134' title='bbox 485 2783 607 2877; x_wconf 87' lang='lat' dir='ltr'>puduit</span> <span class='ocrx_word' id='word_1_135' title='bbox 629 2783 708 2856; x_wconf 89' lang='lat' dir='ltr'>illos</span> <span class='ocrx_word' id='word_1_136' title='bbox 735 2805 795 2876; x_wconf 90' lang='lat' dir='ltr'>pro</span> <span class='ocrx_word' id='word_1_137' title='bbox 822 2781 968 2876; x_wconf 87' lang='lat' dir='ltr'>acceptis</span> <span class='ocrx_word' id='word_1_138' title='bbox 995 2781 1166 2856; x_wconf 87' lang='lat' dir='ltr'>beneficiis</span> <span class='ocrx_word' id='word_1_139' title='bbox 1193 2782 1319 2857; x_wconf 83' lang='lat' dir='ltr'>referre</span> <span class='ocrx_word' id='word_1_140' title='bbox 1346 2781 1516 2873; x_wconf 89' lang='lat' dir='ltr'>iniuriam,</span> <span class='ocrx_word' id='word_1_141' title='bbox 1537 2783 1571 2856; x_wconf 88' lang='lat' dir='ltr'>ct</span> <span class='ocrx_word' id='word_1_142' title='bbox 1590 2805 1633 2856; x_wconf 88' lang='lat' dir='ltr'>ex</span> <span class='ocrx_word' id='word_1_143' title='bbox 1652 2783 1741 2857; x_wconf 88' lang='lat' dir='ltr'>insto</span> 
     </span>
     <span class='ocr_line' id='line_1_17' title="bbox 189 2903 1740 2998; baseline -0.004 -15"><span class='ocrx_word' id='word_1_144' title='bbox 189 2905 396 2983; x_wconf 76' lang='lat' dir='ltr'>Gnesnensis</span> <span class='ocrx_word' id='word_1_145' title='bbox 424 2905 584 2980; x_wconf 89' lang='lat' dir='ltr'>ecclesiae</span> <span class='ocrx_word' id='word_1_146' title='bbox 611 2926 746 2998; x_wconf 89' lang='lat' dir='ltr'>corpore</span> <span class='ocrx_word' id='word_1_147' title='bbox 774 2903 809 2977; x_wconf 94' lang='lat' dir='ltr'>in</span> <span class='ocrx_word' id='word_1_148' title='bbox 837 2925 956 2996; x_wconf 92' lang='lat' dir='ltr'>corpus</span> <span class='ocrx_word' id='word_1_149' title='bbox 983 2903 1211 2978; x_wconf 89' lang='lat' dir='ltr'>adulterinum</span> <span class='ocrx_word' id='word_1_150' title='bbox 1243 2926 1303 2997; x_wconf 93' lang='lat' dir='ltr'>per</span> <span class='ocrx_word' id='word_1_151' title='bbox 1321 2903 1547 2978; x_wconf 90' lang='lat' dir='ltr'>remotissima</span> <span class='ocrx_word' id='word_1_152' title='bbox 1562 2906 1740 2995; x_wconf 86' lang='lat' dir='ltr'>terrarum,</span> 
     </span>
     <span class='ocr_line' id='line_1_18' title="bbox 191 3023 1739 3122; baseline -0.002 -20"><span class='ocrx_word' id='word_1_153' title='bbox 191 3027 401 3118; x_wconf 88' lang='lat' dir='ltr'>mariumque</span> <span class='ocrx_word' id='word_1_154' title='bbox 427 3027 540 3122; x_wconf 85' lang='lat' dir='ltr'>spatia</span> <span class='ocrx_word' id='word_1_155' title='bbox 580 3026 792 3101; x_wconf 79' lang='lat' dir='ltr'>Oulrnensern</span> <span class='ocrx_word' id='word_1_156' title='bbox 832 3023 1006 3099; x_wconf 88' lang='lat' dir='ltr'>ecclesiam</span> <span class='ocrx_word' id='word_1_157' title='bbox 1047 3025 1242 3100; x_wconf 88' lang='lat' dir='ltr'>transferre.</span> <span class='ocrx_word' id='word_1_158' title='bbox 1287 3027 1371 3099; x_wconf 84' lang='lat' dir='ltr'>llam</span> <span class='ocrx_word' id='word_1_159' title='bbox 1408 3025 1568 3100; x_wconf 88' lang='lat' dir='ltr'>iniuriam</span> <span class='ocrx_word' id='word_1_160' title='bbox 1598 3027 1739 3101; x_wconf 90' lang='lat' dir='ltr'>Iacobus</span> 
     </span>
     <span class='ocr_line' id='line_1_19' title="bbox 189 3145 1740 3242; baseline -0.001 -20"><span class='ocrx_word' id='word_1_161' title='bbox 189 3149 325 3224; x_wconf 79' lang='lat' dir='ltr'>Swinlra</span> <span class='ocrx_word' id='word_1_162' title='bbox 352 3147 558 3224; x_wconf 74' lang='lat' dir='ltr'>Gnesnensis</span> <span class='ocrx_word' id='word_1_163' title='bbox 584 3147 855 3242; x_wconf 89' lang='lat' dir='ltr'>archiepiscopus</span> <span class='ocrx_word' id='word_1_164' title='bbox 882 3145 1057 3221; x_wconf 87' lang='lat' dir='ltr'>molestius</span> <span class='ocrx_word' id='word_1_165' title='bbox 1085 3146 1208 3238; x_wconf 85' lang='lat' dir='ltr'>ferens,</span> <span class='ocrx_word' id='word_1_166' title='bbox 1246 3168 1381 3221; x_wconf 87' lang='lat' dir='ltr'>causam</span> <span class='ocrx_word' id='word_1_167' title='bbox 1408 3146 1579 3222; x_wconf 74' lang='lat' dir='ltr'>tininensi</span> <span class='ocrx_word' id='word_1_168' title='bbox 1601 3147 1624 3241; x_wconf 86' lang='lat'>¹)</span> <span class='ocrx_word' id='word_1_169' title='bbox 1651 3147 1740 3242; x_wconf 87' lang='lat' dir='ltr'>epis-</span> 
     </span>
     <span class='ocr_line' id='line_1_20' title="bbox 189 3263 1801 3364; baseline -0.001 -21"><span class='ocrx_word' id='word_1_170' title='bbox 189 3290 270 3364; x_wconf 90' lang='lat' dir='ltr'>copo</span> <span class='ocrx_word' id='word_1_171' title='bbox 297 3290 398 3362; x_wconf 89' lang='lat' dir='ltr'>super</span> <span class='ocrx_word' id='word_1_172' title='bbox 412 3267 440 3363; x_wconf 77' lang='lat'>²)</span> <span class='ocrx_word' id='word_1_173' title='bbox 467 3267 673 3343; x_wconf 90' lang='lat' dir='ltr'>subiectione</span> <span class='ocrx_word' id='word_1_174' title='bbox 700 3266 946 3361; x_wconf 86' lang='lat' dir='ltr'>metropolitica</span> <span class='ocrx_word' id='word_1_175' title='bbox 985 3288 1096 3342; x_wconf 90' lang='lat' dir='ltr'>coram</span> <span class='ocrx_word' id='word_1_176' title='bbox 1131 3267 1311 3361; x_wconf 83' lang='lat' dir='ltr'>Dobegneo</span> <span class='ocrx_word' id='word_1_177' title='bbox 1326 3263 1354 3360; x_wconf 72' lang='grc'>3)</span> <span class='ocrx_word' id='word_1_178' title='bbox 1381 3266 1514 3358; x_wconf 90' lang='lat' dir='ltr'>decano,</span> <span class='ocrx_word' id='word_1_179' title='bbox 1550 3268 1742 3361; x_wconf 88' lang='lat' dir='ltr'>praeposito</span> <span class='ocrx_word' id='word_1_180' title='bbox 1778 3289 1801 3318; x_wconf 90' lang='lat'><strong>·</strong></span> 
     </span>
     <span class='ocr_line' id='line_1_21' title="bbox 189 3387 1741 3484; baseline -0.001 -19"><span class='ocrx_word' id='word_1_181' title='bbox 189 3413 228 3465; x_wconf 87' lang='lat' dir='ltr'>ac</span> <span class='ocrx_word' id='word_1_182' title='bbox 253 3390 454 3468; x_wconf 84' lang='lat' dir='ltr'>scholastico</span> <span class='ocrx_word' id='word_1_183' title='bbox 481 3388 822 3468; x_wconf 87' lang='lat' dir='ltr'>chdislariensibns</span> <span class='ocrx_word' id='word_1_184' title='bbox 850 3389 972 3482; x_wconf 85' lang='lat' dir='ltr'>mouet,</span> <span class='ocrx_word' id='word_1_185' title='bbox 1000 3387 1203 3464; x_wconf 87' lang='lat' dir='ltr'>auctoritate</span> <span class='ocrx_word' id='word_1_186' title='bbox 1229 3387 1385 3483; x_wconf 85' lang='lat' dir='ltr'>rescripti</span> <span class='ocrx_word' id='word_1_187' title='bbox 1411 3389 1608 3484; x_wconf 87' lang='lat' dir='ltr'>apostolici,</span> <span class='ocrx_word' id='word_1_188' title='bbox 1646 3389 1741 3466; x_wconf 91' lang='lat' dir='ltr'>cuius</span> 
     </span>
     <span class='ocr_line' id='line_1_22' title="bbox 189 3513 537 3588; baseline -0.003 0"><span class='ocrx_word' id='word_1_189' title='bbox 189 3513 272 3588; x_wconf 84' lang='lat' dir='ltr'>talis</span> <span class='ocrx_word' id='word_1_190' title='bbox 297 3513 395 3588; x_wconf 81' lang='lat' dir='ltr'>extat</span> <span class='ocrx_word' id='word_1_191' title='bbox 421 3516 537 3587; x_wconf 91' lang='lat' dir='ltr'>tenor:</span> 
     </span>
    </p>

    <p class='ocr_par' dir='ltr' id='par_1_5' title="bbox 194 3632 1777 5185">
     <span class='ocr_line' id='line_1_23' title="bbox 302 3632 1741 3728; baseline 0.002 -20"><span class='ocrx_word' id='word_1_192' title='bbox 302 3634 518 3722; x_wconf 86' lang='lat' dir='ltr'>,Bonifacius</span> <span class='ocrx_word' id='word_1_193' title='bbox 546 3632 721 3728; x_wconf 87' lang='lat' dir='ltr'>episcopus</span> <span class='ocrx_word' id='word_1_194' title='bbox 749 3655 864 3708; x_wconf 80' lang='lat' dir='ltr'>seruus</span> <span class='ocrx_word' id='word_1_195' title='bbox 890 3655 1057 3708; x_wconf 88' lang='lat' dir='ltr'>serrorum</span> <span class='ocrx_word' id='word_1_196' title='bbox 1087 3633 1160 3726; x_wconf 88' lang='lat' dir='ltr'>Dei,</span> <span class='ocrx_word' id='word_1_197' title='bbox 1181 3633 1322 3709; x_wconf 86' lang='lat' dir='ltr'>Dilectis</span> <span class='ocrx_word' id='word_1_198' title='bbox 1341 3633 1423 3708; x_wconf 87' lang='lat' dir='ltr'>filiis</span> <span class='ocrx_word' id='word_1_199' title='bbox 1441 3635 1572 3710; x_wconf 84' lang='lat' dir='ltr'>Decumo</span> <span class='ocrx_word' id='word_1_200' title='bbox 1591 3635 1626 3711; x_wconf 90' lang='lat' dir='ltr'>et</span> <span class='ocrx_word' id='word_1_201' title='bbox 1640 3637 1741 3711; x_wconf 88' lang='lat' dir='ltr'>Prae·</span> 
     </span>
     <span class='ocr_line' id='line_1_24' title="bbox 195 3755 1777 3852; baseline 0.001 -21"><span class='ocrx_word' id='word_1_202' title='bbox 195 3756 326 3852; x_wconf 88' lang='lat' dir='ltr'>,posito</span> <span class='ocrx_word' id='word_1_203' title='bbox 353 3779 392 3831; x_wconf 92' lang='lat' dir='ltr'>ac</span> <span class='ocrx_word' id='word_1_204' title='bbox 419 3757 626 3831; x_wconf 88' lang='lat' dir='ltr'>Scholastico</span> <span class='ocrx_word' id='word_1_205' title='bbox 653 3755 814 3830; x_wconf 88' lang='lat' dir='ltr'>ecclesiae</span> <span class='ocrx_word' id='word_1_206' title='bbox 841 3755 1158 3847; x_wconf 84' lang='lat' dir='ltr'>Wladislariensis,</span> <span class='ocrx_word' id='word_1_207' title='bbox 1189 3757 1336 3831; x_wconf 88' lang='lat' dir='ltr'>salutern</span> <span class='ocrx_word' id='word_1_208' title='bbox 1373 3758 1408 3830; x_wconf 92' lang='lat' dir='ltr'>et</span> <span class='ocrx_word' id='word_1_209' title='bbox 1435 3757 1653 3851; x_wconf 88' lang='lat' dir='ltr'>apostolicam</span> <span class='ocrx_word' id='word_1_210' title='bbox 1681 3761 1738 3833; x_wconf 92' lang='lat' dir='ltr'>be·</span> <span class='ocrx_word' id='word_1_211' title='bbox 1773 3799 1777 3810; x_wconf 70' lang='lat'>,</span> 
     </span>
     <span class='ocr_line' id='line_1_25' title="bbox 195 3877 1741 3976; baseline 0.002 -25"><span class='ocrx_word' id='word_1_212' title='bbox 195 3877 449 3966; x_wconf 86' lang='lat' dir='ltr'>,nedictionem</span> <span class='ocrx_word' id='word_1_213' title='bbox 499 3879 568 3951; x_wconf 87' lang='lat' dir='ltr'>Sua</span> <span class='ocrx_word' id='word_1_214' title='bbox 607 3877 712 3951; x_wconf 85' lang='lat' dir='ltr'>Nobis</span> <span class='ocrx_word' id='word_1_215' title='bbox 752 3877 955 3952; x_wconf 86' lang='lat' dir='ltr'>uenerabilis</span> <span class='ocrx_word' id='word_1_216' title='bbox 995 3877 1102 3952; x_wconf 89' lang='lat' dir='ltr'>frater</span> <span class='ocrx_word' id='word_1_217' title='bbox 1141 3880 1255 3952; x_wconf 87' lang='lat' dir='ltr'>noster</span> <span class='ocrx_word' id='word_1_218' title='bbox 1294 3878 1435 3952; x_wconf 87' lang='lat' dir='ltr'>Iacobus</span> <span class='ocrx_word' id='word_1_219' title='bbox 1462 3877 1741 3976; x_wconf 83' lang='lat' dir='ltr'>Archiepiscopus</span> 
     </span>
     <span class='ocr_line' id='line_1_26' title="bbox 194 3998 1767 4096; baseline -0.001 -21"><span class='ocrx_word' id='word_1_220' title='bbox 194 3999 421 4088; x_wconf 79' lang='lat' dir='ltr'>,Gnesnensis</span> <span class='ocrx_word' id='word_1_221' title='bbox 461 3999 623 4093; x_wconf 89' lang='lat' dir='ltr'>petitione</span> <span class='ocrx_word' id='word_1_222' title='bbox 664 3999 885 4090; x_wconf 85' lang='lat' dir='ltr'>monstrauit,</span> <span class='ocrx_word' id='word_1_223' title='bbox 914 4000 1001 4092; x_wconf 92' lang='lat' dir='ltr'>quod</span> <span class='ocrx_word' id='word_1_224' title='bbox 1037 3998 1237 4074; x_wconf 82' lang='lat' dir='ltr'>uenerabilis</span> <span class='ocrx_word' id='word_1_225' title='bbox 1273 3999 1378 4074; x_wconf 87' lang='lat' dir='ltr'>frater</span> <span class='ocrx_word' id='word_1_226' title='bbox 1416 4002 1530 4075; x_wconf 90' lang='lat' dir='ltr'>noster</span> <span class='ocrx_word' id='word_1_227' title='bbox 1556 4001 1767 4096; x_wconf 77' lang='lat' dir='ltr'>Episcopus¹</span> 
     </span>
     <span class='ocr_line' id='line_1_27' title="bbox 194 4120 1738 4217; baseline 0 -21"><span class='ocrx_word' id='word_1_228' title='bbox 194 4121 404 4210; x_wconf 73' lang='lat' dir='ltr'>,dulmensis</span> <span class='ocrx_word' id='word_1_229' title='bbox 430 4120 502 4196; x_wconf 87' lang='lat' dir='ltr'>eius</span> <span class='ocrx_word' id='word_1_230' title='bbox 530 4122 764 4215; x_wconf 78' lang='lat' dir='ltr'>suffraganeus</span> <span class='ocrx_word' id='word_1_231' title='bbox 792 4121 832 4194; x_wconf 91' lang='lat' dir='ltr'>de</span> <span class='ocrx_word' id='word_1_232' title='bbox 859 4121 1031 4214; x_wconf 78' lang='lat' dir='ltr'>provintia</span> <span class='ocrx_word' id='word_1_233' title='bbox 1057 4120 1245 4197; x_wconf 79' lang='lat' dir='ltr'>Gnesncnsi</span> <span class='ocrx_word' id='word_1_234' title='bbox 1278 4143 1312 4196; x_wconf 91' lang='lat' dir='ltr'>se</span> <span class='ocrx_word' id='word_1_235' title='bbox 1331 4145 1397 4196; x_wconf 90' lang='lat' dir='ltr'>non</span> <span class='ocrx_word' id='word_1_236' title='bbox 1416 4144 1487 4197; x_wconf 88' lang='lat' dir='ltr'>esse</span> <span class='ocrx_word' id='word_1_237' title='bbox 1506 4123 1738 4217; x_wconf 69' lang='lat' dir='ltr'>praetendens</span> 
     </span>
     <span class='ocr_line' id='line_1_28' title="bbox 196 4241 1742 4339; baseline 0 -21"><span class='ocrx_word' id='word_1_238' title='bbox 196 4247 261 4334; x_wconf 90' lang='lat' dir='ltr'>,ab</span> <span class='ocrx_word' id='word_1_239' title='bbox 287 4241 395 4338; x_wconf 87' lang='lat' dir='ltr'>ipsius</span> <span class='ocrx_word' id='word_1_240' title='bbox 422 4241 673 4336; x_wconf 84' lang='lat' dir='ltr'>Archiepiscopi</span> <span class='ocrx_word' id='word_1_241' title='bbox 702 4241 932 4316; x_wconf 89' lang='lat' dir='ltr'>iurisdictione</span> <span class='ocrx_word' id='word_1_242' title='bbox 960 4242 995 4316; x_wconf 91' lang='lat' dir='ltr'>in</span> <span class='ocrx_word' id='word_1_243' title='bbox 1022 4242 1096 4335; x_wconf 83' lang='lat' dir='ltr'>hie,</span> <span class='ocrx_word' id='word_1_244' title='bbox 1139 4266 1226 4335; x_wconf 90' lang='lat' dir='ltr'>quoe</span> <span class='ocrx_word' id='word_1_245' title='bbox 1254 4244 1297 4317; x_wconf 87' lang='lat' dir='ltr'>ad</span> <span class='ocrx_word' id='word_1_246' title='bbox 1322 4244 1434 4338; x_wconf 85' lang='lat' dir='ltr'>legem</span> <span class='ocrx_word' id='word_1_247' title='bbox 1462 4244 1742 4339; x_wconf 85' lang='lat' dir='ltr'>metropoliticam</span> 
     </span>
     <span class='ocr_line' id='line_1_29' title="bbox 198 4363 1741 4460; baseline 0.001 -21"><span class='ocrx_word' id='word_1_248' title='bbox 198 4365 403 4460; x_wconf 72' lang='lat' dir='ltr'>,pertinent</span> <span class='ocrx_word' id='word_1_249' title='bbox 433 4386 468 4439; x_wconf 93' lang='lat' dir='ltr'>se</span> <span class='ocrx_word' id='word_1_250' title='bbox 495 4364 690 4439; x_wconf 85' lang='lat' dir='ltr'>abstrahere</span> <span class='ocrx_word' id='word_1_251' title='bbox 709 4363 843 4454; x_wconf 90' lang='lat' dir='ltr'>nititur,</span> <span class='ocrx_word' id='word_1_252' title='bbox 864 4363 995 4457; x_wconf 86' lang='lat' dir='ltr'>sibique</span> <span class='ocrx_word' id='word_1_253' title='bbox 1013 4366 1176 4457; x_wconf 82' lang='lat' dir='ltr'>tanquam</span> <span class='ocrx_word' id='word_1_254' title='bbox 1204 4366 1462 4460; x_wconf 87' lang='lat' dir='ltr'>metropolitano</span> <span class='ocrx_word' id='word_1_255' title='bbox 1481 4368 1626 4458; x_wconf 90' lang='lat' dir='ltr'>subesse,</span> <span class='ocrx_word' id='word_1_256' title='bbox 1647 4366 1741 4442; x_wconf 92' lang='lat' dir='ltr'>inde-</span> 
     </span>
     <span class='ocr_line' id='line_1_30' title="bbox 196 4483 1741 4581; baseline 0.002 -21"><span class='ocrx_word' id='word_1_257' title='bbox 196 4485 288 4575; x_wconf 89' lang='lat' dir='ltr'>,bite</span> <span class='ocrx_word' id='word_1_258' title='bbox 316 4483 527 4560; x_wconf 85' lang='lat' dir='ltr'>contradicit.</span> <span class='ocrx_word' id='word_1_259' title='bbox 556 4484 716 4578; x_wconf 74' lang='lat' dir='ltr'>Quocirca</span> <span class='ocrx_word' id='word_1_260' title='bbox 743 4484 945 4557; x_wconf 87' lang='lat' dir='ltr'>Discretioni</span> <span class='ocrx_word' id='word_1_261' title='bbox 972 4485 1104 4559; x_wconf 87' lang='lat' dir='ltr'>restrae</span> <span class='ocrx_word' id='word_1_262' title='bbox 1131 4507 1191 4579; x_wconf 92' lang='lat' dir='ltr'>per</span> <span class='ocrx_word' id='word_1_263' title='bbox 1225 4485 1411 4579; x_wconf 87' lang='lat' dir='ltr'>apostolica</span> <span class='ocrx_word' id='word_1_264' title='bbox 1439 4486 1566 4581; x_wconf 85' lang='lat' dir='ltr'>scripta</span> <span class='ocrx_word' id='word_1_265' title='bbox 1602 4488 1741 4563; x_wconf 81' lang='lat' dir='ltr'>unands-</span> 
     </span>
     <span class='ocr_line' id='line_1_31' title="bbox 196 4604 1740 4703; baseline 0.003 -22"><span class='ocrx_word' id='word_1_266' title='bbox 196 4629 302 4697; x_wconf 91' lang='lat' dir='ltr'>,mus,</span> <span class='ocrx_word' id='word_1_267' title='bbox 331 4609 498 4700; x_wconf 88' lang='lat' dir='ltr'>quatenus</span> <span class='ocrx_word' id='word_1_268' title='bbox 526 4606 680 4700; x_wconf 88' lang='lat' dir='ltr'>partibus</span> <span class='ocrx_word' id='word_1_269' title='bbox 707 4604 906 4698; x_wconf 86' lang='lat' dir='ltr'>conuocatis,</span> <span class='ocrx_word' id='word_1_270' title='bbox 936 4606 1077 4680; x_wconf 86' lang='lat' dir='ltr'>audiant</span> <span class='ocrx_word' id='word_1_271' title='bbox 1104 4628 1259 4699; x_wconf 91' lang='lat' dir='ltr'>causam,</span> <span class='ocrx_word' id='word_1_272' title='bbox 1287 4609 1322 4682; x_wconf 83' lang='lat' dir='ltr'>et</span> <span class='ocrx_word' id='word_1_273' title='bbox 1350 4608 1579 4703; x_wconf 87' lang='lat' dir='ltr'>appellatione</span> <span class='ocrx_word' id='word_1_274' title='bbox 1601 4613 1740 4702; x_wconf 88' lang='lat' dir='ltr'>remota,</span> 
     </span>
     <span class='ocr_line' id='line_1_32' title="bbox 196 4727 1741 4822; baseline 0.003 -22"><span class='ocrx_word' id='word_1_275' title='bbox 196 4729 284 4818; x_wconf 90' lang='lat' dir='ltr'>,fine</span> <span class='ocrx_word' id='word_1_276' title='bbox 311 4727 425 4802; x_wconf 91' lang='lat' dir='ltr'>debito</span> <span class='ocrx_word' id='word_1_277' title='bbox 452 4727 615 4803; x_wconf 85' lang='lat' dir='ltr'>decidatis</span> <span class='ocrx_word' id='word_1_278' title='bbox 644 4732 679 4822; x_wconf 89' lang='lat'>):</span> <span class='ocrx_word' id='word_1_279' title='bbox 718 4727 881 4801; x_wconf 84' lang='lat' dir='ltr'>facientes</span> <span class='ocrx_word' id='word_1_280' title='bbox 909 4729 996 4820; x_wconf 92' lang='lat' dir='ltr'>quod</span> <span class='ocrx_word' id='word_1_281' title='bbox 1024 4728 1237 4804; x_wconf 82' lang='lat' dir='ltr'>decreveritis</span> <span class='ocrx_word' id='word_1_282' title='bbox 1264 4730 1466 4806; x_wconf 89' lang='lat' dir='ltr'>auctoritate</span> <span class='ocrx_word' id='word_1_283' title='bbox 1493 4733 1609 4806; x_wconf 85' lang='lat' dir='ltr'>nostra</span> <span class='ocrx_word' id='word_1_284' title='bbox 1635 4731 1741 4805; x_wconf 88' lang='lat' dir='ltr'>firmi-</span> 
     </span>
     <span class='ocr_line' id='line_1_33' title="bbox 195 4848 1739 4946; baseline 0.003 -23"><span class='ocrx_word' id='word_1_285' title='bbox 195 4850 270 4940; x_wconf 88' lang='lat' dir='ltr'>,ter</span> <span class='ocrx_word' id='word_1_286' title='bbox 295 4848 474 4925; x_wconf 83' lang='lat' dir='ltr'>observari.</span> <span class='ocrx_word' id='word_1_287' title='bbox 503 4849 620 4924; x_wconf 80' lang='lat' dir='ltr'>Testes</span> <span class='ocrx_word' id='word_1_288' title='bbox 646 4851 760 4924; x_wconf 90' lang='lat' dir='ltr'>autem</span> <span class='ocrx_word' id='word_1_289' title='bbox 786 4848 844 4942; x_wconf 90' lang='lat' dir='ltr'>qui</span> <span class='ocrx_word' id='word_1_290' title='bbox 871 4849 999 4924; x_wconf 89' lang='lat' dir='ltr'>fuerint</span> <span class='ocrx_word' id='word_1_291' title='bbox 1027 4849 1201 4942; x_wconf 89' lang='lat' dir='ltr'>nominati,</span> <span class='ocrx_word' id='word_1_292' title='bbox 1232 4851 1261 4925; x_wconf 88' lang='lat' dir='ltr'>si</span> <span class='ocrx_word' id='word_1_293' title='bbox 1288 4875 1323 4926; x_wconf 91' lang='lat' dir='ltr'>se</span> <span class='ocrx_word' id='word_1_294' title='bbox 1350 4852 1484 4946; x_wconf 84' lang='lat' dir='ltr'>gratia,</span> <span class='ocrx_word' id='word_1_295' title='bbox 1514 4853 1588 4927; x_wconf 93' lang='lat' dir='ltr'>odio</span> <span class='ocrx_word' id='word_1_296' title='bbox 1615 4855 1667 4927; x_wconf 88' lang='lat' dir='ltr'>rel</span> <span class='ocrx_word' id='word_1_297' title='bbox 1695 4855 1739 4928; x_wconf 87' lang='lat' dir='ltr'>ti-</span> 
     </span>
     <span class='ocr_line' id='line_1_34' title="bbox 195 4969 1740 5071; baseline 0.003 -26"><span class='ocrx_word' id='word_1_298' title='bbox 195 4993 305 5060; x_wconf 88' lang='lat' dir='ltr'>,morc</span> <span class='ocrx_word' id='word_1_299' title='bbox 331 4969 574 5059; x_wconf 83' lang='lat' dir='ltr'>subtraxerint,</span> <span class='ocrx_word' id='word_1_300' title='bbox 603 4992 865 5064; x_wconf 88' lang='lat' dir='ltr'>percensuram</span> <span class='ocrx_word' id='word_1_301' title='bbox 892 4971 1165 5064; x_wconf 89' lang='lat' dir='ltr'>ecclesiasticam,</span> <span class='ocrx_word' id='word_1_302' title='bbox 1194 4973 1423 5068; x_wconf 89' lang='lat' dir='ltr'>appellatione</span> <span class='ocrx_word' id='word_1_303' title='bbox 1450 4977 1613 5066; x_wconf 88' lang='lat' dir='ltr'>cessante,</span> <span class='ocrx_word' id='word_1_304' title='bbox 1642 4998 1740 5071; x_wconf 85' lang='lat' dir='ltr'>coga-</span> 
     </span>
     <span class='ocr_line' id='line_1_35' title="bbox 196 5091 925 5185; baseline -0.003 -19"><span class='ocrx_word' id='word_1_305' title='bbox 196 5091 262 5182; x_wconf 84' lang='lat' dir='ltr'>,tis</span> <span class='ocrx_word' id='word_1_306' title='bbox 289 5091 427 5166; x_wconf 87' lang='lat' dir='ltr'>veritati</span> <span class='ocrx_word' id='word_1_307' title='bbox 455 5091 687 5165; x_wconf 90' lang='lat' dir='ltr'>testimonium</span> <span class='ocrx_word' id='word_1_308' title='bbox 716 5091 925 5185; x_wconf 83' lang='lat' dir='ltr'>perhibere“.</span> 
     </span>
    </p>
   </div>
   <div class='ocr_carea' id='block_1_5' title="bbox 195 5385 1741 5555">
    <p class='ocr_par' dir='ltr' id='par_1_6' title="bbox 195 5385 1741 5555">
     <span class='ocr_line' id='line_1_36' title="bbox 301 5385 1741 5472; baseline 0.008 -26"><span class='ocrx_word' id='word_1_309' title='bbox 301 5386 324 5466; x_wconf 84' lang='lat'>¹)</span> <span class='ocrx_word' id='word_1_310' title='bbox 347 5387 513 5449; x_wconf 87' lang='lat' dir='ltr'>Chelmensi</span> <span class='ocrx_word' id='word_1_311' title='bbox 538 5387 609 5450; x_wconf 79' lang='lat' dir='ltr'>Ood.</span> <span class='ocrx_word' id='word_1_312' title='bbox 632 5385 707 5447; x_wconf 82' lang='lat' dir='ltr'>Act.</span> <span class='ocrx_word' id='word_1_313' title='bbox 743 5385 771 5459; x_wconf 72' lang='lat'>³²)</span> <span class='ocrx_word' id='word_1_314' title='bbox 795 5387 849 5447; x_wconf 90' lang='lat' dir='ltr'>sub</span> <span class='ocrx_word' id='word_1_315' title='bbox 876 5385 946 5448; x_wconf 76' lang='lat' dir='ltr'>Cori.</span> <span class='ocrx_word' id='word_1_316' title='bbox 970 5389 1062 5450; x_wconf 78' lang='lat' dir='ltr'>Recr.</span> <span class='ocrx_word' id='word_1_317' title='bbox 1098 5386 1124 5466; x_wconf 85' lang='lat'>³)</span> <span class='ocrx_word' id='word_1_318' title='bbox 1147 5389 1307 5465; x_wconf 79' lang='lat' dir='ltr'>Debcgneo</span> <span class='ocrx_word' id='word_1_319' title='bbox 1332 5391 1403 5455; x_wconf 82' lang='lat' dir='ltr'>Ood.</span> <span class='ocrx_word' id='word_1_320' title='bbox 1427 5394 1518 5454; x_wconf 76' lang='lat' dir='ltr'>Rorr.</span> <span class='ocrx_word' id='word_1_321' title='bbox 1554 5389 1580 5472; x_wconf 88' lang='lat'>⁴)</span> <span class='ocrx_word' id='word_1_322' title='bbox 1603 5395 1741 5457; x_wconf 85' lang='lat' dir='ltr'>decidant</span> 
     </span>
     <span class='ocr_line' id='line_1_37' title="bbox 195 5492 382 5555; baseline 0 -1"><span class='ocrx_word' id='word_1_323' title='bbox 195 5492 266 5555; x_wconf 75' lang='lat' dir='ltr'>doc.</span> <span class='ocrx_word' id='word_1_324' title='bbox 290 5493 382 5554; x_wconf 74' lang='lat' dir='ltr'>Rorr.</span> 
     </span>
    </p>
   </div>
   <div class='ocr_carea' id='block_1_6' title="bbox 0 0 2100 6272">
    <p class='ocr_par' dir='ltr' id='par_1_7' title="bbox 0 0 2100 6272">
     <span class='ocr_line' id='line_1_38' title="bbox 0 0 2100 6272; baseline 0 0"><span class='ocrx_word' id='word_1_325' title='bbox 0 0 2100 6272; x_wconf 95' lang='lat' dir='ltr'> </span> 
     </span>
    </p>
   </div>
  </div>
 </body>
</html>
