4140 6298
176 561 242 669 (Α.
262 563 311 642 ῠ.
331 508 469 668 imp
800 586 912 641 arnae
938 563 1092 642 sexsus.
1650 567 1725 642 257

175 773 231 852 lol
258 776 294 852 et
321 775 441 867 Uecne,
469 772 646 870 quaesibi
674 773 784 865 unica,
826 774 906 850 duur
933 775 1129 867 moreretur,
1165 776 1364 872 supererant
1398 777 1492 871 (nam
1519 773 1632 852 omnia
1658 773 1729 851 aliu

174 897 211 974 in
238 896 401 975 ditionem
428 898 464 976 ot
490 895 731 974 subiectionem
767 895 907 973 Henrici
943 895 1071 973 Slesiac
1097 895 1201 973 Ducis
1227 899 1486 994 concesserant),
1511 918 1727 995 possessores.

176 1247 353 1340 tmrdrr
370 1264 537 1344 hanalae
562 1265 643 1355 bu,
670 1262 747 1338 Ιιιι
773 1265 959 1341 lolerlann
986 1249 1141 1342 ludlonn
1168 1265 1320 1355 tatastat,
1346 1266 1389 1359 ad
1416 1267 1615 1359 parturn·
1642 1265 1730 1359 paol-

176 1387 293 1462 maru
318 1386 368 1462 llll
395 1385 537 1461 tutuo
563 1387 607 1460 ol
632 1385 675 1476 ll,
702 1385 788 1479 urm
816 1386 1040 1478 1mogmrr·
1066 1387 1241 1479 urguetur,
1276 1387 1377 1462 ΙΙΙιι
1403 1387 1503 1461 delae·
1524 1387 1621 1479 aegis
1639 1387 1730 1462 'lna-

175 1509 287 1602 gauro
315 1509 443 1603 aceepit
469 1508 516 1624 ln
529 1526 673 1598 uxoren,
701 1509 842 1602 puella·
869 1508 1044 1602 singularia
1072 1509 1282 1601 sanctitatis,
1314 1528 1387 1584 ann
1414 1528 1477 1604 qur
1503 1509 1607 1585 ultr·
1634 1506 1729 1582 duxlt

821 1667 822 1672 ι
870 1633 1036 1708 oaolllon.

282 1873 337 1948 Ex
364 1873 470 1956 morto
496 1872 635 1950 Honrici
664 1893 739 1951 cum
771 1873 875 1951 barba
910 1874 1111 1953 Polonorum
1147 1873 1316 1972 Principis
1341 1875 1377 1951 et
1402 1874 1613 1966 Monarobuo,
1642 1875 1731 1950 (lun-

177 1993 280 2072 radns
306 1993 472 2076 Maeoniae
499 1995 577 2071 Dux
604 1995 776 2072 fastuosus
801 1997 838 2071 et
864 1994 1011 2071 insoleus
1037 2017 1122 2089 esse,
1160 2018 1368 2093 magnasque
1394 1995 1462 2073 iras
1489 1998 1605 2074 contra
1631 1996 1731 2096 Bole-

177 2103 288 2193 alarum
313 2116 479 2200 Pudicam
506 2115 683 2194 (lracoriae
708 2118 744 2194 et
770 2117 999 2194 Sondomirioe
1025 2117 1164 2222 Ducem,
1194 2117 1282 2212 quod
1309 2139 1346 2194 se
1372 2119 1575 2215 contempto,
1604 2117 1729 2194 Hemi-
1824 2209 1827 2214 .

174 2249 255 2315 'cum
282 2260 365 2316 cum·
385 2239 490 2316 barba
517 2239 552 2315 in
579 2261 675 2315 suum
703 2240 850 2316 tutorem
887 2239 1065 2334 acciverat,
1102 2241 1138 2316 et
1173 2263 1211 2317 eo
1239 2239 1321 2317 duce
1348 2239 1385 2316 uc
1411 2239 1564 2317 adiutore
1591 2239 1732 2336 praeliis

177 2360 312 2454 aliquot
347 2361 503 2438 secundis
530 2363 646 2438 contra
672 2384 748 2439 eum
776 2383 857 2438 usus
888 2363 1012 2455 iuerat,
1049 2384 1199 2440 evomere
1235 2361 1356 2459 coepit.
1401 2361 1614 2460 Quapropter
1640 2361 1730 2437 baud

178 2482 281 2579 longe
308 2484 385 2581 post
411 2483 550 2562 Honrici
567 2505 653 2569 ‚cour
680 2485 785 2561 barba
820 2483 948 2561 obitum
984 2484 1100 2561 foedus
1132 2484 1236 2561 ictum
1276 2483 1425 2562 irritavit
1450 2477 1487 2561 et
1512 2483 1732 2560 clandestinis

179 2602 339 2700 primum,
367 2603 487 2682 deindo
513 2604 660 2702 publicis
695 2604 924 2712 invasionibus
959 2605 1204 2699 ilraoorieuaes,
1241 2604 1528 2683 Soudomirienaos
1553 2609 1589 2682 et
1614 2604 1733 2680 Lubli·

180 2745 304 2801 nenses
330 2728 439 2804 terras
465 2727 634 2804 uastabat.
680 2725 732 2804 Ad
760 2727 855 2805 cuius
882 2726 1098 2805 insolentiam
1126 2727 1398 2826 compescendam
1425 2727 1604 2805 Boleslaus
1629 2726 1733 2803 Pudi·

179 2867 241 2925 cns
268 2846 498 2926 Oratoriensis
524 2851 560 2925 et
586 2849 870 2927 sandomiriensis
897 2851 987 2942 Dux,
1016 2849 1225 2927 notabilibus
1252 2849 1442 2943 baronibus,
1470 2849 1628 2927 uidelicet
1657 2849 1732 2924 ille·

181 2969 296 3047 mente
321 2971 364 3046 de
390 2971 645 3070 Klimyanthou
664 2973 688 3069 ¹)
713 2973 910 3066 castellano,
938 2972 1095 3048 Ianussio
1121 2972 1275 3070 palatino
1300 2971 1573 3049 cracoviensibns
1599 2972 1646 3058 ad,
1668 2971 1734 3047 Be·

180 3089 251 3168 lam
278 3091 478 3190 Hnugariae
512 3093 642 3192 Regem
669 3093 794 3187 missis,
832 3093 940 3170 tiliam
974 3093 1047 3170 eius
1078 3093 1232 3192 Kingam
1247 3094 1287 3190 ²),
1320 3115 1421 3190 quam
1458 3117 1550 3172 soror
1585 3092 1734 3170 Boleslai

180 3213 350 3309 Salomon,
386 3237 520 3293 musore
555 3215 727 3293 colomani
762 3215 991 3294 Haliceieuois
1025 3215 1133 3314 Regia
1159 3219 1194 3294 et
1221 3215 1285 3293 dlii
1313 3216 1428 3309 Belao,
1457 3215 1498 3293 de
1526 3215 1736 3314 praestantia

180 3337 348 3415 uirtutum
375 3339 411 3414 ot
438 3361 567 3415 morum
594 3338 894 3431 commendauerat,
931 3340 1100 3437 pmcatue,
1136 3337 1259 3436 accipit
1286 3337 1322 3414 in
1349 3341 1535 3416 consortem
1551 3337 1591 3435 ³),
1628 3338 1751 3435 virgi·-

181 3481 260 3537 nem
286 3481 327 3538 ea
352 3462 557 3559 tempestate
582 3461 770 3560 singularis
797 3462 924 3539 formae
950 3463 985 3539 et
1011 3459 1163 3555 virtutis,
1192 3461 1288 3538 auius
1314 3461 1465 3539 futuram
1492 3460 1654 3559 optimam
1681 3461 1734 3538 iu·

180 3581 293 3659 dolam
328 3582 403 3682 ipsa
437 3583 541 3661 etiam
577 3582 760 3682 crepundia
796 3585 1124 3682 praemonstrarunt.
1168 3583 1425 3682 Quamprimum
1455 3582 1622 3678 siquidem
1648 3605 1735 3661 anno

182 3704 427 3784 incarnationis
453 3705 600 3787 Domini·
617 3705 724 3783 nostri
751 3707 830 3784 Ieau
856 3705 984 3784 christi
1015 3704 1197 3784 llillesimo
1233 3704 1462 3784 ducentesimo
1484 3707 1617 3800 quarto,
1645 3705 1735 3803 opud

183 3825 378 3914 Pannonias
404 3827 524 3905 matris
560 3829 637 3907 aluo
664 3828 700 3904 in
728 3827 858 3927 primis,
894 3827 1016 3924 quibus
1043 3827 1078 3904 in
1105 3827 1215 3904 lucem
1243 3827 1415 3904 infantula
1446 3827 1617 3921 edebatur,
1645 3827 1736 3904 boris

182 3971 252 4026 uon
277 3949 323 4027 ab
347 3949 478 4027 eiulatu
504 3952 541 4028 at
566 3950 760 4044 lachrimis,
790 3953 829 4028 ut
855 3947 979 4032 caeteri
1007 3949 1168 4044 infantes,
1205 3949 1264 4028 aed
1290 3972 1312 4026 a
1337 3948 1529 4027 Gabrielica
1555 3949 1736 4026 denuntia·

181 4071 277 4150 tione
302 4091 381 4149 anos
407 4071 585 4170 auspicata
610 4074 664 4150 est
689 4075 806 4150 ortus:
833 4073 960 4151 claram
987 4071 1077 4148 onim
1093 4072 1121 4168 ⁴)
1147 4071 1363 4148 articulatam
1392 4073 1428 4148 et
1454 4093 1619 4164 oonomm,
1647 4070 1737 4149 dre

182 4192 364 4292 Regina
389 4195 636 4290 coelorum,
664 4194 700 4270 in
719 4193 879 4272 idiomate
902 4194 1099 4292 Huugarico
1122 4193 1229 4271 edidit
1246 4215 1371 4272 rocem.
1390 4193 1530 4292 Quartis'
1546 4193 1684 4290 iuenpor
1702 4195 1737 4268 et

182 4315 293 4393 sextis
320 4315 415 4394 feriis
441 4316 545 4396 semel
571 4317 804 4394 tantummodo
830 4320 932 4394 ubera
959 4337 1081 4415 sugere
1099 4317 1269 4410 contenta,
1297 4316 1486 4414 praesulem
1514 4317 1648 4391 beatum
1675 4315 1737 4390 Ni-

183 4439 317 4516 colaum
344 4438 381 4516 in
408 4439 483 4537 ipsa
510 4437 658 4517 infantia
683 4439 930 4518 aemulabatur.
957 4439 1110 4518 Deducta
1134 4439 1188 4516 est
1214 4439 1326 4515 autern
1354 4439 1509 4535 praelata
1535 4438 1631 4535 uirgo
1649 4435 1737 4513 Kin-

183 4583 232 4658 ga
248 4581 325 4670 eum
343 4581 467 4660 magno
484 4561 662 4659 apparatu,
690 4561 804 4640 ferens
830 4564 942 4639 secum
969 4561 1130 4660 amplam,
1159 4559 1386 4658 quadraginta
1407 4559 1565 4639 uidelicet
1591 4559 1739 4636 millium
1828 4601 1832 4609 ,

184 4703 386 4778 mercamur,
422 4683 535 4762 dotem
570 4683 774 4778 damviam,
813 4684 870 4760 ubi
897 4685 933 4762 ot
959 4683 1146 4761 solennitas
1182 4683 1377 4780 nuptiarum
1413 4681 1532 4760 diebus
1566 4681 1739 4759 duodecim

186 4807 265 4883 acta
290 4807 355 4884 eet.
398 4805 453 4882 dlx
479 4829 518 4884 eo
544 4803 703 4902 autem‘)
728 4808 880 4903 temporo
905 4807 941 4883 et
968 4805 1126 4903 deinceps
1162 4803 1390 4902 Kouegundia
1416 4803 1558 4881 Ducissa
1584 4803 1739 4902 praefata

183 4916 398 5004 celsitudinis
434 4949 515 5005 auae
550 4949 670 5006 nomen
697 4929 733 5005 et
760 4928 917 5006 meritum
944 4950 984 5005 ea
1010 4927 1208 5006 celebritate
1244 4949 1304 5026 per
1338 4925 1478 5026 pietatis
1512 4947 1614 5023 opera
1647 4925 1738 5022 apud

183 5049 339 5146 regiones
365 5049 542 5127 Polonioas
576 5049 797 5143 diffundebat,
834 5053 874 5126 ut
900 5071 967 5126 nou
994 5069 1092 5126 secus
1127 5073 1228 5145 qnam
1264 5049 1374 5128 altera
1408 5047 1565 5146 egregiae
1599 5046 1738 5124 uirtutis

185 5171 287 5249 beata
313 5169 589 5250 'lmobuicuensis
614 5171 780 5270 Hodrigis
815 5171 958 5249 Ducissa
992 5171 1102 5267 (cuius
1128 5173 1164 5250 et
1190 5171 1265 5270 ipsa
1291 5171 1519 5267 Konegundis
1553 5169 1668 5266 neptis
1693 5189 1738 5244 ox

295 5448 319 5530 ¹)
342 5445 520 5514 llldrnubtorr
542 5443 603 5517 Ed.
625 5449 720 5515 mon.
758 5449 1013 5531 ²)Kuneguudr'm
1035 5469 1094 5528 qua
1116 5449 1213 5526 Kinga
1234 5449 1315 5512 dicta
1336 5455 1383 5512 eet
1405 5447 1464 5513 Ed.
1486 5447 1580 5511 Dobr.
1613 5441 1643 5522 'l
1666 5463 1737 5509 uxo·

183 5573 248 5621 rem
270 5555 330 5619 aa.
353 5555 447 5619 nour.
486 5552 518 5638 ⁴)
539 5555 594 5618 rea
613 5557 723 5620 aaran
748 5555 819 5620 ooo.
843 5555 915 5619 aar.

234 5675 257 5724 l·
271 5673 363 5732 Dim.
378 5669 463 5722 Εὔιον.
476 5674 555 5722 nom.
570 5673 596 5718 'l'.
611 5675 642 5720 11.
1549 5678 1584 5728 η
