4192 6272
396 501 470 576 528
1011 523 1122 576 arnna
1150 523 1334 577 cernuus.
1671 503 1733 600 (Α.
1755 504 1801 582 D.
1822 503 1945 604 1295.)

394 709 482 785 diem
510 709 740 805 sepeliendum
768 709 893 785 seruari
932 712 1078 804 uellent,
1119 711 1154 785 iu
1184 712 1385 788 monasterio
1413 713 1682 789 Praedicatorum
1710 714 1745 789 in
1768 716 1943 809 Ratbibor‚

393 832 542 907 Ducibus
568 836 603 908 ot
629 833 810 908 baronibus
830 833 1016 908 sententias
1043 835 1265 926 mutantibus,
1297 835 1473 930 sepelitur,
1502 837 1627 911 festum
1655 837 1839 912 beatissimi
1869 839 1944 913 Sta·

393 953 492 1030 nislai
521 978 587 1029 non
615 979 736 1050 annue,
764 957 821 1032 sed
849 956 1007 1031 continue
1034 956 1074 1030 de
1100 957 1231 1032 caetero
1256 957 1494 1032 celebraturus.

396 1323 615 1398 Praemislcns
652 1324 804 1397 boloniae
831 1325 899 1397 box
926 1326 1066 1398 lacerum
1102 1325 1202 1415 Regni
1231 1343 1347 1416 corpus
1375 1325 1647 1416 reintegratum,
1674 1325 1945 1402 interlinearis

392 1447 506 1538 saquis
533 1445 775 1519 conditionibus
803 1447 987 1537 conponit,
1015 1451 1150 1518 externa
1178 1450 1288 1518 autam
1315 1445 1401 1519 balla
1429 1450 1601 1540 protegam
1629 1447 1723 1519 cuins
1750 1451 1840 1539 regia
1866 1467 1943 1521 ruc-

390 1570 511 1642 toritrs
540 1569 778 1641 barcilonibus
796 1567 1136 1658 brandeburgensibus
1164 1567 1246 1640 adeo
1265 1569 1372 1640 luerat
1390 1569 1504 1658 irrisa,
1522 1573 1560 1640 nt
1577 1569 1609 1641 in
1629 1587 1738 1642 necem
1757 1569 1945 1642 l'rscnislai

1069 1690 1299 1782 conspirarent.

499 1931 731 2007 coronationis
759 1931 920 2007 solenniis
947 1930 1012 2006 rita
1040 1931 1285 2026 magnificeque
1313 1931 1471 2026 peractis,
1501 1931 1725 2008 Praernislaus
1751 1933 1829 2006 Rex
1847 1933 1943 2007 Polo-

392 2053 468 2128 niae
501 2076 577 2128 cum
604 2054 767 2149 praelatis
802 2057 838 2128 et
874 2053 1053 2128 baronibus
1093 2054 1164 2127 suis
1204 2055 1369 2146 volvebat,
1413 2049 1635 2148 agitabatquo
1674 2055 1943 2144 deliberationes,

391 2177 559 2268 quatenus
585 2197 745 2270 aegrum,
774 2177 987 2268 lacerumque
1014 2175 1066 2249 sui
1094 2175 1205 2270 Regni
1234 2198 1354 2270 corpus
1381 2175 1494 2251 debita
1520 2175 1693 2251 soliditate
1719 2177 1942 2272 componeret,

256 2324 259 2330 ’
393 2301 429 2373 et
455 2299 565 2372 terras
592 2301 634 2373 ab
660 2321 698 2374 eo
726 2300 914 2373 abstractas
941 2301 976 2373 et
1003 2321 1062 2392 per
1087 2296 1250 2372 Almanos
1277 2301 1477 2393 occupatas,
1506 2298 1610 2374 eidem
1640 2299 1798 2374 reuniret.
1837 2299 1944 2374 Maior

395 2422 508 2496 tamen
536 2421 571 2496 et
597 2419 778 2515 praecipua
804 2419 958 2494 omnibus
984 2441 1064 2494 cura
1091 2420 1169 2511 luit,
1198 2443 1239 2495 ne
1266 2443 1309 2495 ex
1329 2419 1492 2496 intestina
1509 2420 1689 2498 Warcislai
1711 2421 1733 2516 Ι)
1761 2423 1796 2495 et
1813 2422 1943 2494 blscau-

392 2543 440 2637 gii
468 2543 685 2618 Pomeraniac
719 2544 849 2617 Ducum
886 2541 1069 2633 discordia,
1107 2542 1324 2617 Pomerauiae
1360 2543 1510 2617 Dircatus
1537 2545 1572 2618 et
1600 2543 1795 2638 praesertim
1823 2542 1945 2617 ciuitas

391 2688 466 2740 cum
493 2666 602 2740 castro
629 2665 766 2741 bidanslr
795 2665 829 2738 in
857 2664 1102 2740 drucilerorum
1129 2663 1291 2740 ditionem
1319 2665 1519 2759 perueniret.
1548 2665 1644 2740 hicet
1670 2664 1759 2740 enim
1788 2687 1847 2759 per
1874 2665 1943 2738 Du·

391 2811 462 2863 cem
489 2789 684 2863 Boleslaum
710 2787 957 2878 ilalissiensem,
986 2810 1182 2882 germanum
1220 2789 1376 2881 patruum
1413 2787 1608 2862 Praemislai
1645 2787 1748 2882 Regis
1784 2787 1941 2882 praefati,

391 2910 552 2986 Oruoileri
581 2934 647 2984 non
675 2909 748 2984 sine
775 2911 888 3002 strage
916 2909 1137 3003 plurimorum
1165 2908 1312 2983 fuissent
1337 2933 1380 2982 cx
1407 2911 1517 2983 castro
1545 2908 1695 3001 (idansl,
1724 2908 1820 2983 carius
1847 2931 1942 2982 oceu-

393 3031 486 3126 patio
514 3034 595 3105 tunc
621 3030 692 3104 illis
719 3031 755 3103 in
783 3052 942 3124 magnum
970 3030 1149 3104 discrimen
1176 3031 1340 3121 cesserat,
1370 3030 1486 3122 eiecti,
1518 3029 1669 3105 civitatis
1704 3033 1819 3105 tamen
1847 3052 1943 3124 prae-

394 3154 504 3230 dictae
531 3153 671 3229 Gdanslr
697 3152 767 3227 situ
794 3153 1032 3246 contemplato,
1062 3153 1150 3243 quod
1178 3152 1348 3227 maritima
1384 3153 1474 3227 esset
1509 3154 1544 3226 et
1584 3153 1684 3227 facile
1711 3151 1831 3246 opibus
1859 3151 1942 3226 mari

392 3275 616 3370 importandis
642 3275 835 3366 excelleret,
865 3273 1034 3348 continuis
1074 3273 1197 3348 studiis
1237 3275 1279 3348 ad
1321 3274 1394 3348 eius
1433 3273 1684 3368 occrrpatioucm
1724 3273 1942 3348 anhelabant.

390 3396 477 3492 Quid
504 3397 619 3472 tamen
646 3395 872 3473 Praemislaus
899 3395 975 3471 Rex
1002 3394 1148 3490 primum
1175 3397 1311 3490 ageret,
1341 3418 1448 3488 quoue
1484 3417 1521 3470 se
1547 3396 1713 3486 uerteret,
1743 3395 1943 3490 ignorabat,

389 3518 532 3594 caeteris
558 3518 669 3614 Regni
697 3517 897 3614 prouinciis,
926 3517 1054 3592 mutuis
1082 3518 1142 3590 aut
1169 3517 1297 3592 exteris
1332 3517 1504 3612 stragibus
1540 3516 1774 3592 laborantibus
1809 3520 1845 3592 et
1871 3517 1943 3590 sul-

390 3639 501 3737 lragia
527 3665 586 3736 per
613 3643 744 3736 legatos
772 3639 1049 3735 implorantibuS,
1079 3640 1258 3713 distentus
1289 3639 1422 3714 Placuit
1449 3642 1561 3715 tumen
1589 3639 1801 3729 consiliariis,
1835 3638 1941 3732 Regi-

389 3786 465 3855 que,
494 3785 554 3857 per
581 3763 788 3839 conditiones
815 3763 909 3857 pacis
929 3762 1094 3838 nonnulla
1122 3760 1267 3835 minores
1294 3763 1425 3836 urorbos
1452 3761 1613 3836 babentia
1631 3761 1795 3856 componi,
1816 3763 1856 3834 ut
1873 3761 1943 3834 lor·

389 3885 457 3960 tior
483 3885 526 3959 ad
553 3884 761 3979 expedienda
788 3886 921 3960 caetera
949 3885 1060 3978 posset
1088 3883 1251 3978 praestari
1280 3883 1430 3972 uacatio;
1460 3884 1591 3978 placuit
1617 3886 1653 3958 et
1670 3885 1761 3958 bella
1778 3883 1850 3957 sire
1867 3905 1944 3955 curn

389 4005 556 4098 finitimis,
584 4006 655 4082 siue
681 4027 757 4080 cum
784 4005 929 4100 propriis
956 4005 1102 4100 gerenda
1138 4005 1171 4077 in
1199 4005 1363 4099 longum,
1392 4027 1458 4098 quo
1485 4007 1640 4080 tenerum
1658 3993 1693 4080 et
1711 4005 1812 4079 molle
1830 4003 1944 4098 Regni

392 4128 550 4204 Poloniaa
578 4149 697 4222 corpus
724 4128 925 4202 coalesceret
951 4129 986 4201 et
1014 4127 1049 4200 in
1076 4126 1174 4202 virile
1201 4129 1301 4200 robur
1328 4127 1493 4218 evaderet,
1523 4126 1662 4201 differri.
1706 4127 1835 4200 ilerum
1863 4126 1946 4199 licet

389 4249 521 4324 cunctis
548 4251 583 4323 in
610 4249 754 4324 circuitu
782 4247 938 4322 finitimis
965 4247 1118 4343 tyrannis
1155 4250 1190 4321 et
1228 4248 1422 4323 nationibus
1460 4247 1657 4322 Praemislai
1692 4247 1799 4343 Regis
1826 4247 1861 4320 in
1889 4271 1944 4321 so·

389 4371 474 4444 lium
514 4371 630 4465 regale
666 4369 860 4448 sublimatio
897 4369 1018 4444 fuisset
1053 4369 1164 4444 inrisa
1192 4372 1227 4444 et
1253 4371 1415 4462 molesta,
1444 4373 1480 4445 et
1506 4370 1590 4444 rarii
1618 4371 1660 4444 ad
1687 4368 1945 4443 rescindendum

389 4515 475 4584 earn,
504 4495 576 4567 tam
603 4492 693 4567 inter
719 4491 878 4567 Poloniae
905 4492 1025 4582 Duces
1066 4490 1125 4584 qui
1152 4491 1341 4566 sternebant
1381 4513 1416 4566 se
1451 4491 1563 4587 gloria
1602 4491 1709 4586 regali
1746 4513 1806 4586 per
1841 4493 1944 4565 Prac-

389 4613 547 4688 mislaunr
574 4613 708 4704 anteiri,
740 4635 839 4706 quam
867 4613 957 4688 inter
983 4612 1157 4704 finitimos,
1187 4611 1309 4705 quibus
1337 4635 1414 4686 mox
1441 4613 1606 4687 terribilis
1631 4615 1667 4687 et
1691 4613 1850 4707 suspecta
1868 4633 1943 4687 coe·

390 4735 444 4830 pit
470 4757 543 4810 esse
593 4735 719 4830 regalis
759 4736 928 4829 molestae,
957 4737 1180 4826 coquerentur
1194 4733 1221 4827 ²)
1262 4755 1430 4808 rumores:
1469 4733 1720 4809 Marchionibus
1760 4736 1875 4808 tanren
1903 4733 1946 4808 de

387 4853 646 4953 Sgoraelyeca⁸)
686 4856 774 4930 alias
806 4857 846 4931 de
873 4857 1105 4950 Brundeburg,
1135 4855 1292 4930 uidelicet
1319 4855 1437 4930 Ottoni
1464 4857 1600 4950 Longo,
1628 4857 1663 4930 et
1690 4855 1791 4930 alteri
1819 4855 1942 4929 Ottoni

388 4985 423 5053 at
450 4979 606 5064 Iohanni,
634 4977 771 5052 maioris
798 4977 999 5072 suspicionis
1027 4979 1130 5068 atque
1157 4977 1225 5051 odii
1252 4977 1522 5053 subministravit
1550 4977 1713 5070 ardorem,
1733 4975 1943 5066 verentibus,

387 5122 429 5174 ne
468 5100 563 5196 regia
590 5099 758 5194 dignitate
785 5102 820 5174 et
846 5098 1035 5174 accessione
1075 5100 1258 5172 uraltarum
1286 5100 1474 5192 terrarum,
1504 5098 1612 5194 ipsius
1639 5099 1792 5194 regimen
1820 5099 1943 5193 sponte

387 5221 614 5314 subeuntium,
642 5223 773 5313 auctus,
802 5243 858 5297 eos
885 5221 926 5296 de
952 5219 1185 5295 Marchionatu
1215 5221 1397 5315 praedicto,
1426 5223 1563 5316 captata
1580 5220 1835 5316 opportunitate
1852 5220 1941 5295 tern-

495 5481 519 5564 ¹)
540 5483 722 5561 Warccyslai
750 5484 821 5546 Ood.
845 5483 918 5544 Act.
944 5481 970 5562 Ω)
994 5489 1209 5560 conquerentur
1232 5483 1290 5548 Ed.
1315 5484 1401 5561 Lips.
1427 5481 1455 5562 ³)
1477 5483 1652 5560 Zgoraelecr
1678 5481 1748 5546 Ood.
1772 5481 1865 5544 Roar.
