4208 6282
398 537 471 612 150
878 511 880 515 ¹
1023 561 1135 614 arana
1163 561 1316 614 saxeus.
1371 583 1374 589 ,
1686 537 1944 634 (Α.ῠ,1198.)

395 746 578 840 aequitatis
605 746 730 839 ordine,
759 747 890 822 foedere
917 747 1056 842 insuper
1082 769 1159 822 cum
1185 747 1358 822 Kaairnire
1385 748 1584 822 Polenorum
1612 748 1704 823 Duce
1732 768 1792 841 per
1811 745 1942 822 Wladi-

395 868 529 960 mirum,
558 869 636 942 dum
664 867 846 943 restitutus
873 871 973 960 esset,
1011 868 1090 960 icto,
1127 869 1352 945 Halicziebsis
1379 868 1595 962 Principatus
1620 868 1663 942 ad
1691 866 1850 943 Poloniao
1876 868 1942 942 Re·

395 1013 500 1085 gnuru
526 992 562 1064 et
587 990 630 1064 ad
656 989 745 1096 lilios
781 989 948 1063 Kaairuiri
984 992 1099 1084 (super
1135 1013 1200 1084 quo
1233 993 1268 1067 et
1302 989 1534 1064 Haliczienses
1570 989 1697 1065 milites
1737 989 1943 1063 sacramento

395 1111 505 1186 adacti
525 1111 548 1206 ¹)
575 1113 688 1206 erant)
715 1112 856 1187 debebat
883 1112 1060 1186 deuolutus
1086 1113 1234 1200 censeri;
1272 1113 1331 1186 sed
1358 1112 1541 1186 multorum
1568 1111 1761 1206 Principum
1788 1108 1943 1200 Russiae,

394 1233 564 1308 Dueatunr
592 1232 800 1327 praedictum
828 1232 892 1306 sibi
921 1233 957 1306 in
983 1233 1121 1307 feudum
1149 1233 1220 1306 dari
1249 1232 1510 1327 deposcentium,
1547 1231 1687 1307 ambitio
1715 1232 1829 1326 plures
1856 1230 1943 1305 sedi-

395 1354 530 1428 tionum·
551 1363 700 1429 rumores
728 1353 936 1430 concitatum
971 1355 1166 1430 ridebatur:
1204 1356 1246 1428 ad
1273 1377 1367 1446 quos,
1404 1356 1584 1446 antequam
1620 1353 1726 1428 latius
1756 1353 1943 1446 serperent,

395 1474 629 1569 opprimendos
664 1475 841 1550 Nicolaum
878 1475 1069 1569 palatinum
1104 1475 1354 1550 Graeorienseru
1391 1497 1466 1550 curn
1502 1474 1608 1569 copiis
1633 1477 1705 1548 tam
1729 1473 1945 1565 equestribus

395 1618 497 1689 quarn
533 1596 742 1690 pedestribus
769 1597 804 1670 iu
831 1596 1020 1671 Halicaiarn
1056 1597 1099 1671 ad
1131 1597 1370 1690 prouidendum
1397 1596 1439 1670 de
1465 1597 1616 1671 lineatus
1651 1595 1804 1670 vacantis
1839 1595 1944 1682 statu,

394 1719 431 1796 ot
457 1719 496 1792 ut
523 1717 557 1792 in
585 1719 726 1794 formam
755 1718 944 1812 prouinciae
971 1717 1090 1812 redigi,
1118 1719 1304 1814 Regnaque
1330 1717 1489 1792 Poloniae
1515 1717 1604 1791 uniri
1633 1718 1755 1812 posset,
1788 1715 1944 1790 ordinae·

395 1841 485 1932 dum,
516 1840 606 1914 mitti
635 1841 776 1934 placuit.
822 1841 864 1913 In
892 1839 1064 1914 lachrimis
1091 1839 1182 1914 illice
1209 1841 1335 1914 Lestlro
1362 1841 1441 1911 Dux
1467 1839 1646 1929 resolutus,
1669 1839 1726 1912 'ne
1753 1844 1791 1911 so'
1816 1837 1945 1910 daere-

395 1963 482 2051 rent,
511 1962 569 2037 sed
597 1961 632 2035 in
660 1962 755 2036 illius
787 1961 1012 2056 expeditionis
1047 1961 1201 2036 connitere
1229 1983 1304 2035 oum
1332 1963 1552 2051 asseruerant,
1591 1959 1737 2054 primum
1764 1958 1946 2048 curatores,

394 2083 512 2158 deinde
539 2083 748 2158 consiliarios
774 2083 927 2176 singulos
950 2082 1084 2158 blandis
1105 2083 1245 2156 haerens
1263 2081 1494 2176 complexibus
1510 2080 1538 2174 Ἰ)
1565 2080 1776 2175 precabatur.
1804 2079 1851 2152 Et
1868 2079 1947 2152 dum

394 2207 465 2278 tam
492 2205 600 2280 mater
627 2203 758 2278 ducissa
793 2205 937 2295 Helena,
975 2226 1075 2296 quarn
1111 2202 1296 2278 consiliarii
1331 2203 1538 2294 resisterent,
1578 2203 1612 2277 et
1643 2201 1752 2276 satius
1786 2198 1948 2274 illumin

395 2327 474 2400 aula
500 2324 636 2400 interim
661 2347 795 2399 rnanere
817 2325 1075 2420 persuaderent:
1104 2324 1285 2419 Quantum,
1315 2323 1438 2415 inquit,
1467 2325 1583 2413 refert,
1612 2323 1700 2414 quod
1727 2322 1828 2416 sigua
1855 2323 1949 2394 muta

395 2451 430 2523 et
457 2447 547 2523 ornni
562 2448 590 2542 3)
617 2469 716 2522 sensu
750 2447 913 2538 carentia,
950 2446 1121 2521 uobiscum
1149 2446 1239 2519 itura
1274 2448 1365 2536 sunt,
1404 2448 1439 2519 et
1465 2469 1527 2540 ego
1554 2447 1633 2518 Dux
1667 2447 1780 2518 uester
1811 2444 1950 2516 futurus

395 2570 590 2664 relinquent
637 2568 821 2660 Assumito,
850 2591 975 2663 perosor,
1004 2591 1069 2659 me,
1098 2570 1137 2641 ut
1164 2567 1310 2642 uirorum
1337 2565 1553 2641 contubernio
1581 2565 1720 2640 fortium
1747 2564 1847 2639 fortis
1873 2585 1950 2638 era·

395 2693 493 2782 darn,
531 2691 688 2784 quoniam
724 2691 813 2765 inter
847 2689 1051 2764 feminarum
1087 2711 1209 2783 greges
1252 2711 1302 2762 me
1337 2688 1453 2763 taedet
1490 2689 1658 2782 pudetque
1690 2686 1840 2780 amplius
1868 2708 1950 2761 esser

395 2813 488 2909 Quod
506 2811 536 2885 si
555 2835 620 2886 non
641 2812 873 2907 impetrauero,
902 2831 1022 2904 sequar
1049 2811 1102 2884 vol
1129 2832 1196 2884 uno
1223 2809 1453 2883 tantummodo
1482 2807 1603 2884 comite
1622 2809 1810 2896 contentus,
1839 2803 1953 2882 restra

395 2933 556 3029 uestigia.
596 2933 729 3025 Hisque
764 2934 799 3007 et
826 2932 904 3006 aliis
940 2930 1148 3006 sermonibus
1183 2951 1279 3004 suam
1314 2930 1460 3004 indolem
1497 2930 1647 3003 futuram
1681 2926 1952 3022 exprimentibus

397 3075 496 3144 usus,
533 3053 735 3130 consiliariis
770 3052 920 3127 animum
954 3053 1105 3127 ducalem
1133 3051 1288 3126 certatim
1325 3050 1558 3140 efferentibus,
1597 3052 1636 3124 ut
1663 3071 1699 3124 se
1726 3050 1949 3138 assumerent,

398 3175 551 3270 perlicit.
593 3176 635 3249 Iu
663 3175 833 3266 frequenti
849 3173 877 3268 4)
904 3174 1018 3266 itaque
1046 3173 1194 3246 militurn
1223 3181 1359 3246 numero
1387 3173 1465 3245 dum
1485 3171 1521 3244 in
1538 3169 1802 3245 Halieaiensiurn
1822 3168 1950 3262 fines⁵l

399 3296 616 3390 pervenisset,
645 3294 912 3370 Haliczieusiurn
941 3293 1039 3389 primi
1068 3293 1164 3387 illi⁶t
1191 3293 1370 3368 occurrunt
1396 3294 1431 3367 et
1458 3293 1553 3366 uelut
1581 3292 1752 3367 dominum
1779 3313 1881 3365 suurn
1899 3291 1948 3364 le·

398 3417 557 3513 gitimuru
594 3417 745 3492 devotius
781 3416 972 3511 suscipiunt
998 3417 1033 3490 et
1059 3416 1211 3505 adorant,
1248 3414 1349 3506 idque
1385 3414 1531 3509 primum
1556 3416 1599 3488 ab
1625 3435 1663 3488 eo
1692 3413 1885 3507 precantur,
1913 3411 1952 3485 ut

338 3546 343 3556 '
399 3539 491 3613 solus
511 3538 582 3610 illis
601 3538 754 3633 imperet,
784 3537 875 3611 solus
891 3536 1140 3610 Halicziensem
1159 3535 1382 3627 administret,
1406 3537 1567 3630 regatque
1593 3533 1838 3628 Principatum,
1867 3533 1951 3606 alio-

290 3683 292 3688 ’
399 3683 474 3734 rum
502 3659 645 3735 Russiae
680 3661 810 3734 Ducum
846 3661 1060 3733 execraturos
1087 3680 1140 3749 se,
1170 3657 1248 3751 (εῖτ)
1275 3657 1418 3731 honesta
1454 3657 1548 3750 prius
1575 3657 1681 3730 morte
1717 3655 1898 3730 morituros
1912 3653 1949 3748 Ε),

400 3782 622 3876 pronuntiant
658 3781 831 3856 ditionem.
877 3781 1093 3854 Ocllaudates
1120 3781 1155 3854 st
1180 3779 1302 3854 blande
1329 3778 1463 3852 habitos
1489 3779 1569 3851 Dux
1595 3778 1722 3852 Lestlro
1754 3777 1950 3871 praecedere

400 3903 512 3992 iubet;
541 3925 657 3977 verum
686 3902 738 3975 illi
766 3901 928 3976 Lestlroni
956 3903 990 3974 et
1018 3901 1088 3974 suis
1116 3899 1325 3974 curatoribus
1357 3899 1500 3991 infensi,
1540 3899 1628 3992 quod
1655 3919 1787 3972 rumore
1813 3897 1951 3991 vulgato

398 4027 645 4118 cognoverant,
683 4025 871 4098 Romanurn
908 4021 1122 4096 blatislauion
1158 4019 1393 4096 Wladimiriae
1429 4021 1555 4095 Ducem
1583 4019 1662 4114 se⁹l
1699 4041 1757 4113 pro
1792 4020 1889 4092 Duco
1929 4019 1952 4090 ‘t

400 4145 553 4240 praeside
580 4146 783 4218 Lestlronem
811 4145 1010 4234 locaturum,
1039 4141 1144 4217 armis
1171 4141 1334 4236 correptis
1361 4140 1491 4216 obrianr
1519 4140 1683 4216 Lestkoni
1710 4143 1750 4214 ut
1767 4139 1859 4215 hosti
1878 4161 1953 4234 pro-

400 4267 537 4340 cedunt.
584 4267 649 4338 Sed
677 4287 752 4339 oum
780 4264 847 4339 levi
876 4263 1011 4358 negotio
1039 4263 1167 4357 primae
1195 4285 1307 4338 aerurn
1334 4263 1467 4337 turmae
1493 4263 1599 4353 fusae,
1636 4261 1789 4356 fugatae,
1823 4263 1952 4355 postre-

401 4397 475 4461 mae
502 4406 642 4478 queque,
671 4386 706 4459 in
733 4385 856 4476 quibus
882 4386 955 4458 erat
982 4383 1102 4478 iu'gens
1129 4384 1280 4477 pediturn
1308 4383 1502 4474 multitudo,
1537 4385 1629 4457 metu
1656 4383 1842 4477 perculsae,
1871 4383 1954 4476 fuga

399 4507 550 4600 dilapsae
577 4509 700 4598 esseut,
729 4509 764 4580 et
790 4507 916 4581 Lestko
952 4505 1284 4599 ad'oppugnandum
1311 4503 1527 4579 Halicziense
1563 4505 1711 4579 castrum
1746 4503 1952 4597 properaret,

401 4625 630 4701 Halicziensos
648 4626 761 4701 missis
779 4626 1065 4716 caduceatoribus,
1095 4625 1203 4720 petita
1221 4626 1425 4716 obtentaque
1452 4624 1560 4716 uenia,
1590 4625 1705 4718 portas
1732 4624 1837 4698 castri
1856 4625 1952 4698 Lest-

402 4747 480 4823 lroui
509 4747 678 4842 aperiunt,
707 4750 743 4823 et
768 4748 891 4839 brunia,
920 4769 1006 4840 quae
1033 4746 1225 4841 imperaret,
1255 4767 1290 4820 se
1317 4746 1465 4821 facturos
1492 4745 1744 4841 repromittunt.

511 5043 535 5122 ¹)
558 5045 669 5105 addicti
695 5043 766 5105 Ood.
789 5044 882 5104 Reor.
915 5040 941 5119 α)
964 5041 1145 5116 amplexibus
1164 5037 1235 5122 (lod,
1250 5041 1345 5101 Rear.
1377 5037 1404 5118 3)
1426 5040 1515 5100 animi
1531 5040 1590 5100 Ed.
1610 5041 1703 5100 Dobr.
1736 5035 1762 5118 ⁴)
1784 5039 1955 5113 Insequenti

402 5149 462 5210 Eo.
486 5149 580 5209 Dobr.
621 5143 646 5226 ⁶)
669 5149 700 5206 in
717 5149 820 5208 Haliez
848 5147 918 5207 Ood.
941 5147 1034 5207 Reor.
1074 5142 1100 5222 6)
1124 5145 1308 5204 Helicienses
1330 5145 1372 5203 illi
1396 5145 1519 5218 primurn
1543 5144 1603 5207 Ed·
1626 5145 1721 5206 Dobr.
1761 5139 1859 5222 ⁷)uel
1885 5141 1954 5203 Geel.

402 5253 495 5318 Roas.
535 5249 562 5337 8)
585 5253 733 5333 perituros
756 5251 815 5314 Ed.
839 5252 933 5314 Dobr.
972 5247 1000 5332 9)
1023 5249 1079 5309 sibi
1102 5249 1163 5310 Ed.
1185 5248 1280 5313 Dobr.
