4246 6274
397 505 447 579 24
865 458 871 465 ⁵
1020 525 1132 582 ernau
1158 527 1331 591 ausuros.
1441 509 1443 512 ’
1672 497 1735 601 (Α.
1764 503 1811 616 D
1839 502 1947 602 troc.)

394 711 646 787 cracoviensem
681 713 797 787 urbem
823 715 859 787 et
885 735 1013 803 arcem,
1047 713 1081 788 in
1110 736 1177 806 quu
1203 713 1413 790 Wludislaus
1449 716 1526 808 post
1561 715 1678 808 lugam
1715 715 1944 806 delitescebat,

396 834 599 927 procedunt,
628 833 857 910 Wledislaum
893 834 970 908 inde
998 835 1228 930 propulsaturi
1256 837 1292 910 et
1317 857 1396 908 snas
1423 834 1584 925 iniurius,
1613 836 1821 927 damnaque,
1850 839 1945 911 ante·

395 977 497 1046 quam
523 977 567 1030 ex
593 955 687 1029 clade
723 955 813 1050 apud
848 955 1049 1030 Posnaniam
1086 957 1224 1051 accepta
1260 978 1295 1031 se
1331 955 1502 1046 reliceret,
1540 957 1651 1031 ultum
1688 957 1731 1031 iri
1751 957 1785 1052 ¹),
1814 959 1880 1033 reti
1908 981 1947 1033 oo

395 1075 623 1150 Monarchiam
651 1077 853 1151 Polonorum
889 1079 1083 1167 obtinente,
1122 1077 1217 1152 novis
1254 1077 1354 1151 bellis
1389 1099 1464 1152 cnm
1492 1078 1727 1152 Rutbenorum
1753 1078 1947 1154 assistentia

396 1218 432 1270 se
458 1197 657 1288 quaudoque
683 1197 924 1274 infestatnmm
940 1197 979 1292 ²).
1018 1197 1228 1275 Wladislaua
1255 1201 1368 1273 autern
1396 1199 1474 1272 Dux
1501 1199 1595 1273 clade
1623 1199 1842 1275 Posuaniensi
1870 1222 1945 1293 por-

395 1318 510 1392 oulsus
544 1320 580 1393 et
615 1321 686 1392 tam
722 1317 908 1411 militibus,
947 1343 1047 1410 quam
1084 1319 1249 1411 fortunis,
1289 1319 1456 1412 armisque
1492 1321 1636 1410 exntuS,
1664 1341 1739 1394 oum
1771 1323 1807 1396 et
1833 1341 1947 1395 ornnes

396 1440 568 1530 homines,
597 1439 710 1516 omnia
737 1442 830 1531 loca,
858 1443 1093 1535 temporaque,
1123 1463 1185 1516 uec
1212 1441 1296 1516 satis
1324 1441 1444 1532 eurique
1471 1440 1610 1532 fideret,
1648 1442 1798 1516 omniurn
1825 1442 1948 1517 aniruis

396 1563 438 1634 ab
464 1583 502 1636 eo
530 1561 706 1651 alienatis,
735 1564 892 1656 suspecta
918 1562 1089 1666 haberet,¹
1107 1563 1147 1637 de
1174 1561 1331 1636 Graoouia
1358 1561 1393 1636 in
1421 1562 1574 1652 Ratibor,
1611 1565 1646 1637 et
1674 1563 1795 1638 exinde
1822 1563 1859 1636 in
1885 1563 1946 1636 dl·

397 1681 545 1756 mauiam
572 1705 631 1777 per
658 1681 846 1757 Slesianam
862 1680 890 1776 ³)
917 1705 1009 1756 oram
1037 1683 1079 1757 ad
1106 1681 1297 1758 bornadum
1324 1683 1551 1758 Romanorum
1570 1683 1711 1778 Regem,
1740 1683 1870 1758 auxilia
1887 1705 1948 1758 sue

397 1802 660 1898 imploraturus,
688 1826 729 1878 no
757 1803 793 1878 in
820 1802 982 1878 iratorum
1009 1807 1044 1880 et
1070 1827 1130 1899 pro
1156 1827 1216 1878 suo
1244 1803 1405 1878 demerito
1427 1805 1456 1898 ⁴)
1472 1804 1548 1878 'sibi
1576 1803 1776 1879 infestorum
1803 1806 1948 1878 fratrum

397 1927 516 2000 manus
544 1925 725 2014 incideret,
755 1924 929 2018 confugit,
964 1947 1067 2000 uxore
1095 1928 1130 1999 et
1157 1925 1267 2000 tribus
1294 1925 1376 1998 tiliis
1404 1926 1440 1999 in
1466 1947 1542 2001 areo
1568 1925 1779 2002 Oraoouionsi
1806 1926 1947 2000 relictis.

341 2089 345 2095 -
397 2045 632 2121 trudonenses
658 2047 771 2121 autern
798 2045 899 2136 ciues,
928 2047 1007 2120 dunt
1034 2047 1183 2122 Ducibus
1209 2048 1374 2136 Boleslao,
1403 2049 1589 2141 Myoczslao
1607 2049 1642 2123 et
1659 2047 1806 2123 Honrico
1833 2051 1948 2121 urbem

397 2167 627 2241 obsidentibus
654 2165 840 2258 aliquantis
868 2167 984 2241 diebus
1012 2168 1233 2259 obstitissent,
1267 2171 1403 2243 tandem
1431 2170 1510 2242 dum
1538 2168 1625 2242 nihil
1653 2169 1734 2264 speiw
1753 2168 1786 2242 iu
1815 2167 1947 2244 Wladi-

397 2288 470 2362 slao
497 2290 532 2362 et
558 2287 643 2361 filiis
669 2288 741 2362 eius
768 2287 832 2362 sibi
859 2287 1012 2364 riderent
1040 2311 1233 2384 superesse,
1271 2293 1386 2383 portas
1422 2289 1599 2384 aperiunt,
1638 2290 1772 2385 pacti⁵)
1799 2313 1841 2365 ne
1868 2289 1949 2382 quid

397 2409 522 2484 hostile
549 2411 758 2504 paterentur.
801 2409 869 2484 Nec
897 2410 947 2485 ita
974 2413 1051 2505 post
1077 2412 1203 2486 multos
1231 2411 1301 2487 dies
1329 2433 1392 2486 arx
1418 2433 1494 2485 curm
1522 2433 1646 2503 uxore,
1675 2411 1824 2502 filiisque
1850 2411 1948 2486 Wla-

386 2529 499 2604 ¹dislai
526 2530 640 2605 dedita
665 2533 737 2622 eat,
767 2529 803 2604 in
831 2552 931 2624 quam
967 2531 1032 2606 etsi
1069 2533 1266 2626 magnitudo
1303 2534 1458 2626 acceptae
1495 2532 1649 2624 iniuriae,
1681 2531 1949 2624 oonsultatioque

388 2654 433 2726 et
460 2651 626 2726 instantia
653 2652 916 2744 nonnullorum,
952 2657 987 2727 et
1014 2654 1214 2746 praesertim
1241 2654 1423 2729 amicorum
1451 2654 1544 2729 Petri
1571 2653 1712 2729 Comitis
1738 2652 1950 2730 Struinonsis

398 2773 432 2846 id
460 2795 663 2869 magnopere
682 2775 717 2848 et
734 2775 928 2869 deposceret
945 2776 981 2849 et
999 2775 1161 2870 exigeret,
1191 2798 1299 2867 neque
1326 2775 1596 2850 animaduersum
1623 2775 1813 2870 quicquam,
1842 2797 1950 2865 neque
2002 2854 2007 2862 ,

397 2895 563 2970 saeuitum
589 2897 653 2986 est,
682 2895 740 2970 sed
766 2895 839 2969 sine
866 2894 1004 2986 iniuria,
1033 2897 1105 2970 sine
1132 2897 1336 2972 contumelia
1362 2897 1481 2971 habitu
1499 2898 1563 2988 est,
1585 2899 1620 2970 et
1638 2898 1746 2970 omnis
1773 2897 1826 2970 illi
1845 2897 1951 2970 bonos

398 3018 440 3090 ab
467 3015 688 3106 exacerbatis,
718 3015 875 3110 iustaque
890 3017 919 3110 6)
955 3017 1006 3091 ira
1033 3018 1254 3093 candentibus
1289 3017 1473 3093 uictoribus
1499 3017 1648 3092 Ducibus
1675 3017 1710 3092 et
1736 3017 1852 3092 leniris
1879 3037 1949 3092 ser-

399 3137 509 3211 ratus.
538 3135 626 3228 Quia
651 3138 767 3211 tamen
794 3136 958 3228 liquebat,
987 3161 1026 3211 ea
1044 3137 1079 3211 in
1099 3138 1239 3212 Polonia
1267 3141 1435 3230 manente,
1464 3138 1637 3213 Poloniam
1664 3137 1749 3213 setis
1776 3137 1951 3233 pacificam

398 3279 472 3334 esee
498 3280 565 3332 non
601 3279 718 3353 posse,
755 3260 1023 3352 serebanturque
1059 3259 1243 3355 Principes,
1273 3261 1411 3335 Petrum
1439 3259 1601 3334 comitem
1628 3257 1863 3334 Sliruiuensem
1890 3261 1952 3333 aut

399 3378 603 3473 propinquos
630 3381 665 3454 et
692 3378 814 3454 affines
840 3379 924 3471 eius,
953 3402 1048 3454 suain
1075 3382 1275 3473 quandoque
1314 3381 1485 3456 caecitatis
1517 3380 1676 3457 iniuriam
1703 3381 1739 3455 in
1765 3403 1805 3456 ea
1831 3381 1949 3455 contu·

400 3499 543 3594 melia⁷)
569 3503 631 3574 ant
658 3500 821 3577 occisione
847 3502 958 3574 ultum
986 3501 1039 3592 iri,
1074 3504 1280 3577 natuturae
1317 3502 1524 3577 calamitatis
1559 3504 1620 3578 aut
1655 3501 1774 3578 mortis
1810 3503 1953 3576 euentus

400 3620 464 3696 sibi
492 3620 686 3696 inferendus
713 3625 820 3713 esset,
849 3622 940 3718 ipsos
967 3645 1098 3717 quoque
1124 3624 1234 3699 Duces
1261 3623 1297 3697 in
1324 3623 1579 3719 sugillationem
1606 3624 1796 3714 adduceret,
1825 3621 1862 3696 in
1887 3619 1950 3694 nl-

400 3742 547 3818 maniam
574 3764 650 3818 oum
677 3743 785 3818 tribus
812 3743 895 3820 filiis
923 3743 994 3822 suis
1021 3767 1065 3820 ex
1092 3745 1281 3822 Wladislao
1308 3745 1486 3839 susceptis,
1515 3745 1670 3820 Boleslao
1697 3743 1790 3834 Alto,
1818 3744 1949 3838 Myeeu-

399 3864 513 3958 slao⁸l
540 3865 575 3941 ot
601 3864 753 3940 Ounrado
780 3865 963 3960 Iioripede,
1001 3867 1044 3940 ad
1075 3867 1184 3942 uirum
1220 3889 1319 3941 suum
1354 3867 1496 3941 deducta
1521 3869 1585 3941 est.
1639 3867 1685 3942 Et
1711 3887 1797 3958 quae
1823 3863 1951 3939 alienos

399 3985 617 4080 Principatus
643 3987 817 4061 ardentius
844 3987 1007 4082 expetiit,
1037 3987 1223 4064 iustissimo
1251 3988 1313 4062 Dei
1340 3987 1462 4062 iudicio
1498 3987 1600 4061 etiam
1636 3987 1788 4082 proprios
1822 3984 1950 4060 amisit.

282 4124 287 4131 ·
399 4107 594 4183 Gousortem
621 4127 717 4182 suam
744 4107 924 4182 Oristinam
951 4131 1026 4182 eum
1053 4108 1251 4203 pignoribus
1279 4131 1322 4182 ex
1349 4107 1488 4184 Polonia
1515 4109 1706 4203 propulsam
1725 4109 1768 4182 ad
1785 4129 1820 4181 se
1838 4106 1952 4181 renire

400 4227 610 4305 Wladislans
637 4227 795 4304 Poloniae
822 4230 900 4302 Dux
927 4229 1147 4324 conspiciens,
1176 4229 1378 4305 contritione
1406 4230 1579 4324 geminata
1606 4227 1835 4325 affligebatur,
1864 4226 1952 4320 quod

399 4351 435 4425 et
461 4351 612 4426 Ducatus
639 4350 797 4425 Poloniae
832 4350 1012 4443 arriserat,
1050 4353 1085 4426 et
1120 4351 1156 4425 in
1182 4353 1342 4428 extermm
1377 4350 1532 4446 regiones
1567 4373 1642 4426 curm
1678 4372 1782 4426 uxore
1808 4351 1844 4423 et
1870 4347 1952 4420 liliis

400 4471 490 4566 stipe
517 4471 630 4546 eliens
656 4470 816 4562 uicturus,
846 4473 1022 4547 exulatum
1050 4473 1099 4547 ire
1126 4475 1259 4548 coactus
1285 4471 1400 4547 fuerit.
1455 4472 1549 4546 Tunc
1584 4492 1716 4565 quoque
1742 4470 1889 4568 primurn
1916 4468 1952 4541 in

352 4572 356 4582 ’
401 4592 520 4684 malis,
558 4615 644 4684 qnae
671 4591 725 4666 illi
751 4592 961 4685 acciderant,
997 4587 1128 4670 r'eatum
1165 4615 1263 4668 suum
1291 4593 1326 4666 in
1353 4594 1460 4667 Deum
1488 4595 1522 4666 et
1549 4592 1673 4667 fratres
1700 4609 1950 4686 recognoscens,

401 4714 443 4788 de
469 4715 651 4809 aspernata
686 4713 913 4789 admonitione
949 4714 1155 4791 Gnesuensis
1191 4713 1433 4809 archiepiscopi
1469 4713 1582 4788 Iaoobi
1618 4735 1753 4808 corpore
1779 4715 1815 4787 et
1840 4709 1953 4785 animo

401 4835 641 4928 torquebatur;
686 4837 760 4910 tum
787 4857 920 4929 quoque
955 4835 1102 4930 primum
1138 4827 1312 4911 muliebris
1347 4834 1499 4929 consilii,
1537 4835 1625 4925 quod
1656 4855 1815 4928 praeceps
1842 4831 1953 4927 inagis

401 4979 503 5052 quam
529 4957 755 5034 necessarium
781 4959 944 5049 senserat,
973 4957 1072 5032 illum
1085 4956 1114 5053 9)
1141 4957 1313 5053 poenitere
1340 4957 1461 5052 coepit.
1939 4973 1941 4976 ·

509 5250 534 5337 ¹)
557 5253 647 5314 ulturi
675 5249 746 5314 cos.
769 5253 861 5314 Roar.
900 5247 926 5330 ⁹)
948 5249 1150 5314 infestaturos.
1173 5252 1233 5315 Ed.
1257 5250 1349 5313 Dobr.
1379 5247 1406 5330 ³)
1429 5235 1553 5312 Silesiae
1576 5249 1636 5310 Ed.
1658 5251 1753 5311 Dobr.
1794 5243 1823 5331 ⁴)
1846 5247 1952 5308 merito

408 5355 479 5421 dod.
502 5357 594 5420 Rocr.
634 5354 662 5437 ⁵)
685 5361 821 5418 timentes
844 5357 904 5418 Ed.
926 5357 1020 5417 Dobr.
1059 5355 1089 5434 ⁶)
1110 5359 1277 5432 iniustaque
1304 5355 1376 5417 Ood.
1392 5354 1465 5417 Aut.
1507 5353 1740 5435 ⁷)contumeliis
1769 5353 1840 5439 Ded.
1856 5353 1950 5414 Roer.

406 5459 631 5548 ⁸)Miecas1ero
660 5461 731 5525 Ood.
754 5461 828 5526 Aut.
869 5458 897 5542 9)
919 5463 1001 5522 illum
1024 5462 1160 5525 deestis
1187 5459 1258 5524 dod.
1280 5459 1353 5522 Aut.
