4140 6298
123 539 181 633 (Α.
201 537 248 613 ὓ.
270 537 386 632 1256.)
723 561 835 614 nrsnn
862 562 1056 616 snrsruus.
1591 544 1665 617 355

120 749 179 838 les,
206 745 267 840 qni
293 747 421 820 multae
448 747 627 842 probitatis
645 747 790 823 ostensis
810 748 948 840 decoris,
978 749 1225 825 incumbentem
1253 751 1400 843 undique
1427 753 1666 846 prosternendo

119 869 259 958 hostem,
287 867 566 962 Suantopolkone
604 868 750 959 iubente,
787 872 827 944 ut
862 869 915 944 sui
943 870 1030 944 forro
1058 874 1245 965 parcerent,
1284 874 1542 967 comprehensus
1562 875 1585 968 ¹)
1613 878 1666 950 est

118 991 253 1064 etcum
280 987 358 1063 aliis
386 987 420 1062 in
448 989 679 1065 Pomeraniam
716 989 890 1065 deductus.
936 991 1054 1065 illudes
1081 993 1195 1066 autem
1222 994 1305 1068 haec
1332 995 1536 1069 caetororum
1564 997 1664 1071 Prae-

120 1108 228 1184 mislai
257 1108 426 1200 militum,
462 1109 521 1200 qui
557 1109 593 1184 in
629 1113 739 1184 castro
775 1133 859 1186 novo
894 1111 1017 1185 residui
1054 1115 1170 1202 erant,
1209 1114 1362 1204 quamuis
1397 1113 1490 1188 illam
1521 1137 1665 1211 superne

119 1232 319 1326 spectarent,
356 1230 486 1304 animos
518 1254 585 1305 nom
612 1229 806 1323 imminuit,
844 1231 993 1323 quinimo
1029 1233 1302 1308 caduceatoribus
1337 1235 1665 1331 aSuantopelkone

118 1352 239 1444 missis,
269 1355 308 1428 nt
334 1353 481 1427 castrum
508 1353 678 1444 dederent,
707 1353 804 1427 ferox
831 1353 995 1428 dederunt
1018 1375 1234 1448 responsum:
1262 1355 1382 1430 Plures
1410 1356 1519 1450 captis
1545 1360 1581 1432 et
1606 1360 1664 1433 de-

118 1473 284 1564 sideratis,
312 1472 371 1566 qui
398 1473 566 1548 laetitiam
593 1474 633 1548 de
661 1474 755 1548 clade
782 1472 952 1548 fallaciter
987 1473 1141 1566 quaesita
1172 1473 1318 1548 inultam
1347 1476 1418 1550 lore
1444 1500 1509 1551 nom
1538 1477 1662 1570 sinent,

118 1597 287 1670 innostro
315 1593 512 1670 Praemislai
539 1615 724 1689 superesse.
752 1595 969 1688 Suantopelk
988 1594 1203 1670 Pomeraniae
1229 1597 1319 1688 Dux,
1347 1597 1412 1672 etsi
1440 1598 1579 1672 uictoria
1606 1623 1664 1693 po·

118 1718 200 1794 titus
226 1716 395 1792 exNakel
422 1718 615 1804 remeasset,
645 1714 767 1790 fortius
794 1718 906 1790 tamen
934 1718 969 1790 et
995 1716 1164 1790 crudelius
1190 1718 1318 1791 bellum
1346 1740 1405 1817 pro
1434 1719 1534 1792 nnics
1560 1719 1665 1794 castri

117 1839 240 1914 iniuste
260 1837 405 1932 possessi
422 1837 651 1932 occupatione,
671 1840 766 1912 ratus
785 1836 876 1911 inter
893 1859 929 1912 sc
949 1840 983 1912 et
1001 1840 1139 1931 nepotes
1157 1859 1234 1913 suos
1251 1837 1290 1932 ²),
1319 1861 1498 1932 eorrrmque
1516 1839 1664 1914 auxilia·

117 1964 203 2036 tores
230 1961 436 2054 serpturnm,
474 1980 534 2053 per
570 1960 725 2032 Fratrem
761 1959 953 2052 Popponem
991 1959 1151 2050 (Polonus
1183 1959 1238 2034 hic
1265 1959 1402 2036 natione
1428 1963 1512 2050 erat,
1541 1983 1664 2055 genero

117 2081 238 2156 nobilis
265 2083 302 2154 et
327 2080 511 2171 draconita,
549 2079 605 2171 qui
639 2079 796 2154 Ordinem
833 2079 1077 2154 druciferornm
1113 2083 1352 2175 assumpserat,
1390 2081 1663 2175 Sucmtopellroni

116 2205 150 2278 ot
175 2199 380 2276 Praemislao
409 2223 468 2295 per
494 2203 681 2276 maternam
709 2199 833 2275 lineam
861 2199 1026 2295 sangnine
1059 2199 1209 2294 iunctus)
1235 2201 1317 2295 egit,
1355 2205 1394 2276 ut
1421 2201 1663 2276 Prnemisluum

117 2325 239 2398 Dnrom
266 2322 310 2396 ad
336 2320 641 2396 reconciliationem
669 2323 821 2395 mutuam
848 2343 959 2397 secum
987 2320 1172 2396 induceret.
1209 2321 1274 2396 Sed
1301 2344 1409 2416 neque
1437 2323 1663 2397 Praemislaus

116 2445 202 2534 Dux,
231 2444 389 2517 monente
424 2443 524 2516 illurn
556 2445 723 2536 Poppone,
762 2441 1067 2516 reconciliationem
1095 2464 1170 2516 cum
1198 2443 1475 2538 Suantopelkone
1502 2465 1663 2538 asperna-

117 2568 178 2654 tus,
207 2567 410 2640 conventum
436 2564 526 2658 apnd
553 2560 671 2637 uillam
698 2560 905 2656 Kcziuam³)
933 2562 968 2636 in
995 2561 1115 2657 vigilia
1140 2562 1233 2637 beati
1265 2563 1377 2638 Iacobi
1404 2563 1558 2658 Apostoli
1587 2586 1663 2639 curn

117 2685 394 2780 suantopelkone
420 2684 543 2760 tenuit.
578 2684 641 2758 Ubi
669 2683 706 2757 iu
733 2683 942 2778 praedictum
970 2685 1161 2778 Popponem
1189 2707 1210 2759 a
1237 2684 1393 2780 Principe
1421 2688 1563 2776 utroque
1591 2685 1662 2778 plo·

118 2829 157 2880 no
182 2806 274 2882 facto
301 2805 548 2900 compromisso,
576 2807 697 2880 Frater
715 2807 829 2898 Poppo
849 2803 1040 2898 praedictus
1068 2805 1280 2898 exploratam
1307 2805 1434 2881 habens
1453 2806 1662 2899 Suantopol-

118 2925 211 3001 lonis
246 2927 469 3018 voluntatem,
507 2925 740 3019 pronuntiauit
775 2924 1005 3019 compromissi
1041 2923 1243 3000 auctoritate
1259 2925 1307 3020 ⁴):
1336 2927 1375 2999 nt
1402 2926 1662 3020 Suantopellrns

117 3046 331 3124 Pomoraniao
366 3048 443 3120 Dux
479 3049 627 3122 castrum
664 3047 785 3137 Nalel,
823 3047 918 3121 velut
954 3044 1081 3120 iniuste
1116 3046 1231 3142 nepoti
1259 3068 1318 3121 suo
1345 3047 1430 3122 Deci
1458 3045 1663 3122 Praemisleo

116 3167 335 3244 Posnaniemsi
363 3167 599 3262 interceptum,
627 3169 784 3242 secutura
803 3166 857 3242 die
875 3166 991 3242 Sancti
1018 3166 1130 3242 Iacobi
1156 3167 1316 3243 restituat
1342 3171 1378 3244 et
1413 3191 1527 3242 omnes
1553 3167 1661 3262 capti-

115 3312 170 3364 uos
204 3289 329 3365 liberos
365 3287 517 3363 dimittat
533 3288 582 3383 ⁵);
619 3288 846 3364 Prnemislans
885 3311 962 3363 uero
997 3288 1235 3364 Posnanionsis
1275 3290 1352 3364 Dux
1387 3288 1662 3383 Suantopelkoni

117 3410 320 3507 quingentas
347 3431 478 3486 marcas
504 3408 679 3504 argenti&
707 3432 765 3504 pro
792 3409 952 3505 expensis
979 3409 1080 3486 lactis
1115 3413 1151 3485 et
1186 3409 1289 3486 castri
1325 3410 1520 3485 ltacaansch
1546 3410 1658 3486 domo·

116 3531 241 3624 litione,
273 3531 309 3605 in
336 3531 438 3608 certis
465 3530 619 3606 terminis
646 3532 798 3623 datums,
835 3530 973 3607 interim
1004 3531 1133 3606 obsides
1159 3532 1281 3606 soluat.
1313 3531 1387 3626 Qua
1413 3531 1660 3626 pronuntiatio·

117 3653 197 3747 neb
223 3654 270 3728 ab
297 3654 439 3745 utroque
466 3651 622 3747 Principe
656 3653 803 3746 accepta,
832 3652 875 3726 ad
903 3652 1013 3727 Nakel
1040 3651 1125 3726 itum
1153 3653 1216 3743 est,
1254 3652 1290 3726 et
1316 3651 1529 3726 iureiurando
1557 3651 1661 3728 inter·

118 3773 233 3867 posito,
274 3774 362 3865 quod
388 3774 477 3849 alter
505 3773 541 3848 in
569 3773 709 3848 alterius
745 3776 913 3848 terrarum
939 3775 975 3848 et
1001 3776 1187 3848 castrorum
1223 3772 1474 3867 occupationem
1511 3771 1661 3867 aspirare

118 3917 179 3970 non
205 3895 337 3985 debeat,
367 3895 552 3971 avunculus
579 3896 614 3970 et
640 3915 744 3989 nepos
771 3894 883 3970 osculo
909 3895 999 3968 facto
1025 3893 1296 3985 reconciliantur,
1334 3895 1368 3968 et
1395 3895 1543 3969 castrum
1570 3893 1661 3968 anti·

117 4039 216 4108 qnum
242 4015 355 4091 Nalel
383 4038 442 4110 per
468 4016 743 4110 suantopellrum
779 4014 984 4090 Praemislao
1011 4014 1107 4106 Duri,
1144 4036 1221 4089 cnm
1255 4016 1352 4089 ambo
1381 4015 1467 4088 illud
1495 4013 1663 4108 pacificati

117 4135 236 4211 innatis
274 4135 405 4212 dextris
439 4135 584 4231 ingressi
621 4135 778 4226 fuissent,
816 4135 1029 4232 resignatum
1065 4158 1189 4210 novum
1224 4157 1301 4210 uero
1333 4157 1392 4229 per
1418 4133 1662 4209 Praemislaum

117 4257 238 4332 Ducem
267 4255 419 4334 incendio
446 4257 594 4332 delatum
623 4259 687 4331 est.
729 4256 871 4351 Accepit
897 4260 932 4332 et
957 4259 1040 4332 tunc
1067 4257 1323 4351 Suantopellrus
1349 4278 1370 4330 a
1395 4257 1486 4330 lluce
1513 4254 1662 4330 Praemi-

118 4379 186 4453 slao
212 4400 333 4454 nouem
359 4379 586 4453 adolescentes
614 4378 743 4454 nobiles
771 4401 830 4473 pro
856 4377 1040 4469 obsidibus,
1074 4377 1251 4453 uidelicet:
1287 4376 1506 4451 Dirsicrainm
1533 4377 1568 4451 et
1594 4377 1661 4450 Do-

117 4499 323 4595 brogostium
351 4499 440 4573 filios
466 4499 648 4591 Vincentii,
686 4499 925 4576 Wlodimirnm
951 4499 1177 4590 Prandothae,
1215 4499 1374 4574 Iacobum
1399 4497 1594 4592 Boguphali
1621 4497 1662 4573 de

118 4619 303 4712 dnimelin,
341 4619 534 4696 Ianussinm
569 4620 820 4716 llobyesnouica
856 4621 896 4696 de
933 4621 1066 4714 Pnyeu,
1108 4620 1302 4696 Samsouem
1338 4617 1660 4714 cnycuomirowicn,

117 4741 293 4816 Dorslaum
319 4740 532 4818 Iarecaeuicn
548 4740 587 4836 8),
624 4744 857 4817 Mrocnkoncm
883 4739 1136 4816 Pmocaslauica
1164 4743 1199 4814 et
1225 4739 1475 4834 Sandiuogium
1502 4740 1660 4835 prluto-

117 4861 203 4955 uicn,
232 4861 293 4954 qui
320 4863 409 4957 apud
444 4861 543 4936 illum
570 4862 709 4938 comiter
743 4861 893 4952 tractati,
928 4860 1158 4952 demoratique
1192 4865 1284 4952 sont,
1321 4882 1493 4952 quousque
1529 4859 1594 4934 sibi
1621 4860 1662 4933 de

117 4981 312 5079 quingentis
339 4982 461 5058 marcis
488 4983 622 5079 argenti
650 5005 668 5058 a
695 4984 787 5059 Duce
813 4980 1018 5056 Praemislao
1045 4979 1211 5076 praestita
1237 4981 1289 5055 est
1316 4979 1439 5056 solutio
1458 4978 1661 5056 affectualis.

221 5277 246 5356 ¹)
269 5278 496 5354 comprehensas
526 5277 603 5342 dccet
625 5280 660 5339 in
687 5275 759 5340 Ood.
782 5277 856 5340 Aut.
896 5275 925 5354 ⁹)
948 5293 1017 5339 suos
1048 5291 1207 5338 exserere
1241 5273 1312 5336 (iod.
1336 5273 1429 5335 Roer.
1468 5270 1495 5351 8)
1519 5273 1662 5348 Kcyniam

124 5378 190 5442 dou.
211 5383 304 5444 moer.
335 5377 363 5460 ⁴)
385 5384 562 5446 anctoritate
585 5383 760 5445 sententiam
785 5380 856 5445 (iod.
879 5381 971 5444 Rcaer.
1003 5376 1030 5458 ⁵)
1052 5380 1183 5442 libertati
1209 5379 1348 5440 restituat
1372 5377 1442 5441 Ocri.
1465 5375 1539 5438 Aul.
1571 5373 1598 5454 ⁸)
1615 5394 1662 5438 ar-

122 5487 196 5573 genti
210 5487 288 5550 dcccl
303 5487 338 5548 in
356 5485 427 5551 (loci.
443 5485 517 5562 Aut.
550 5485 578 5566 ⁷)
600 5487 839 5577 pronuntiatione
855 5486 1017 5552 sententiae
1036 5483 1107 5552 God.
1123 5485 1214 5546 Roar.
1248 5479 1274 5564 ε)
1296 5483 1486 5549 larocacuicz
1503 5481 1563 5548 Ed.
1575 5481 1664 5562 Lipa.
