4172 6278
410 544 484 628 242
1042 563 1155 616 crena
1181 562 1333 616 snxros.
1687 537 1748 634 (Α.
1770 537 1816 624 Β.
1832 538 1957 642 {aaut

408 755 567 849 culpatum
595 754 630 830 et
656 751 880 844 aedificatum,
919 773 1076 847 processu
1095 752 1120 846 ¹)
1156 749 1318 847 temporis
1353 749 1529 846 expugnat
1554 749 1590 826 et
1616 748 1794 844 conquirit,
1831 750 1867 824 et
1894 748 1955 822 mi-

408 876 488 951 lites
514 875 773 967 Pruthenorum,
801 874 861 966 qui
888 874 924 948 in
951 873 1118 969 praesidio
1145 873 1240 947 illins
1267 873 1414 966 fuerant,
1443 870 1605 967 captivat.

721 1378 724 1386 ‚
834 1233 1078 1348 nouus
1113 1233 1339 1347 oonrm
1374 1232 1513 1348 rael.

407 1485 553 1562 dentato
590 1484 757 1558 lruttcnir
794 1483 1007 1575 octingentis
1043 1487 1216 1574 occupato,
1253 1481 1424 1556 llolcslouo
1458 1479 1597 1554 Peticus
1627 1481 1698 1552 ltux
1729 1479 1954 1572 captivitatem

407 1608 558 1696 eaodem,
585 1607 626 1683 al
653 1606 820 1722 doodenm
848 1625 920 1678 orn
947 1605 1046 1678 barba
1074 1605 1216 1697 congru
1244 1605 1339 1677 cuius
1366 1603 1490 1676 auxilio
1518 1603 1706 1676 cracoviam
1727 1603 1870 1692 rualene,
1896 1606 1955 1675 ur-

562 1746 616 1803 mo
644 1745 723 1802 suos
751 1731 919 1818 roooooml
946 1729 981 1800 ol
1007 1727 1116 1818 quieto
1142 1725 1293 1817 possidet
1315 1727 1375 1797 rob
1394 1724 1518 1798 tunm
1544 1724 1670 1797 notrici
1695 1723 1801 1796 bocio.

509 1965 703 2041 Infidelium
731 1965 977 2040 Pruthenorum
1004 1965 1113 2039 terras
1152 1963 1318 2040 vastaturi
1356 1966 1391 2038 et
1416 1961 1626 2038 barbaricam
1662 1961 1757 2038 illam
1785 1962 1956 2046 notionem

405 2091 440 2164 et
467 2109 575 2183 genus
602 2088 644 2163 ad
670 2087 800 2160 cultum
827 2085 1002 2182 religionis
1029 2089 1163 2162 nostrae
1181 2085 1363 2178 reducturi,
1391 2085 1565 2160 Gunradus
1591 2083 1758 2161 Maserius
1785 2086 1821 2160 et
1847 2085 1954 2182 Oura·

406 2209 478 2284 riae
505 2211 595 2300 Dux,
623 2231 690 2282 non
718 2231 762 2282 ex
789 2209 933 2304 propriis
959 2209 1068 2284 solum
1086 2208 1252 2304 denariae
1278 2209 1314 2283 et
1339 2207 1508 2282 Maeoniae
1523 2205 1562 2302 ²),
1592 2206 1650 2281 sed
1676 2229 1719 2281 ex
1746 2205 1955 2282 Graooriensi

404 2332 440 2406 ot
467 2329 740 2422 Sandomiriensi,
778 2352 861 2422 quas
896 2330 1058 2426 pupillari
1094 2332 1129 2404 et
1154 2329 1281 2404 tutorio
1317 2329 1450 2404 nomine
1485 2327 1634 2404 Boleslai
1669 2327 1786 2402 Pudiei
1822 2328 1955 2424 nepotis

405 2452 458 2526 sui
486 2453 634 2543 tenebat,
663 2450 773 2542 terris,
799 2451 966 2526 Henrious
993 2450 1288 2528 Wratislavieneis
1324 2449 1417 2524 filius
1443 2451 1586 2525 Sanctae
1612 2447 1788 2544 Hadrigis,
1821 2449 1954 2527 Wladi-

404 2573 498 2647 olaus
534 2572 669 2646 Ottonis
704 2571 842 2646 lloioris
877 2573 1047 2665 Poloniae,
1082 2573 1296 2668 Suantopellr
1323 2573 1359 2648 et
1386 2573 1525 2648 Sambon
1559 2569 1711 2666 germani
1738 2571 1955 2646 Pomeraniae

404 2694 513 2769 Duces
539 2693 689 2781 validum
716 2693 912 2788 exercitum,
940 2695 1135 2788 validasque
1172 2695 1344 2788 equestres
1371 2695 1407 2768 et
1432 2693 1604 2788 pedestres
1629 2691 1753 2787 copias,
1782 2709 1954 2784 nunquam

404 2811 491 2889 alias
518 2813 553 2888 in
581 2814 682 2890 terris
717 2815 873 2890 Pressius
908 2815 1008 2907 visas,
1045 2818 1307 2910 congregantes,
1345 2815 1381 2889 in
1416 2817 1541 2890 terram
1576 2814 1834 2906 Pruthenornm,
1871 2814 1954 2889 Ossa

404 2935 506 3010 tlnrio
522 2933 550 3030 ³)
577 2937 747 3030 snperato,
785 2936 1024 3011 comitantibus
1049 2939 1085 3012 et
1111 2936 1349 3012 adiuuantibus
1385 2936 1464 3010 illos
1499 2934 1664 3031 Magistro
1699 2935 1894 3011 Hermanno
1920 2936 1953 3010 et

403 3056 580 3132 Fratribus
624 3056 750 3132 ordinis
786 3057 929 3132 Sanctae
963 3056 1090 3132 llariae
1124 3057 1398 3150 Teutonicorum,
1435 3079 1518 3150 quos
1552 3057 1616 3148 (ut
1651 3055 1687 3129 in
1722 3056 1951 3152 superioribus

403 3177 653 3274 praemisimus)
679 3179 854 3254 dunradus
879 3180 958 3253 Dux
985 3179 1057 3274 ipse
1084 3178 1119 3253 in
1146 3179 1197 3253 sui
1225 3179 1393 3254 auxilium
1420 3181 1536 3253 contre
1554 3178 1724 3274 promotos
1750 3179 1950 3268 Pruthenos,

403 3299 612 3375 clandestino
639 3301 674 3374 et
701 3299 924 3375 tumultuario
949 3301 1039 3375 bello
1056 3301 1166 3376 terras
1184 3323 1262 3376 snas
1280 3301 1483 3396 affligentes,
1512 3299 1687 3391 acciverat,
1716 3298 1845 3374 Summi
1864 3302 1949 3375 Pon·

404 3421 508 3497 tidcie
535 3421 689 3517 Gregorii
715 3422 795 3497 noni
822 3421 1026 3518 specialibus
1052 3422 1162 3498 literis
1189 3423 1364 3515 adrrroniti,
1388 3421 1536 3498 hiemali
1553 3425 1714 3517 temporo,
1743 3422 1949 3516 Suaotopel·

403 3544 482 3620 lroni
510 3545 595 3620 Deci
613 3566 694 3620 eura
712 3544 818 3620 totius
836 3545 1004 3622 exercitus
1023 3545 1209 3636 commissa,
1238 3545 1454 3636 descendunt,
1484 3547 1520 3620 et
1546 3543 1674 3619 dnobus
1694 3542 1864 3618 mensibus
1881 3545 1949 3618 ter-

402 3689 474 3740 mm
500 3667 738 3742 Pruthenicam
766 3666 800 3740 in
820 3689 941 3763 gyrum
968 3667 1114 3762 ignibus
1144 3666 1287 3740 flaminis
1314 3668 1349 3741 et
1376 3665 1494 3761 spoliis
1521 3666 1743 3758 devastantes,
1771 3687 1847 3740 enm
1866 3667 1948 3740 Prn-
2006 3697 2009 3700 ·

401 3788 498 3864 thoni
525 3790 699 3864 decernere
725 3791 760 3864 et
786 3789 944 3884 congredi
971 3813 1038 3864 non
1065 3789 1151 3879 ausi,
1188 3789 1361 3884 pugnandi
1396 3787 1525 3883 copiam
1561 3811 1627 3862 non
1662 3789 1824 3880 facerent,
1852 3787 1949 3863 modo

401 3911 443 3984 de
470 3910 619 4002 quinque
646 3910 798 3984 millibus
825 3913 1042 3986 barbarorum
1070 3911 1172 4002 edita,
1200 3912 1236 3985 et
1263 3913 1371 3986 oestro
1398 3909 1541 4002 Rodnin,
1575 3909 1663 4000 qnod
1690 3909 1800 4005 magis
1827 3909 1948 3984 Getho-

400 4031 477 4105 licis
504 4031 711 4124 imminebat,
741 4035 803 4106 snb
830 4031 1013 4106 Pruthenis
1040 4031 1227 4126 conquisito
1245 4033 1280 4107 et
1298 4031 1442 4127 propriis
1470 4031 1636 4106 militibus
1663 4031 1784 4122 locato,
1812 4029 1949 4106 civitate

401 4175 533 4244 quoque
559 4153 742 4249 Krryedzin
769 4155 890 4245 locata,
929 4153 965 4227 in
1001 4153 1138 4249 propria
1173 4154 1319 4228 ferentes
1334 4155 1362 4248 ⁴)
1398 4153 1652 4228 multitudinem
1679 4152 1888 4247 captiuorum
1915 4155 1950 4228 et

401 4273 583 4368 spoliorum
620 4273 791 4349 redierunt
806 4273 846 4370 ⁶).
891 4275 960 4350 Sub
988 4273 1061 4370 ipso
1089 4297 1166 4350 vero
1193 4275 1353 4369 tempore,
1387 4299 1452 4366 quo
1478 4275 1652 4350 Ounradus
1678 4273 1845 4350 illusoriae
1872 4275 1947 4348 Dux

400 4397 498 4474 bello,
517 4397 722 4472 Pruthenioo
749 4398 930 4492 occupatus
958 4398 1041 4487 erat,
1071 4397 1247 4471 Boleslaus
1275 4396 1419 4471 Pedions
1437 4395 1664 4471 draooriensis
1685 4397 1775 4489 Dux,
1804 4395 1864 4488 qni
1881 4417 1948 4470 una

400 4539 475 4591 oum
503 4516 666 4610 genitrice
701 4539 763 4593 sua
795 4517 1027 4594 Greimislaua
1049 4517 1202 4609 Dueissa,
1239 4516 1319 4592 Albi
1355 4517 1535 4592 Lestkonis
1569 4516 1700 4608 relicta,
1737 4516 1947 4612 captivitatis

401 4637 572 4713 molestias
599 4638 633 4712 in
662 4639 975 4736 Syeczyechoriensi
1011 4641 1121 4715 castro
1156 4641 1244 4713 anrio
1275 4662 1342 4713 nno
1368 4641 1404 4712 et
1430 4640 1529 4733 paulo
1566 4638 1713 4733 amplius
1749 4639 1945 4733 pertulerat,

399 4759 571 4850 beneficio
594 4761 726 4838 Nicolai
762 4761 885 4838 Gallici
922 4761 1055 4836 abbatis
1090 4759 1426 4856 Syeozyeohorionsis
1461 4759 1586 4834 ordinis
1621 4759 1738 4834 Sancti
1773 4758 1946 4836 Benedicti

399 4881 517 4974 evasit,
537 4882 596 4974 qui
614 4883 715 4974 castri
734 4882 1070 4979 Syeczyeehoriensis
1085 4881 1114 4976 θ)
1142 4881 1314 4976 vigilibus,
1343 4881 1548 4976 caeterisque
1566 4881 1659 4976 capti
1677 4879 1781 4968 Ducis
1798 4880 1947 4958 Boleslai

398 5003 591 5078 custodibus
618 5005 689 5078 tem
716 5003 868 5099 pecunia,
910 5025 1011 5095 quam
1039 5003 1212 5098 promissis
1239 5003 1415 5098 corruptis,
1444 5004 1568 5078 Ducem
1596 5003 1789 5078 Boleslaum
1816 5004 1852 5077 ot
1877 5003 1946 5077 Du·

506 5297 530 5377 ¹)
553 5317 692 5362 successu
721 5303 781 5363 Ed.
805 5301 899 5362 Βοῦν.
940 5297 967 5378 ²)
994 5299 1216 5362 Oniaviensibns
1246 5305 1277 5359 ot
1305 5297 1541 5361 Maseriensibns
1570 5299 1631 5359 Ed.
1653 5299 1741 5376 Lipa.
1779 5296 1807 5378 ³)
1829 5297 1946 5360 flumine

397 5401 457 5462 Ed.
480 5403 575 5464 Βοῦν.
615 5401 1021 5483 4)νο(1οιιιιῦοονῖ’νῦ.Βοῦν.
1055 5399 1080 5482 ⁵)
1102 5404 1289 5466 reduxerunt
1307 5405 1366 5464 Ed.
1390 5404 1482 5464 Βοῦν.
1514 5400 1541 5480 ⁶)
1564 5409 1692 5464 castrum
1715 5403 1945 5466 Sieeieohovien-

397 5524 429 5568 se
452 5508 511 5570 Ed.
535 5509 628 5570 Βοῦν.
