4208 6282
845 951 1052 1068 ANNUS
1088 949 1312 1065 DOMINI
1346 946 1476 1065 1178.

397 1245 599 1336 lpeerelcrs
624 1243 827 1334 dus-ulier·
845 1241 884 1316 iri
903 1259 940 1321 ue
961 1239 1104 1332 cupiens,
1131 1239 1251 1312 tellum
1269 1236 1431 1320 Koriniru
1459 1235 1673 1333 nequicquam
1691 1235 1840 1324 minetur,
1862 1251 1934 1307 cunr

810 1381 830 1434 ο
852 1381 967 1454 genero
994 1363 1084 1435 nullu
1110 1361 1228 1434 tutore
1254 1364 1367 1452 posset
1393 1361 1524 1433 currilia.

501 1606 726 1689 Deiectionem
753 1627 848 1681 suam
875 1603 1106 1680 allonurchia
1131 1606 1166 1678 et
1193 1601 1389 1698 Principntu
1416 1603 1614 1678 Polonorum
1640 1600 1846 1698 llyeerslaus
1872 1601 1935 1674 Po·

399 1730 509 1815 lonico
535 1729 671 1824 Maioris
698 1730 734 1817 ο)
759 1730 1017 1806 Pomerauornm
1036 1727 1060 1821 ¹)
1086 1727 1165 1801 Dux
1192 1726 1330 1802 moleste
1356 1726 1484 1817 ferens,
1521 1724 1623 1802 ermis
1650 1726 1685 1800 et
1710 1743 1833 1818 guerra
1848 1721 1876 1816 Ἰ)
1900 1723 1937 1806 et

399 1853 562 1934 ultionem
589 1853 629 1928 do
655 1852 759 1926 fratre
786 1873 843 1931 suo
870 1849 1052 1940 Konimiro‚
1068 1847 1276 1944 eaeterisque
1299 1847 1369 1924 suis
1387 1847 1607 1930 deieotcribus
1621 1844 1660 1940 ³),
1688 1849 1723 1922 et
1749 1843 1935 1926 restitutio·

401 1998 477 2050 nem
503 1974 555 2049 sui
582 1973 618 2047 in
645 1975 801 2069 Regnum
828 1975 926 2068 parat
951 1974 986 2048 et
1013 1994 1139 2047 summo
1167 1970 1339 2046 contendit
1365 1970 1497 2046 efficere
1524 1971 1655 2060 conatu,
1690 1969 1782 2047 uolut
1810 1967 1850 2060 is,
1878 1966 1934 2060 qui

401 2097 548 2190 omnipm
575 2095 697 2183 animis
724 2094 820 2190 graui
847 2093 1060 2190 oppressione
1084 2095 1120 2174 et
1146 2092 1321 2190 tprannide
1353 2092 1507 2184 irritatis,
1545 2090 1822 2189 exulceratisque,
1851 2087 1938 2163 nihil

400 2219 473 2316 spei
500 2218 536 2292 in
560 2218 728 2305 charitate
754 2218 789 2292 ot
815 2216 1046 2303 beneuolentiae
1081 2199 1290 2293 subditorum
1316 2213 1351 2298 ir
1379 2214 1444 2306 his,
1482 2237 1568 2308 quae
1603 2215 1643 2288 nd
1670 2235 1764 2291 sunm
1798 2211 1937 2288 restitu-

401 2342 528 2434 tionem
553 2341 784 2432 conducerent,
812 2339 939 2414 sciebat
964 2360 1062 2434 posse
1089 2337 1216 2432 reponi.
1261 2337 1442 2417 Accersitis
1468 2340 1583 2420 cutem
1609 2335 1808 2419 consiliariis
1833 2334 1937 2412 lleio-

401 2465 449 2540 ris
475 2463 633 2547 Polonine
667 2464 702 2540 ot
738 2465 995 2546 Pomerauorum
1023 2459 1073 2556 (hi
1099 2460 1189 2544 enirn
1221 2461 1366 2538 nondum
1400 2482 1508 2537 aeuo
1543 2459 1748 2536 desciuerunt
1772 2457 1937 2556 imperio),

402 2586 482 2680 quid
509 2587 598 2663 iacto
625 2607 707 2681 opus
733 2585 790 2676 sit,
818 2585 1000 2661 consultat.
1047 2585 1093 2658 Et
1118 2583 1267 2658 omnium
1302 2582 1436 2680 quidem
1473 2581 1737 2665 consiliariorum
1772 2581 1939 2667 uniforme

402 2711 475 2785 eret
500 2710 626 2800 uotum,
655 2705 813 2785 iniurium
838 2729 859 2786 a
885 2704 1056 2782 Kanimiro
1083 2705 1217 2782 illatam
1243 2704 1345 2783 cruris
1371 2703 1603 2805 uindieundam
1629 2725 1713 2794 osse,
1741 2726 1849 2804 noque
1868 2703 1939 2778 ullo

403 2833 500 2926 pacto
526 2829 719 2909 deiectionis
745 2829 919 2913 ferendum
946 2827 1179 2924 opprobrium3
1206 2828 1390 2908 uicinorum
1417 2830 1529 2914 tumen
1557 2826 1751 2921 Principum
1777 2828 1812 2910 et
1839 2848 1939 2922 gene-

402 2975 514 3043 rorurp
540 2974 676 3035 suorum
702 2951 737 3026 in
752 2952 780 3046 6)
807 2951 842 3031 id
868 2951 994 3026 bellurn
1020 2949 1229 3046 impetranda
1255 2950 1377 3030 solutio
1391 2949 1430 3046 6),
1458 2937 1674 3045 simeonibus
1700 2951 1815 3025 futuro
1838 2947 1939 3022 dimi-

403 3074 490 3151 catio
516 3097 592 3150 oum
619 3072 790 3162 Kenimiro
826 3073 1011 3168 periculosa
1037 3073 1222 3164 uidebatur,
1260 3072 1312 3150 oui
1335 3071 1429 3164 uiris,
1461 3072 1628 3172 armisque
1666 3071 1810 3172 propriis
1835 3073 1941 3152 abun·

404 3196 510 3290 danti,
538 3196 640 3280 etiam
667 3197 901 3286 Ruthenorum
927 3194 1077 3272 subsidia
1103 3196 1279 3284 comtcbct
1305 3216 1489 3274 accessura.
1516 3195 1611 3270 Missi
1638 3194 1753 3294 itaque
1771 3194 1942 3290 extemplo

404 3320 439 3393 et
465 3317 508 3392 sd
534 3316 740 3392 Sobioslaum
766 3315 956 3408 Bohemiae,
986 3318 1021 3392 et
1048 3315 1223 3408 Seroniae,
1260 3314 1500 3412 [lothoringiae
1525 3317 1633 3392 Duces
1661 3314 1783 3406 nuntii,
1821 3312 1943 3405 iniuria

404 3437 584 3534 llpecnslni
610 3437 774 3532 expositu,
802 3440 837 3513 et
863 3438 950 3534 quod
976 3461 1036 3536 per
1053 3438 1193 3512 fratrom
1219 3459 1417 3534 germanum
1443 3437 1653 3514 Knnimirum
1672 3438 1713 3512 de
1731 3438 1848 3534 Regno
1868 3458 1942 3532 pro·

405 3561 524 3656 pulsus
538 3559 567 3654 6)
594 3559 651 3651 sit,
680 3560 859 3650 doctoratu,
890 3561 1021 3654 petunt,
1050 3562 1089 3635 ut
1113 3559 1218 3636 soceri
1244 3557 1296 3634 sui
1324 3561 1463 3636 dedecus
1489 3583 1555 3636 non
1583 3559 1756 3654 potiantur
1783 3559 1942 3650 inultum,

404 3683 463 3758 sed
489 3685 549 3758 aut
575 3682 797 3780 personaliter
824 3681 858 3756 in
887 3683 938 3756 sui
966 3683 1124 3758 solatium
1140 3683 1168 3778 7)
1194 3681 1387 3774 adveniant,
1424 3685 1646 3778 erigentem
1674 3683 1837 3770 muratum
1864 3680 1942 3764 mit·

404 3807 476 3880 tere
502 3827 568 3878 non
595 3805 806 3880 cunctentur.
852 3805 916 3879 Sed
944 3803 1134 3880 Sobies'lcus
1160 3803 1340 3880 Bohemiae
1365 3805 1444 3879 Dux
1471 3805 1603 3900 proprio
1629 3828 1665 3880 se
1691 3805 1780 3881 bello
1807 3826 1943 3900 rospon-

405 3927 462 4002 det
487 3921 693 4021 occupatum,
723 3949 798 4000 curu
825 3926 1014 4004 Friderious
1040 3929 1146 4002 frater
1163 3951 1183 4002 a
1200 3928 1333 4002 lluoatu
1359 3925 1539 4002 Bohemiae
1565 3950 1641 4002 eum
1664 3926 1851 4004 deiecturus
1869 3949 1944 4001 oum

405 4047 580 4123 Almunieo
606 4048 756 4123 exercitu
783 4048 847 4123 sibi
875 4048 1062 4124 immineat.
1108 4049 1274 4124 Saronico
1302 4071 1379 4124 uero
1406 4052 1441 4124 et
1467 4049 1706 4145 lothoringiae
1737 4050 1844 4124 Duces
1871 4049 1944 4144 pari

405 4169 620 4249 emunctione
647 4170 711 4261 usi,
749 4170 784 4244 in
810 4171 947 4264 bellum,
985 4194 1050 4262 quo
1085 4171 1205 4246 (leesor
1240 4171 1275 4246 in
1313 4169 1416 4246 Italia
1452 4175 1631 4267 occupatus
1667 4174 1748 4264 eret,
1786 4170 1945 4248 militiam

406 4313 501 4376 sunm
527 4292 765 4382 transmisisse,
794 4293 852 4368 sed
879 4296 914 4370 et
940 4293 976 4368 in
1003 4293 1096 4369 aliud
1122 4294 1260 4384 bellum,
1288 4295 1375 4388 nond
1403 4316 1462 4389 pro
1490 4295 1611 4370 Terrae
1638 4295 1782 4384 Sanctae
1807 4315 1943 4390 reeupe-

406 4413 535 4488 rationo
561 4413 748 4508 Imperator
775 4399 936 4506 instituit,
974 4438 1132 4492 nouorum
1168 4415 1315 4490 militum
1351 4417 1621 4511 supplementum
1653 4415 1717 4491 sibi
1745 4416 1945 4510 imperatum

407 4537 476 4609 iore
491 4535 531 4628 8).
567 4535 664 4630 Itn')
691 4536 840 4610 externis
867 4539 901 4612 et
928 4537 1071 4631 sperctIs
1098 4537 1236 4612 auxiliis
1262 4537 1503 4629 deficientibus
1532 4537 1677 4632 propriis
1703 4561 1779 4614 uero
1799 4537 1841 4632 ¹⁰)
1867 4560 1945 4612 con·

407 4656 502 4752 gredi
528 4679 595 4731 non
622 4657 722 4750 rusie,
760 4662 871 4733 cestus
905 4661 985 4733 unni
1012 4659 1107 4734 illius
1134 4659 1205 4735 sine
1232 4661 1302 4735 ullo
1330 4661 1448 4736 bellico
1475 4661 1615 4737 stridore
1642 4663 1796 4736 extracto
1813 4659 1855 4754 ¹¹)
1882 4663 1944 4736 est.

326 4783 330 4793 '
407 4777 599 4856 Konimirus
625 4802 702 4854 uero
729 4780 807 4854 Dux
842 4782 962 4855 solium
997 4781 1049 4856 sul
1086 4781 1299 4878 Principatus
1334 4782 1505 4878 aequitate
1540 4784 1574 4859 et
1601 4782 1722 4858 iudicio
1757 4781 1944 4874 stabiliens,

407 4902 617 4997 splendorem
643 4901 695 4976 sui
722 4901 866 4978 nomimis
892 4904 994 4979 etium
1021 4905 1110 4999 apud
1136 4906 1270 4980 exteros
1296 4908 1331 4981 et
1357 4906 1469 4982 hostes
1495 4903 1714 4980 diffundebat.

514 5095 537 5174 ¹)
559 5098 748 5158 Pomeranice
778 5097 837 5157 Ed.
868 5097 960 5158 Βοῦν.
1001 5093 1027 5175 ²)
1050 5114 1085 5158 ec
1116 5098 1194 5158 bello
1228 5095 1297 5158 θοοῦ.
1320 5099 1412 5159 Beer.
1451 5095 1479 5178 ³)
1502 5099 1697 5160 deiectoribns
1728 5115 1842 5159 sumere
1875 5097 1946 5160 doe.

407 5201 500 5262 Βοῦν.
538 5197 564 5277 ⁴)
587 5202 625 5262 cd
657 5203 727 5263 0οά.
757 5203 849 5263 Βοῦν.
889 5197 914 5280 ⁵)
937 5203 1045 5263 auxilia
1078 5200 1147 5264 (lod.
1178 5203 1270 5266 Βοῦν.
1311 5199 1339 5281 6)
1363 5205 1501 5278 expulsus
1531 5205 1591 5264 Ed.
1620 5205 1713 5264 Βοῦν.
1753 5199 1778 5281 7)
1808 5204 1947 5263 auxilium

409 5303 479 5368 Coei.
502 5307 595 5367 Βοῦν.
633 5304 756 5384 ⁸)esse.
771 5307 830 5368 Ed.
853 5308 947 5371 Βοῦν.
987 5304 1014 5389 ⁹)
1038 5307 1087 5368 Sic
1108 5309 1207 5383 itaque
1229 5308 1290 5370 Ed.
1313 5308 1406 5371 Βοῦν.
1449 5305 1488 5387 ¹⁰)
1511 5326 1579 5370 uero
1595 5309 1734 5376 militibus
1760 5308 1831 5370 Ood.
1853 5309 1945 5372 Roer.

411 5407 451 5490 ¹¹)
475 5416 578 5474 eructa
603 5411 672 5474 (lod.
696 5414 787 5477 noer.
