4162 6288
128 540 187 636 (Α.
206 541 256 619 D.
277 541 398 638 1264.)
738 563 851 618 urens
877 565 1071 620 sonemus.
1601 549 1675 622 389

127 773 187 847 per
212 749 304 826 riam
330 749 562 847 compromissi
589 751 728 843 electus,
757 750 880 827 nobilis
907 773 1042 847 genere,
1071 753 1111 828 do
1139 751 1272 826 familia
1294 754 1330 828 et
1347 752 1548 850 cognatione
1575 755 1677 829 Prus-

126 895 237 948 sornm
278 875 390 949 ortum
429 873 573 965 ducens,
617 895 638 948 a
673 873 829 948 Iauussio
865 873 1052 950 [inesnsnsi
1088 874 1339 970 archiepiscopo
1375 875 1464 970 apud
1501 875 1678 951 ecclesiam

127 992 376 1086 (ineenensem,
416 994 610 1070 fauentibus
637 995 673 1070 et
700 993 987 1070 consentientibus
1022 994 1190 1087 Semopito
1211 996 1236 1089 ¹)
1270 997 1305 1070 et
1341 995 1494 1071 Onnrsdo
1530 998 1679 1073 Ducibus

127 1115 310 1210 idasomao,
339 1101 557 1194 confirmatus
583 1116 620 1196 ct
645 1114 840 1194 benedictus
867 1115 904 1194 iu
931 1115 1081 1192 ordinem
1108 1115 1350 1214 pontificalem.

582 1479 791 1594 ANNUS
828 1478 1053 1593 DOMINI
1090 1479 1229 1594 1264.

128 1729 302 1804 telericus
328 1729 468 1852 iudicor
497 1712 570 1806 hux
601 1730 824 1804 bracariensis
855 1732 986 1821 genten
1018 1729 1274 1821 ieeevinqemn
1309 1731 1519 1825 proliquun
1547 1732 1579 1805 ln
1606 1736 1681 1808 toto

530 1851 629 1942 delet,
656 1852 791 1945 reliquie
818 1851 862 1926 ed
888 1851 1087 1944 bontionem
1115 1853 1287 1927 eonrerrlr.

231 2095 412 2172 Belesiaus
438 2093 585 2170 Pudicus
610 2092 840 2188 Grecoviensis
866 2096 902 2170 et
928 2093 1209 2170 sandomiriensis
1234 2095 1313 2170 Dux
1341 2095 1458 2170 contra
1476 2095 1683 2191 Iacnwingos

132 2218 301 2309 barbaros,
329 2215 517 2291 Ducatibus
543 2215 614 2290 suis
641 2216 777 2312 propter
804 2215 1035 2292 immediatam
1066 2215 1276 2291 vicinitatem
1302 2215 1505 2307 infestiores,
1533 2219 1569 2291 ot
1595 2217 1683 2310 quod

130 2337 347 2433 Principatus
373 2359 452 2413 suos
478 2337 691 2432 frequentius
718 2339 933 2429 lacesserent,
968 2337 1095 2413 beilum
1121 2339 1270 2430 acturus,
1298 2337 1547 2433 expeditionem
1574 2337 1682 2414 omni-

132 2461 192 2534 bns
218 2458 293 2534 suis
318 2458 419 2535 terris
445 2459 566 2535 indicit
581 2458 639 2554 2).Ι
667 2460 712 2533 iit
740 2459 894 2535 omuibus
921 2459 1027 2554 copiis
1058 2459 1148 2553 apud
1173 2458 1361 2534 Zeuichost
1395 2458 1681 2550 convenientibus,

132 2581 265 2676 etipse
294 2581 517 2676 personaliter
544 2581 580 2655 in
607 2581 735 2658 beilum
761 2580 953 2656 huiusmodi
980 2580 1029 2656 ire
1056 2581 1180 2676 pergit.
1208 2581 1272 2655 Est
1289 2581 1402 2656 autern
1420 2581 1684 2677 Iacuuingorum

132 2702 223 2776 natio
250 2723 369 2777 versus
395 2702 627 2795 aquilonarem
654 2703 803 2798 plagam,
832 2701 1010 2794 Maeoniae,
1038 2701 1181 2778 Russiae
1202 2703 1238 2778 et
1255 2701 1460 2777 Lithueniae
1486 2702 1588 2778 terris
1604 2723 1684 2778 oon·

133 2823 321 2899 terminans
336 2821 375 2919 ⁸),
405 2823 483 2916 sita,
513 2845 588 2900 euru
614 2823 821 2899 Prutbenioe
847 2825 882 2898 et
907 2823 1113 2899 Lithuenica
1137 2823 1258 2919 lingua
1283 2845 1409 2919 magne
1434 2846 1478 2899 cx
1505 2825 1603 2920 parte
1622 2825 1684 2899 ha·

134 2947 213 3021 bens
240 2944 502 3022 similitudinem
528 2947 564 3022 et
590 2945 868 3042 intelligentiam,
906 2947 1049 3041 populos
1080 2947 1207 3021 habeus
1242 2943 1406 3022 immanes
1433 2947 1469 3021 et
1495 2945 1682 3038 bellicosos,

132 3069 166 3142 et
190 3069 263 3141 tam
292 3067 402 3142 laudis
429 3065 675 3160 memoriaeque
710 3066 833 3159 aridos,
867 3067 906 3141 ut
933 3067 1046 3144 docem
1072 3089 1116 3143 ex
1142 3067 1215 3141 iilis
1250 3089 1327 3142 cum
1362 3069 1496 3143 centurn
1532 3067 1685 3143 hostibus

134 3187 350 3264 decernerent
365 3188 404 3283 ⁴),
433 3209 474 3264 ea
500 3189 573 3264 sois
599 3209 659 3284 spe
685 3187 829 3280 illectos,
858 3189 945 3282 quod
972 3190 1213 3282 postmortem
1240 3190 1275 3264 et
1302 3209 1428 3280 cesum,
1457 3188 1582 3264 scireut
1608 3210 1685 3264 suo·

134 3331 206 3383 rum
232 3308 439 3386 carminibus
465 3311 506 3386 de
532 3309 678 3386 fortibus
713 3311 815 3384 iactis
843 3331 879 3384 se
905 3310 1103 3384 laudandos.
1149 3310 1240 3405 Quae
1267 3331 1321 3386 ros
1348 3310 1419 3385 iilis
1446 3310 1482 3385 in
1508 3333 1581 3386 earn
1609 3333 1686 3405 per·

135 3430 251 3507 nitiem
281 3451 389 3522 nerea,
427 3452 504 3507 cum
529 3431 629 3526 pauci
655 3453 676 3505 a
703 3430 822 3506 multis
857 3431 960 3507 facile
995 3433 1245 3526 superarentur,
1273 3432 1313 3504 ut
1339 3431 1465 3507 sousirn
1492 3431 1586 3508 natio
1613 3431 1688 3527 ipsa

136 3552 204 3629 lere
229 3551 389 3629 uniuersa
415 3551 562 3627 cladium
588 3552 745 3630 interiret
779 3551 991 3645 exterminio,
1028 3552 1163 3628 nemine
1190 3553 1326 3629 illorum
1363 3556 1424 3629 eut
1450 3553 1603 3648 iniquam
1629 3555 1686 3631 de·

134 3671 302 3750 tractante
329 3696 491 3770 pugnam,
519 3677 581 3750 aut
607 3697 724 3771 pugna
749 3676 905 3749 conserta
931 3675 1050 3771 fugero
1081 3677 1315 3770 perseverante
1330 3675 1371 3769 ⁶).
1416 3675 1594 3752 Boleslaus
1620 3675 1687 3750 ita·

136 3818 198 3887 que
224 3795 374 3872 Pudicus
400 3794 627 3872 (bracariensis
655 3797 690 3872 et
714 3795 995 3872 Sandomirionsis
1021 3797 1100 3870 Dux
1126 3796 1211 3872 fines
1237 3797 1373 3872 iiiorurn
1400 3797 1624 3893 ingressurus,
1653 3799 1689 3874 et

135 3916 222 3993 acies
247 3915 394 4008 ordinat,
432 3939 563 3993 summa
589 3940 670 3994 cura
696 3917 819 4010 omnia,
856 3939 943 4011 quae
970 3909 1186 4013 disciplinam
1216 3917 1363 4014 exigunt
1389 3917 1582 4012 militarem,
1611 3941 1688 4014 pro·

135 4036 263 4131 ridens,
292 4040 327 4114 et
354 4037 482 4114 milites
519 4061 579 4134 pro
614 4039 770 4116 concione
805 4041 942 4115 rocetos
977 4039 1014 4114 in
1050 4061 1200 4135 pugnam
1236 4039 1376 4115 animat.
1422 4039 1582 4116 Pluribus
1609 4043 1689 4117 ante

136 4159 376 4236 conaminibus
404 4182 465 4255 per
491 4181 569 4235 suos
596 4160 724 4236 milites
761 4181 837 4236 curn
871 4159 1026 4236 hostibus
1053 4160 1250 4253 commissis,
1288 4163 1460 4256 expertus,
1498 4162 1688 4253 quodcum

136 4279 231 4358 hoste
260 4281 436 4376 pertinaci,
467 4281 599 4357 vincere
626 4283 686 4357 aut
713 4283 797 4357 mori
824 4281 1003 4374 destinato,
1036 4303 1186 4378 pugnam
1221 4281 1413 4378 propediem
1448 4282 1689 4375 (nequeenim

137 4401 342 4498 Iacruiugos
367 4403 510 4495 laturos,
549 4404 589 4479 ut
615 4402 690 4499 agri
716 4425 830 4480 eorum
857 4402 942 4498 ipsis
969 4403 1194 4479 incolumibus
1220 4403 1479 4500 popularentur)
1506 4406 1597 4480 osset
1623 4403 1689 4480 ini·

137 4524 243 4617 turus,
275 4521 431 4600 adhibuit
457 4525 493 4600 ot
518 4525 697 4602 Boieslaus
723 4525 930 4621 praefectos,
967 4524 1026 4619 qui
1052 4527 1088 4602 ct
1113 4523 1273 4600 ultimum
1308 4526 1467 4621 cogerent
1494 4547 1626 4622 agmen,
1655 4528 1690 4603 et

138 4643 266 4721 milites
291 4667 312 4720 a
339 4644 449 4740 signis
475 4649 510 4722 ei
536 4645 620 4722 locis
646 4646 815 4722 discedere
849 4648 1015 4738 vetarent,
1052 4645 1124 4720 tam
1157 4645 1341 4742 composito
1375 4669 1507 4742 semper
1534 4647 1690 4724 incedens

139 4766 283 4859 agmine,
313 4766 411 4860 quasi
438 4767 552 4844 hostes
578 4767 616 4842 in
642 4770 824 4863 conspectu
851 4769 973 4844 forent.
1010 4767 1128 4860 Neque
1154 4767 1254 4843 ilium
1280 4767 1393 4864 opinio
1419 4767 1567 4846 fefellit:
1595 4770 1690 4843 Iucu·

138 4885 239 4983 iringi
266 4887 368 4980 enirn,
405 4888 496 4982 apud
532 4911 616 4981 qnos
646 4893 730 4964 tunc
764 4889 871 4964 maior
896 4889 986 4964 inter
1011 4891 1120 4964 Duces
1146 4889 1297 4965 Komath
1324 4888 1486 4984 Princeps
1513 4893 1598 4982 erat,
1627 4892 1690 4965 Po-

139 5006 290 5085 louorum
318 5008 432 5084 audito
460 5010 619 5103 adventu,
658 5011 694 5085 in
722 5032 816 5085 arma
842 5011 970 5086 alacres
1005 5014 1226 5106 consurgunt,
1254 5013 1290 5086 et
1315 5010 1567 5107 populationem
1595 5033 1691 5086 suam

140 5129 354 5222 prohibituri,
382 5129 520 5206 Polonis
547 5131 678 5208 obviam
704 5133 798 5210 eunt.
830 5133 965 5208 Decimo
991 5131 1107 5225 itaque
1135 5132 1359 5208 Calendarum
1385 5133 1480 5225 Iulii,
1509 5133 1691 5208 excubato-

247 5407 271 5487 ¹)
292 5409 431 5472 Boiesieo
464 5407 536 5474 coc.
566 5409 659 5471 Reor.
700 5405 729 5489 ⁹)
752 5409 847 5471 bieris
868 5411 980 5472 indicit
1016 5409 1087 5473 Ood.
1111 5411 1204 5475 itaer.
1243 5407 1271 5490 ⁸)
1294 5411 1476 5474 contermina
1507 5408 1574 5474 decl.
1597 5409 1690 5474 Beer.

144 5504 171 5589 ⁴)
193 5511 379 5578 decertarent
404 5511 476 5582 dou.
500 5513 593 5582 Rure.
633 5509 660 5606 ⁵)
682 5514 888 5603 persuadente,
917 5513 989 5588 Cliti·
1012 5517 1106 5585 Beer.
