4140 6298
156 561 220 657 (Α.
241 561 289 638 Ι).
310 563 433 658 1244.)
770 585 883 638 arnna
909 585 1103 639 suasurus.
1633 567 1707 640 301

154 793 258 867 saepo
285 772 471 866 assumpte,
499 772 695 848 Bolsslaum
722 771 757 846 in
783 769 1102 848 wratislaviensem
1120 771 1245 847 sortem
1264 772 1299 867 ¹),
1327 771 1512 850 Henrioum
1530 771 1566 848 iu
1584 771 1712 869 logni·

155 915 323 984 ozensem,
351 891 501 968 induxit.
546 893 612 968 Sed
638 893 815 972 Boleolaus
841 894 980 968 venatus
1006 893 1129 967 Oalvue
1157 891 1250 968 illioo
1277 892 1453 969 divisionis
1479 893 1597 970 taliter
1624 894 1712 970 eolo·

154 1016 277 1092 brutae
302 1014 475 1110 poenitere
501 1014 631 1110 eoepit,
668 1016 703 1090 et
728 1013 989 1110 Legnioronsem
1026 1015 1150 1090 sortem
1183 1014 1384 1090 existimans
1419 1015 1711 1110 praestantiorem,

155 1137 338 1230 oertnsque
369 1134 438 1212 iam
463 1135 616 1212 existens
651 1135 843 1211 (lunradum
877 1137 1019 1210 fratrom
1055 1157 1135 1211 suae
1171 1135 1337 1231 portionis
1372 1139 1578 1229 eonsortem,
1615 1137 1713 1212 velut

155 1257 399 1334 subdiaconum
434 1259 470 1333 et
496 1257 532 1332 in
558 1258 842 1352 Bambergensem
879 1257 1073 1352 episeopum
1108 1257 1200 1333 brevi
1234 1258 1507 1353 promovendum,
1543 1281 1712 1352 nusquam

156 1399 232 1454 esse
259 1376 493 1473 repetiturum,
531 1379 638 1453 sortes
673 1399 749 1454 oum
776 1378 883 1452 fratre
908 1376 1055 1452 Henmeo
1082 1380 1278 1468 eommutat,
1315 1379 1351 1453 et
1375 1377 1597 1474 Ieguioaensi
1623 1382 1713 1455 sorte

157 1501 309 1594 aoeepta,
339 1498 428 1574 aedit
454 1499 496 1574 de
521 1497 797 1576 Wratislaviensi
824 1498 991 1574 Henrioo:
1019 1499 1060 1576 de
1088 1521 1154 1590 quo
1182 1499 1305 1573 iterum
1332 1499 1501 1595 prioribus
1527 1499 1639 1577 literis
1666 1499 1713 1576 ir·

156 1620 286 1711 sitatis,
314 1642 419 1696 novae
445 1621 617 1696 eonfeotae
654 1623 745 1696 sunt.
791 1621 915 1695 Verum
943 1620 1117 1695 dunradus
1143 1620 1236 1694 filius
1266 1619 1406 1696 Henrioi
1433 1621 1533 1697 oooisi
1559 1643 1581 1697 a
1606 1623 1714 1698 Thar-

157 1741 257 1831 toris,
286 1742 409 1818 sortem
437 1740 625 1817 elerioalern
661 1741 853 1832 fastidiens,
891 1741 1004 1816 studio
1030 1743 1065 1817 et
1091 1741 1288 1838 episcopatu
1325 1742 1467 1834 deserto,
1506 1742 1541 1816 in
1570 1741 1715 1838 patriam

158 1862 264 1938 rediit
279 1862 319 1959 ²),
346 1866 383 1940 et
409 1863 450 1938 de
476 1865 567 1938 sorte
594 1862 816 1958 Legniozensi
843 1863 986 1938 alteram
1014 1884 1089 1939 oum
1116 1864 1273 1939 Boleslao
1309 1866 1491 1959 expetebat
1517 1863 1715 1940 divisionem
1805 1897 1808 1904 ·

159 1984 334 2060 eelebrari.
363 1983 424 2061 bui
450 1983 516 2060 etsi
542 1984 721 2060 Bolsslaus
746 1985 869 2061 dalvus
896 1984 1021 2060 blanda
1047 1984 1193 2079 primum
1220 1985 1350 2060 dederit
1374 2007 1546 2080 responsa,
1575 2005 1715 2081 sperans

159 2105 258 2181 illius
283 2105 435 2181 animum
461 2105 624 2201 temporis
651 2127 808 2201 proeessu
834 2105 975 2181 oonsilio
1003 2106 1133 2181 meliori
1160 2107 1284 2198 sanari,
1317 2106 1470 2182 Ouarada
1497 2109 1611 2182 tamon
1638 2127 1715 2202 por·

161 2229 338 2304 reverante
364 2227 402 2302 in
428 2228 610 2323 proposito,
639 2227 739 2303 illum
766 2249 786 2302 a
812 2249 848 2303 se
874 2229 1000 2324 negata
1026 2228 1180 2324 portione
1207 2227 1375 2304 exeluait:
1414 2228 1472 2323 qui
1499 2229 1543 2305 ad
1568 2229 1715 2304 alterum
1855 2223 1859 2228 ’

160 2349 303 2424 fratrom
335 2347 521 2426 Henrioum
556 2355 593 2425 se
628 2349 785 2441 eontulit,
823 2371 935 2444 aquo
971 2348 1117 2445 benigue
1151 2351 1187 2424 et
1221 2349 1359 2424 habitus
1393 2351 1429 2425 ot
1454 2350 1624 2426 traotatus
1650 2349 1715 2425 est.

160 2469 376 2546 Wladislaus
401 2492 490 2562 vero,
528 2469 649 2564 quiin
677 2473 864 2547 oonsortom
890 2471 1037 2546 Henrioo
1073 2473 1232 2562 cesserat,
1269 2470 1306 2545 in
1332 2471 1631 2567 saltzburgensem
1658 2491 1715 2544 ar·

159 2590 413 2690 obiepisoopnm
440 2593 623 2688 promotus,
652 2593 821 2668 Dueatnm
848 2591 1165 2670 wratislaviensem
1192 2591 1337 2670 Heurioo
1364 2591 1463 2669 fratri
1491 2593 1663 2690 integrum
1680 2593 1716 2668 ot

160 2711 410 2790 immutilatum
436 2713 590 2809 reliquit.

214 3080 468 3177 ronproronu
487 3079 619 3172 ordiris,
647 3017 740 3156 orris
759 3083 888 3156 tantun
916 3080 1107 3174 ootuopnra
1125 3083 1265 3175 quotuor
1283 3077 1443 3170 durantio,
1471 3077 1662 3155 destinatio.

267 3323 356 3400 Ordo
382 3320 651 3418 Templariomm
677 3321 789 3398 subito
816 3321 852 3396 in
879 3321 983 3399 variis
1009 3320 1205 3418 regionibus
1231 3318 1500 3398 Christianorum
1518 3319 1716 3415 destruitur,

162 3445 368 3521 mirantibus
394 3444 582 3537 universis,
610 3443 773 3537 quomodo
800 3443 872 3519 tam
898 3442 1015 3539 magni
1046 3443 1173 3520 domini
1200 3441 1250 3519 sio
1276 3442 1449 3539 insperate
1474 3444 1633 3539 poterant
1659 3466 1718 3540 op·

163 3565 267 3663 primi
293 3569 330 3644 et
356 3565 527 3664 extingui.
554 3565 619 3663 Qui
645 3565 725 3642 ordo
752 3565 852 3640 annis
878 3567 1014 3642 eentum
1041 3564 1241 3662 ootuaginta
1267 3565 1412 3660 quatuor
1438 3565 1631 3642 duraverat.

164 3933 419 4025 spartopolian
444 3933 651 4006 tonorutao
677 3933 757 4022 bns,
784 3935 881 4024 rupto
900 3931 1081 4022 torrentia,
1107 3935 1230 4004 tamon
1257 3930 1461 4006 balnensem
1484 3929 1719 4006 broolloronu

163 4053 353 4148 laproditrr,
382 4058 417 4128 ot
447 4054 656 4149 troopnontoo
687 4072 724 4127 oo
757 4053 936 4129 bmoilovoo
967 4053 1091 4145 praello
1123 4052 1225 4142 lrdlt,
1258 4054 1419 4126 nrmoloo
1451 4068 1577 4146 quoquo
1608 4069 1719 4127 eoru

884 4175 1003 4249 eooiso.

270 4417 449 4494 Temerata
475 4414 651 4492 ooneordio
676 4417 712 4492 et
738 4414 962 4506 iureiurando,
991 4415 1080 4510 quod
1106 4415 1364 4511 Suantopellrua
1391 4412 1610 4490 Pomerauiae
1640 4415 1721 4489 Dux

164 4560 245 4616 oum
271 4537 450 4614 Fratribus
476 4536 657 4612 druoileris
684 4536 875 4633 pepigerat,
904 4536 1042 4629 violato,
1070 4535 1165 4613 venit
1192 4537 1451 4632 Svantopollrus
1477 4557 1553 4610 oum
1572 4534 1719 4611 Litbua·

164 4659 232 4750 nis,
260 4657 460 4754 Iaoavingis
486 4660 521 4733 et
548 4657 744 4750 Prothenis,
781 4679 904 4754 magno
931 4657 1084 4735 exereitu
1110 4658 1320 4754 glomeratus
1346 4656 1382 4732 in
1409 4657 1622 4734 dulmensem
1648 4657 1720 4732 ter·

164 4803 251 4872 ram,
280 4780 443 4874 illamque
469 4779 582 4856 affoeit
609 4779 720 4872 taeda,
759 4778 912 4856 incendio
938 4783 974 4855 et
1001 4780 1125 4876 praeda
1151 4779 1318 4870 horribili,
1347 4781 1382 4854 et
1408 4778 1540 4854 animas
1567 4777 1721 4854 innume·

165 4923 222 4978 ras
249 4923 404 4997 peoorum
431 4923 533 4993 more,
562 4900 597 4976 in
625 4900 841 4996 dulmensi&
868 4905 961 4978 terra
987 4902 1117 4996 eaptus,
1148 4903 1346 4996 perpetuam
1371 4899 1570 4976 servitutem
1597 4921 1722 4994 expor-

164 5025 273 5114 tnros,
302 5043 415 5099 wrm
442 5021 554 5098 duxit.
595 5023 757 5099 Orneiferi
784 5045 861 5100 vero
888 5023 1132 5115 deliberabant,
1162 5021 1310 5114 qualiter
1336 5022 1475 5117 possent
1502 5022 1538 5097 at
1563 5021 1722 5117 praedam

165 5145 207 5222 da
234 5143 384 5219 bostium
411 5143 567 5220 manibus
593 5147 751 5220 excutere
777 5146 813 5221 et
838 5143 980 5220 viotoria
1000 5143 1115 5240 potiri.
1143 5145 1190 5219 Et
1209 5141 1392 5219 Theodrioo
1419 5141 1555 5237 quidem
1581 5140 1723 5234 antiquo

165 5266 332 5342 marsaloo
371 5287 450 5342 suas
477 5268 514 5343 et
539 5265 689 5344 hostium
716 5265 876 5345 metiente
903 5266 1003 5360 vites,
1036 5267 1203 5362 plaeebat,
1240 5267 1410 5342 eertamen
1437 5286 1480 5339 ox
1507 5261 1624 5356 iniquo
1651 5263 1723 5339 looo

277 5525 302 5608 ¹)
323 5527 510 5606 Principetua
536 5526 608 5592 ooo.
631 5529 723 5594 Rorr.
764 5523 793 5609 Ε)
815 5528 906 5592 rediit
935 5525 1013 5594 uoco
1036 5528 1072 5592 io
1099 5525 1169 5594 Coti.
1193 5523 1267 5592 Aut.
1307 5522 1524 5610 ³)Obelmensi
1553 5523 1625 5585 (lod.
1648 5521 1723 5588 Aoo.
