4162 6288
163 564 226 658 (Α.
247 563 295 640 D.
316 563 434 662 1250.)
778 587 890 640 mans
917 587 1110 642 sururmus.
1641 571 1713 646 371

160 774 256 868 lpecu
276 773 301 867 ¹)
327 771 463 864 dicitur,
492 772 582 847 inter
600 773 762 867 Opathow
777 771 806 867 ²)
833 772 1162 868 archiepiscopalem,
1182 775 1217 850 ot
1235 774 1396 850 Kalinam
1424 775 1511 850 alins
1537 767 1716 852 Klomeam

161 893 348 968 militarem
375 893 475 968 uillas
511 893 627 984 situm,
664 895 875 984 consecutus,
912 917 1020 986 neque
1048 917 1144 970 suam
1171 897 1388 990 paucitatem,
1423 918 1530 989 neque
1557 898 1716 974 hostilem

161 1014 418 1091 multitudinem
445 1014 540 1110 pensi
567 1017 705 1107 habens,
742 1015 779 1089 iu
814 1015 980 1090 Karimiri
1017 1015 1236 1112 Duyaviensis
1271 1018 1374 1092 Ducis
1410 1019 1608 1112 exercitum,
1636 1043 1715 1096 con-

159 1136 258 1212 cione
284 1135 438 1232 perprius
465 1138 501 1211 et
527 1135 563 1210 iu
591 1157 741 1231 pugnam
768 1139 804 1212 et
829 1135 867 1211 in
894 1139 1042 1213 mortem·
1062 1137 1133 1212 suis
1160 1138 1330 1228 autumatis,
1359 1162 1380 1212 a
1407 1143 1504 1235 tergo
1532 1140 1652 1214 irruit:
1680 1143 1715 1216 et

160 1257 344 1352 postremis
369 1256 504 1340 aciebus
519 1257 724 1350 debellatis,
752 1257 871 1352 primis
887 1256 915 1352 ³)
937 1259 1071 1334 ‘fortem
1098 1262 1132 1335 et
1159 1281 1373 1336 numerosum
1402 1261 1588 1336 exercitum
1614 1263 1714 1337 Bole-

160 1379 228 1453 slai
254 1378 469 1454 Dalissiensis
495 1377 599 1454 Ducis
626 1381 716 1474 (cum
743 1382 880 1475 tegmen
908 1381 1155 1475 opponentibus
1191 1382 1376 1473 arboribus,
1413 1385 1561 1476 quantus
1597 1383 1713 1475 tuerit,

160 1499 292 1576 dinosci
319 1522 385 1574 non
414 1502 540 1596 posset)
576 1500 851 1576 existimantibus
867 1503 905 1596 ⁴),
939 1501 975 1575 in
1001 1501 1120 1598 fugam
1147 1502 1262 1578 uertit.
1307 1502 1427 1577 Multis
1454 1504 1570 1595 itaquo
1597 1504 1713 1595 caesis,

160 1621 282 1697 multis
309 1621 448 1715 insuper
474 1621 669 1716 captivatis,
707 1623 798 1698 Duce
835 1623 1035 1718 Dnyauieuei
1071 1645 1131 1718 per
1166 1625 1284 1718 fugam
1320 1625 1493 1716 evadente,
1530 1628 1564 1700 et
1592 1627 1716 1720 praeda

160 1743 272 1819 omnis
298 1741 389 1818 hosti
416 1763 556 1817 excussa
583 1746 618 1818 et
645 1743 837 1838 agrestibus
873 1743 1005 1818 reddite
1030 1745 1095 1836 est,
1132 1748 1167 1819 et
1194 1745 1344 1820 Boleslai
1371 1745 1585 1820 Daliseicnsis
1612 1745 1715 1820 Ducis

64 1861 75 1866 “
159 1863 332 1940 exercitus
357 1863 520 1940 trecentis
547 1863 653 1958 equis,
682 1865 891 1957 caeterisque
917 1865 1037 1960 spoliis
1063 1866 1247 1941 hostilibus
1280 1867 1422 1960 potitus.
1463 1868 1590 1943 Sedet
1617 1869 1713 1962 pala-

159 1985 255 2061 tiuus
281 1984 499 2082 (lusoviensis
525 1985 704 2078 hlartiuus,
742 1985 825 2062 licet
860 1986 1005 2077 sancius,
1043 1987 1140 2062 uiuus
1166 1989 1281 2062 tamen
1298 1987 1325 2082 Β)
1353 1988 1388 2061 in
1415 1988 1620 2083 potestatem
1647 1991 1713 2064 Bo·

159 2106 261 2183 leslei
288 2106 501 2182 Dalissiensis
535 2107 638 2182 Ducis
675 2129 751 2182 cum
787 2107 929 2184 caeteris
965 2108 1135 2184 nobilibus
1171 2109 1289 2204 fugam
1324 2111 1573 2201 execrantibus,
1606 2110 1711 2185 uenit.

160 2217 368 2306 &terebant
386 2231 504 2324 postea
522 2228 650 2305 milites
676 2228 844 2305 Karimiri
871 2229 1090 2325 Oupauiensis
1115 2229 1219 2306 Ducis
1234 2230 1273 2326 ⁶),
1302 2233 1399 2306 tanto
1417 2253 1453 2306 se
1472 2253 1605 2325 pavore,
1634 2232 1714 2306 dum

159 2351 240 2426 illos
266 2351 445 2427 Boleslaus
471 2349 686 2426 dalissiensis
713 2353 792 2426 Dux
819 2351 1003 2442 inuaderet,
1032 2346 1201 2446 correptos
1228 2351 1345 2444 fuisse,
1377 2355 1418 2426 ut
1443 2353 1532 2428 circa
1559 2352 1714 2448 singulas

160 2472 309 2548 nemoris
335 2475 470 2548 arbores
497 2472 655 2572 ingentes
681 2473 825 2548 hostiles
852 2473 965 2568 copias
992 2471 1240 2548 arbitrarentur
1266 2473 1461 2550 consistere.
1488 2475 1563 2549 Non
1583 2473 1713 2567 quievit

159 2597 275 2670 brnen
302 2595 487 2672 heumalo
522 2597 696 2690 perculsus
731 2594 925 2670 Karimirns
962 2595 1180 2690 Duyauiensis
1206 2597 1297 2688 Dux,
1331 2596 1390 2671 sed
1416 2594 1714 2690 Horkuboldumq

159 2717 395 2792 Gnesnensom
421 2720 456 2792 et
483 2716 660 2793 Nicolaum
687 2715 934 2808 dalissieusem,
967 2717 1151 2812 palatinos,
1188 2717 1357 2793 Simonem
1385 2719 1616 2812 presbyterum
1643 2718 1712 2792 frc-

158 2839 250 2913 trem
276 2836 529 2932 Herkaboldil)
556 2836 703 2932 palatini
731 2837 949 2929 (theanensis,
978 2839 1158 2932 pluresque
1185 2837 1271 2912 alios
1298 2838 1428 2914 nobiles
1454 2837 1490 2912 in
1509 2837 1712 2931 colloquium

159 2961 327 3051 euocatos,
364 2958 516 3054 captiuos
542 2980 621 3034 suos
648 2959 684 3034 in
711 2959 881 3036 Solecensi
908 2960 1002 3035 clodo
1029 2962 1145 3054 captos
1171 2959 1390 3051 liberaturus,
1427 2959 1587 3055 captivat,
1615 2961 1650 3035 et
1677 2958 1712 3034 in

159 3079 284 3175 oppido
311 3081 460 3156 Palioscx
487 3077 530 3156 ad
556 3081 725 3157 Ducatum
761 3085 797 3157 et
823 3080 1008 3156 dominium
1042 3081 1193 3157 Boleslai
1228 3080 1441 3158 Galissiensis
1477 3081 1580 3156 Ducis
1607 3079 1712 3176 perti·

159 3202 263 3276 naute
289 3223 412 3276 uorum
448 3203 598 3278 castrum
634 3201 801 3294 aedificat,
830 3205 866 3278 et
892 3225 951 3298 per
978 3201 1106 3278 milites
1133 3202 1167 3276 in
1196 3202 1292 3279 illius
1319 3201 1524 3299 praesidium
1552 3202 1711 3278 00010-

159 3324 254 3398 cetos
280 3321 427 3399 uicinam
453 3345 546 3399 orem
573 3323 692 3420 spoliis
719 3327 755 3400 ct
781 3323 1027 3421 direptionibus
1058 3324 1212 3401 infestat.
1259 3325 1334 3400 Non
1360 3323 1444 3399 tulit
1470 3325 1584 3400 autem
1611 3324 1710 3400 Bole-

159 3445 255 3519 slaus
280 3443 495 3522 Daliseiensis
530 3445 610 3520 Dux
636 3448 688 3520 tot
715 3447 750 3522 et
776 3448 893 3523 tantus
928 3445 1094 3520 Kanimiri
1121 3445 1158 3522 in
1185 3468 1221 3522 se
1248 3448 1283 3521 et
1309 3466 1387 3521 snos
1414 3445 1631 3541 depromptas
1658 3446 1711 3520 in·

159 3565 276 3658 iuriae,
308 3566 367 3641 scd
394 3565 448 3643 die
475 3567 575 3644 sexta
611 3567 764 3642 Octobris
800 3590 874 3643 cum
911 3567 1069 3643 Boleslao
1105 3567 1229 3644 Pudico
1265 3565 1477 3643 dracorieusi
1513 3570 1548 3642 ct
1584 3568 1711 3642 Sando-

160 3687 314 3762 miriensi
340 3689 432 3764 Duce
458 3689 625 3784 patruele,
657 3690 894 3766 Ruthenorum
921 3690 956 3764 et
982 3689 1207 3764 Cumanorum
1222 3687 1258 3783 9)
1277 3689 1425 3764 habente
1451 3687 1575 3763 solatia
1596 3687 1648 3784 ¹⁰),
1677 3691 1712 3764 et

160 3809 331 3885 Semurito
357 3810 524 3886 hlasouae
550 3809 707 3905 Principe
728 3811 782 3905 ¹¹),
811 3831 971 3906 germano
997 3810 1146 3886 eiusdem
1174 3809 1341 3885 Keuimiri
1359 3809 1579 3906 Dnyaviensis
1596 3810 1711 3902 Ducis,

160 3931 336 4023 fratribus,
365 3934 407 4007 ob
433 3931 608 4013 lacessitos
635 3953 749 4007 eorum
775 3933 968 4008 Ducatuum
999 3931 1125 4008 iniuste
1160 3931 1246 4008 fines
1277 3919 1396 4007 merito
1423 3930 1522 4005 illum
1550 3930 1713 4007 infestum

159 4053 195 4126 et
222 4073 361 4128 exosum
387 4051 603 4144 habentibus,
631 4057 667 4128 et
693 4052 751 4147 qui
779 4054 896 4128 contra
923 4052 1134 4127 Karimirum
1161 4050 1401 4147 Ouyaxiensem
1427 4053 1552 4127 Ducem
1573 4051 1627 4146 Η),
1655 4075 1712 4128 xe-

159 4173 215 4248 lut
241 4195 452 4249 communem
479 4176 609 4270 pestem
637 4177 672 4250 et
699 4174 871 4271 publicum
898 4176 1041 4266 hostem,
1072 4174 1189 4249 foedus
1215 4175 1250 4248 et
1276 4173 1470 4248 societatem
1499 4173 1710 4268 pepigerant,

159 4295 244 4369 item
271 4317 347 4370 cum
373 4296 525 4371 Romano
552 4295 623 4370 filio
650 4295 804 4371 Danielis
830 4295 937 4391 Regis
956 4294 1111 4386 Russiae,
1141 4317 1238 4388 quem
1267 4294 1304 4368 in
1331 4293 1383 4368 sui
1402 4289 1561 4369 solatium
1582 4291 1625 4388 ¹³)
1652 4295 1711 4369 Se·

159 4415 307 4491 moritus
332 4417 412 4490 Dux
437 4416 609 4492 Maeoniae
636 4439 713 4492 cum
740 4417 977 4492 Ruthcnorum
1013 4415 1165 4491 exercitu
1201 4415 1400 4506 adduxerat,
1438 4417 1563 4490 terram
1589 4413 1715 4516 Leuci-¹

159 4536 305 4613 cienscm
332 4537 482 4614 ciusdem
508 4537 675 4613 Karimiri
701 4538 805 4612 Ducis
840 4537 1060 4634 Duyuviensis
1086 4537 1270 4632 ingressus,
1309 4536 1344 4610 in
1371 4534 1444 4611 eius
1470 4534 1712 4611 exterminium

160 4661 196 4735 et
231 4659 444 4736 uastitatem
465 4661 537 4734 tem
573 4659 738 4736 incendiis
774 4682 875 4753 quam
912 4659 1031 4754 spoliis
1062 4660 1098 4734 et
1124 4658 1281 4734 caedibus
1316 4657 1497 4734 saeviebat.
1543 4656 1712 4732 Universa

159 4782 276 4855 autem
302 4780 513 4857 Lanciciensi
540 4781 692 4856 terrain
721 4781 880 4856 miseram
913 4780 1130 4856 solitudinem
1158 4782 1193 4856 et
1218 4778 1461 4871 calamitatem,
1490 4777 1593 4854 etiam
1620 4777 1711 4852 hosti

159 4903 444 4997 complexandum,
480 4904 628 4995 redacta,
665 4905 814 4978 castrum
851 4902 887 4978 in
914 4903 978 4978 illa
1008 4901 1198 4994 aedificant,
1236 4904 1271 4978 et
1297 4901 1407 4992 uallis,
1446 4897 1649 4994 fossatisque
1676 4899 1711 4974 et

271 5108 295 5192 ¹)
318 5111 431 5173 Saliecz
463 5111 521 5174 Ed.
551 5113 639 5188 Dipo.
681 5110 910 5190 ⁹)Opathouelx
943 5111 1014 5174 Ood.
1044 5112 1138 5172 Roer.
1177 5107 1204 5186 ³)
1227 5109 1336 5184 primas
1366 5125 1482 5182 quoqne
1515 5106 1586 5167 Ood.
1616 5107 1710 5166 Roer.

161 5211 189 5293 ⁴)
212 5215 413 5278 existimantes
436 5215 524 5278 facile
550 5213 622 5278 God.
646 5218 737 5278 Roer.
777 5213 803 5294 ⁵)
826 5222 924 5277 tamen
946 5215 1081 5278 01000110
1106 5212 1177 5277 dod.
1200 5212 1274 5276 Aut.
1312 5209 1339 5289 ο)
1361 5212 1453 5272 Ducis
1476 5210 1554 5272 decet
1576 5211 1612 5270 tu
1637 5207 1708 5272 coa.

159 5319 235 5384 Aut.
276 5316 302 5398 ⁷)
324 5321 541 5382 Hercobaldum
568 5319 637 5382 Ood.
661 5321 753 5381 Roer.
794 5317 1022 5398 ⁸)Hercoheldi
1049 5317 1119 5380 Occl.
1142 5319 1235 5379 Rcer'.
1275 5313 1304 5393 ⁹)
1329 5316 1522 5376 Cumanorum
1542 5314 1613 5377 ch.
1636 5313 1710 5375 Act·

164 5424 206 5504 ι1)
229 5421 340 5486 anxllia
364 5423 436 5487 Oud-
458 5425 552 5488 Rcer.
595 5423 638 5504 ιι)
659 5425 790 5494 Ducibus
818 5419 888 5494 Ocd.
911 5421 985 5489 Aut.
1028 5419 1070 5506 19)
1093 5422 1205 5483 Ducem
1228 5421 1305 5485 dccet
1327 5422 1363 5482 iu
1388 5418 1459 5482 Ood.
1482 5407 1557 5480 Aut.
1596 5407 1710 5496 ι1)οιοἰ-

159 5531 262 5598 xitum
280 5529 351 5594 Ood.
374 5531 468 5602 Roas,
