4192 6272
191 483 253 578 (A.
274 482 321 558 D.
342 481 463 578 1294.)
812 506 923 557 urrann
950 506 1144 560 seramus.
1666 489 1741 564 523

189 695 259 786 tur,
288 697 521 788 apparuerunt
549 694 650 789 signa
675 694 784 770 crucis
812 694 847 768 in
874 695 1038 787 omnibus,
1068 697 1103 770 et
1131 695 1331 790 ubicumque
1358 697 1467 787 erant,
1496 695 1598 772 etiam
1620 697 1746 772 inillis

189 815 409 911 spndenibus,
439 837 526 907 quae
552 817 780 891 condebantur
800 816 823 911 ¹)
850 815 886 890 in
914 817 985 890 suis
1011 815 1196 911 apothecis.
1224 817 1295 912 Quo
1322 818 1421 914 signo
1448 817 1530 910 uiso,
1560 819 1661 893 multi
1690 841 1745 895 eo-

190 961 266 1012 rum
295 939 435 1012 fuerunt
462 937 603 1012 turbati.
631 939 777 1033 Quorum
805 937 942 1032 quidam
969 938 1144 1031 dicebant,
1175 941 1262 1030 quod
1289 941 1352 1014 hoc
1378 941 1492 1015 luerat
1519 941 1645 1016 lectum
1674 941 1746 1016 dia-

189 1059 300 1134 bolica
332 1060 415 1150 arte,
445 1058 605 1134 nimirum
632 1081 707 1133 curn
735 1060 1004 1154 praedecessores
1030 1083 1144 1136 eorurn
1172 1062 1213 1136 de
1240 1061 1385 1152 Christo,
1417 1047 1564 1136 maxima
1582 1061 1746 1138 miracula

191 1181 337 1256 faciente
371 1181 443 1270 ,ln
470 1181 702 1256 Belzebub
729 1179 869 1270 elicit
895 1181 1160 1260 Daemonia“
1195 1182 1358 1274 (Mathaei
1387 1205 1473 1257 nono
1500 1183 1676 1278 capitulo),
1714 1183 1748 1258 id

191 1303 303 1397 ipsum
321 1301 522 1397 dicebautb.
541 1301 706 1377 Nonnulli
724 1302 935 1393 dubitabant,
955 1326 1021 1377 non
1039 1304 1202 1378 audentes
1220 1303 1324 1395 loqui,
1348 1327 1409 1379 nec
1423 1304 1552 1396 aliquid
1571 1305 1659 1380 circa
1686 1306 1748 1379 hoc

190 1424 349 1498 iudicare.
379 1421 449 1498 Alii
477 1445 555 1500 vero
582 1423 795 1499 crediderunt
837 1425 898 1500 hoc
938 1424 1073 1520 signum
1115 1425 1220 1499 fnisse
1260 1425 1331 1499 ueri
1367 1425 1493 1499 Christi
1520 1425 1684 1515 crucifixi,
1712 1429 1748 1502 et

193 1546 433 1640 disposuerunt
459 1567 494 1620 se
522 1545 564 1618 ad
591 1544 663 1620 eius
689 1545 789 1620 fidern
817 1567 891 1620 conr
919 1545 1087 1640 baptismo
1114 1545 1357 1642 recipiendarn;
1386 1546 1441 1620 isti
1471 1549 1582 1622 lamen
1611 1549 1749 1622 fuerunt

190 1667 299 1762 pauci,
318 1667 416 1742 iuxta
434 1665 521 1740 illud
538 1665 743 1759 (Hieremiae
757 1667 859 1741 tertio
877 1667 1053 1761 capitulo):
1082 1666 1332 1756 ,Assumam
1351 1689 1436 1759 uos,
1456 1691 1585 1741 unum
1612 1668 1661 1743 de
1689 1667 1745 1743 ci-

190 1789 354 1880 vitate,
374 1789 484 1862 duos
508 1787 558 1862 de
586 1787 868 1883 cognatione,
889 1791 986 1862 etc.“
1005 1790 1052 1862 Et
1069 1788 1321 1881 attondendum,
1341 1790 1427 1882 quod
1447 1789 1536 1863 inter
1554 1790 1636 1862 duos
1651 1812 1747 1884 prae·

194 1911 301 1984 dictos
327 1908 500 2000 terminos,
523 1908 580 2000 qui
609 1931 668 2004 per
695 1909 883 2004 praedictos
910 1910 1089 1985 Rabbones
1116 1909 1150 1983 in
1178 1909 1250 1983 suis
1276 1910 1373 1984 libris
1401 1911 1435 1985 et
1463 1911 1664 1985 tractatibus
1691 1931 1746 1984 as·

192 2031 322 2127 signati
349 2032 498 2122 fuerunt,
527 2031 595 2105 furit
621 2030 787 2106 terminus
815 2031 903 2105 alius
929 2053 950 2104 a
976 2031 1106 2106 duobus
1132 2031 1267 2106 Iudaeis
1300 2031 1336 2104 in
1362 2031 1549 2126 Hispania,
1579 2031 1637 2124 qui
1664 2033 1746 2106 Pro-

191 2155 315 2249 phetae
341 2152 552 2241 dicebantur,
580 2151 795 2246 assignatus:
838 2175 980 2246 quorum
1016 2175 1104 2226 unus
1141 2155 1214 2228 erat
1249 2153 1284 2226 in
1312 2152 1451 2230 ciuitate
1477 2151 1640 2227 abulensi
1669 2175 1745 2249 pro·
1836 2202 1840 2208 -

190 2275 321 2351 vinciae
348 2273 702 2368 compostellanensis,
732 2277 767 2349 et
793 2273 882 2348 alius
909 2274 944 2346 in
972 2273 1066 2365 villa,
1095 2297 1182 2365 quae
1208 2274 1334 2349 dicitur
1359 2273 1483 2370 Aylon,
1512 2275 1743 2369 Saguntinum·

191 2397 239 2472 sis
265 2395 418 2488 diocesis,
447 2395 705 2471 Theletanensis
741 2395 940 2490 provinciae.
987 2394 1051 2488 Qui
1079 2395 1212 2489 quidem
1240 2397 1305 2471 duo
1332 2399 1403 2470 tam
1433 2398 1604 2491 magnalia
1630 2397 1745 2491 loque·

191 2520 315 2593 bantur
342 2538 474 2611 semper
500 2515 715 2610 prophetice,
744 2515 822 2611 π’)
859 2516 1058 2608 quandoque
1084 2517 1202 2592 futura
1229 2517 1527 2612 prognosticabant
1554 2519 1588 2592 et
1616 2519 1747 2592 occulta

192 2640 396 2731 revelabant,
426 2638 607 2714 secundum
635 2661 760 2714 morem
788 2661 901 2714 eorum
929 2638 1069 2714 honeste
1095 2637 1264 2730 virebant,
1292 2637 1379 2731 quod
1398 2641 1440 2714 ab
1458 2639 1612 2714 omnibus
1625 2641 1746 2714 Iudae-

191 2761 220 2836 is
247 2760 395 2856 regionis
421 2761 668 2854 reputabantur
694 2781 826 2854 semper
851 2759 1054 2854 Prophetae.
1092 2760 1138 2834 Et
1174 2759 1233 2833 isti
1261 2759 1325 2833 duo
1366 2759 1625 2855 assignaverunt
1660 2763 1746 2835 tenr-

191 2905 254 2978 pus
281 2883 324 2958 ad
350 2881 529 2956 videndum
557 2881 694 2976 signum
720 2903 802 2956 suae
829 2879 1068 2976 redemptionis
1094 2880 1130 2954 in
1158 2903 1246 2955 anno
1263 2903 1284 2955 a
1304 2881 1474 2957 creatione
1506 2881 1622 2955 mundi
1641 2881 1745 2977 Quin-

191 3004 287 3097 quies
315 3002 494 3078 millesimo
509 3002 538 3096 ⁴)
577 3002 859 3098 quinquagesimo
899 3002 1030 3097 quinto,
1059 3003 1241 3077 seeundum
1282 3025 1395 3079 eornm
1436 3003 1743 3098 computationem:

190 3125 248 3220 qui
275 3123 419 3218 quidem·
437 3145 546 3197 annus
572 3123 741 3198 concmrit
767 3145 843 3200 cum
869 3145 957 3200 anno
996 3123 1131 3200 Domini
1167 3123 1348 3200 Millesimo
1375 3123 1602 3201 ducentesimo
1639 3148 1744 3201 nona·

190 3245 320 3342 gesimo
347 3243 467 3338 quinto
482 3244 521 3340 ⁵),
551 3243 732 3340 praesenti.

187 3611 380 3687 leudardus
408 3599 557 3687 lrdmlao
584 3613 737 3704 negusar
765 3615 856 3686 certa
882 3615 994 3686 eastra
1022 3617 1056 3686 et
1083 3612 1266 3703 districtus,
1295 3612 1355 3686 aad
1382 3617 1416 3687 et
1442 3616 1586 3686 aartruru
1604 3614 1744 3704 mpsim

665 3735 699 3808 tn
725 3735 870 3810 lusoria
897 3735 1060 3828 conquirit
1086 3739 1121 3809 ot
1147 3736 1267 3809 aurit.

285 3977 328 4050 In
341 3975 408 4052 fine
421 3974 544 4052 hiemis
556 3974 713 4050 Prussiae
727 3974 893 4070 Magister
907 3974 1147 4070 deneardum)
1165 3974 1348 4050 hostilibus
1362 3975 1466 4050 armis
1479 3975 1741 4052 terrashithua·

188 4099 266 4175 niae
292 4098 464 4189 invadens,
493 4098 575 4172 duos
598 4096 774 4171 districtus
801 4099 934 4171 Paston
961 4100 996 4172 et
1023 4096 1156 4173 Gersow
1170 4096 1199 4190 7)
1227 4097 1349 4171 iterum
1377 4099 1510 4190 uastat,
1538 4100 1574 4172 et
1600 4099 1748 4172 castrum

188 4218 430 4294 Lithuanicum
447 4217 623 4313 llingedin
641 4217 831 4293 bombardis
849 4217 962 4310 quatit
980 4220 1015 4293 et
1033 4217 1223 4313 impugnat.
1249 4219 1386 4292 Duobus
1412 4221 1526 4294 autem
1553 4219 1674 4293 castris
1693 4219 1744 4293 in·

188 4339 368 4416 ferioribus
394 4339 595 4434 conquisitis
621 4342 657 4414 et
683 4339 835 4431 onustis,
865 4341 944 4412 durn
971 4339 1065 4414 tertii
1101 4338 1311 4435 expugnatio
1351 4339 1525 4414 difficilior
1559 4339 1742 4430 rideretur,

188 4461 333 4557 captiuis
359 4461 607 4536 Lithuanorum
634 4461 669 4534 in
697 4460 854 4536 Prussiae
882 4463 994 4536 castra
1020 4460 1182 4552 remissis,
1211 4462 1255 4536 ad
1282 4462 1432 4537 castrum
1450 4463 1599 4558 Wpsuen
1615 4463 1643 4557 ⁸)
1670 4464 1742 4537 lda-

189 4583 299 4659 soriae
326 4581 429 4658 Ducis
454 4582 605 4658 Boleslai
631 4582 818 4658 exercitum
845 4581 958 4673 ducit,
988 4582 1142 4673 illudque
1177 4581 1276 4656 iuxta
1311 4604 1350 4658 ao
1376 4582 1587 4658 barbaricum
1615 4587 1651 4659 et
1678 4584 1738 4658 ho·

190 4705 281 4796 stile,
309 4705 487 4799 propterea
513 4703 602 4797 quod
627 4701 792 4779 lithuani
827 4703 864 4777 in
890 4725 929 4778 eo
968 4704 1140 4780 habebant
1174 4705 1426 4800 receptaculum
1461 4711 1497 4779 et
1533 4705 1745 4799 frequentius

189 4825 294 4902 etiarn
320 4848 364 4902 err
390 4824 452 4900 illo
478 4827 588 4901 terras
628 4823 788 4901 Poloniae
823 4826 859 4901 et
885 4824 1044 4902 Prussiae
1084 4825 1315 4918 infestabant,
1357 4828 1533 4922 oppugnat
1573 4828 1650 4919 (nec
1676 4827 1743 4902 Bo·

302 5141 326 5220 ¹)
349 5142 551 5204 condebantur
573 5143 651 5206 deest
671 5145 707 5204 io
726 5141 797 5204 coa.
820 5141 894 5204 Aut.
919 5141 948 5222 ⁹)
970 5144 1001 5203 id
1023 5145 1120 5218 ipsum
1144 5143 1282 5204 dicebant
1296 5143 1422 5205 secuse
1440 5142 1511 5206 Ood.
1528 5140 1602 5203 Act.
1627 5139 1654 5219 ³)
1672 5143 1744 5203 Pro·

189 5247 306 5322 phetae,
328 5253 363 5306 at
387 5245 458 5310 eoo.
481 5249 574 5310 Beer.
599 5242 625 5325 4)
648 5247 683 5307 V.
705 5248 859 5307 millesimo
879 5246 949 5310 God.
965 5245 1039 5309 Act.
1061 5247 1200 5308 videlicet
1213 5248 1369 5308 millesimo
1391 5247 1461 5309 Cod.
1478 5249 1570 5308 Roer.
1596 5242 1625 5324 ⁵)
1640 5251 1745 5320 quarto

195 5350 266 5412 God.
290 5351 381 5412 Rorr.
413 5347 634 5430 ⁶)Moinardns
656 5351 716 5413 Ed.
743 5351 831 5427 arpo.
863 5347 1047 5429 ⁷)Pasthou
1070 5356 1101 5413 et
1124 5351 1273 5414 Gierszow
1300 5350 1371 5415 Ood.
1394 5353 1489 5414 Rorr.
1521 5347 1548 5428 ⁸)
1585 5351 1744 5413 Wiznense

196 5453 268 5520 coa.
290 5455 383 5518 Rorr.
