4140 6298
989 513 1101 634 ciana
1128 580 1282 635 saxeus.
1640 557 1702 654 (Α.
1722 557 1769 634 Β.
1789 555 1908 652 lm)

617 978 776 1055 luctatio
804 979 996 1054 nonasterii
1023 980 1160 1054 matrum
1186 979 1448 1055 medicatorum
1474 980 1508 1052 in
1534 980 1652 1054 italica.

461 1256 562 1354 Apud
580 1255 826 1333 Halioaionsem
847 1255 1021 1334 civitatem
1048 1255 1289 1334 monasterium
1316 1257 1461 1333 fratrum
1488 1256 1759 1334 Praedicatcrum
1781 1256 1805 1350 ¹)
1832 1255 1908 1332 luu-

362 1381 472 1476 datur,
500 1383 536 1458 et
562 1382 686 1456 fratros
712 1378 903 1476 prouinciae
929 1378 1110 1456 Polonioae
1137 1381 1271 1455 domurn
1300 1379 1373 1456 illio
1399 1379 1582 1476 accipiunt.

462 1503 584 1578 Petrus
610 1501 802 1578 Plocaeusis
828 1501 1015 1597 episcopus,
1044 1524 1120 1577 cum
1146 1501 1246 1577 aunis
1271 1525 1331 1594 sex
1356 1502 1510 1594 sedisset,
1548 1525 1592 1576 ex
1627 1501 1709 1578 uitio
1741 1501 1911 1596 pulmonis

360 1624 512 1717 moritur,
550 1626 585 1700 et
612 1623 647 1698 in
674 1623 816 1700 ecclesio
839 1623 1011 1700 Ploozeusi
1039 1624 1152 1698 debito
1187 1625 1312 1700 honore
1348 1624 1549 1716 tumulatus,
1586 1623 1755 1699 Andream
1791 1623 1912 1698 habuit

359 1767 585 1823 successorem
611 1768 631 1820 a
658 1744 846 1823 Guesnensi
874 1745 1124 1842 archiepiscopo
1142 1746 1302 1838 Falcone,
1331 1745 1476 1822 Ounradi
1495 1745 1663 1822 Masouiaa
1690 1747 1725 1822 et
1746 1743 1912 1841 Ouyauiae

359 1868 463 1944 Ducis
489 1867 668 1944 accedente
703 1889 878 1959 consensu,
915 1866 1162 1943 confirmatum.
1208 1868 1275 1942 Hic
1301 1866 1454 1943 Andreas
1488 1867 1715 1943 Oracouiensis
1749 1866 1912 1942 ecclesiae

358 1989 601 2080 scholasticus,
630 1989 754 2064 nobilis
781 2011 905 2086 genere
932 1990 973 2064 de
1000 1990 1096 2064 domo
1123 1991 1158 2064 et
1186 1989 1328 2081 familia,
1356 2013 1442 2082 quae
1468 1989 1651 2065 maironem
1678 1989 1799 2080 defert,
1827 1989 1911 2082 οῖ’)

358 2114 449 2188 terra
475 2114 511 2186 et
536 2111 672 2206 regione
698 2110 908 2188 (tracouieusi
936 2113 971 2186 ot
997 2133 1041 2185 ex
1068 2111 1151 2185 uilla
1177 2111 1396 2188 Braescnicua
1423 2114 1533 2201 ortus,
1563 2111 1655 2186 filius
1682 2111 1786 2186 Marci
1815 2111 1910 2206 pola·

243 2220 251 2241 '
358 2232 423 2310 tiui
450 2232 688 2310 cracoviensis.

654 2745 708 2758 Ι,
809 2593 1018 2709 nunus
1053 2593 1280 2708 nouum
1319 2593 1460 2709 reas.

359 2843 561 2922 illaiiolauu
588 2844 716 2920 ottonis
742 2845 868 2918 llucatu
895 2861 955 2918 ouo
982 2844 1147 2937 priuatus,
1174 2845 1207 2918 in
1233 2845 1334 2918 axilio
1362 2843 1449 2938 apui
1476 2861 1641 2934 oooorun,
1673 2861 1819 2918 nocrora
1846 2862 1913 2916 cou-

359 2971 479 3060 repono,
506 2966 634 3040 luctus
660 2967 738 3042 illlis
765 2967 910 3056 relictio,
942 2968 1080 3040 noritur
1104 2971 1140 3040 ct
1166 2967 1199 3040 iu
1226 2967 1400 3040 ecclesian
1427 2965 1677 3040 loouauiouacuu
1705 2964 1912 3058 sepeliantur

1065 3090 1210 3164 retertur.

463 3331 674 3410 Wlaolislaus
700 3331 835 3407 Ottonis
861 3331 1010 3408 lloioris-
1025 3330 1184 3408 Polonias
1210 3332 1289 3406 Dux
1316 3353 1377 3427 per
1398 3329 1582 3408 Hosticum
1614 3351 1690 3407 oum
1708 3331 1823 3423 barba,
1853 3331 1911 3404 loa·

360 3476 479 3528 nouum
502 3452 644 3529 ,Maioris
671 3452 829 3530 Poloniae
861 3453 1043 3531 uniuersali
1079 3453 1262 3530 annuentis
1287 3455 1323 3530 ot
1346 3452 1597 3548 conspiratione
1624 3453 1665 3526 cle
1692 3453 1826 3528 Ducatu
1853 3473 1911 3526 suo

359 3575 486 3652 eiectus
502 3573 541 3671 ³),
570 3576 710 3652 inertem
738 3574 877 3652 Hernici
904 3598 979 3651 oum
1013 3578 1126 3667 barbo,
1156 3575 1263 3652 hostis
1289 3577 1324 3651 et
1351 3573 1580 3670 competitoris
1606 3574 1671 3666 sui,
1704 3575 1834 3648 nullam
1861 3572 1912 3650 ui·

360 3699 442 3774 dens
468 3700 567 3774 robus
593 3697 874 3791 commoditatem,
907 3720 1008 3790 quarn
1035 3699 1240 3794 sperauerat,
1277 3698 1446 3792 attulisse,
1482 3697 1579 3794 graui
1607 3697 1719 3772 dolore
1745 3697 1782 3772 ot
1809 3697 1911 3770 mole·

359 3820 429 3896 stia
456 3822 632 3916 propteroa
666 3821 773 3911 actus,
810 3819 902 3915 apud
936 3842 1084 3896 socerum
1122 3821 1434 3915 Suantopcllronem
1462 3820 1497 3894 in
1524 3819 1722 3896 Pomorauia
1755 3819 1911 3907 exulans,

359 3943 556 4038 languorem
592 3941 774 4031 contrahit,
803 3943 838 4017 et
865 3941 956 4015 infra
982 3963 1105 4037 paucos
1132 3941 1205 4016 dies
1232 3943 1330 4017 rebus
1357 3941 1495 4018 exuitur
1530 3941 1698 4016 humanis.
1743 3939 1912 4035 Corpus⁴l

355 4063 515 4140 ,exanime
542 4063 608 4157 (itu
634 4063 723 4140 euim
752 4063 935 4138 moriturus
961 4065 1154 4159 rogaverat)
1176 4063 1211 4138 in
1230 4064 1433 4140 Posuaniam
1459 4064 1652 4170 adductum,
1681 4063 1715 4136 in
1734 4061 1913 4158 sepulchro

360 4187 495 4280 patrum
522 4187 558 4260 et
584 4208 720 4262 aeonum
749 4207 896 4277 sucrum,
925 4186 1058 4280 Regum
1085 4187 1120 4260 et
1147 4185 1342 4281 Principum
1369 4186 1539 4278 Polouiae,
1568 4186 1603 4260 in
1625 4185 1768 4262 ecclesia
1794 4183 1911 4260 maiori

359 4306 591 4400 Posuuuiensi,
629 4306 849 4402 peronittonte
875 4307 1022 4383 Haurico
1049 4307 1109 4382 Pio
1135 4307 1272 4382 Maioris
1299 4309 1459 4383 Poloniuc
1485 4309 1520 4383 et
1547 4306 1675 4384 Slesiae
1701 4308 1806 4399 Duce,
1833 4307 1911 4384 oca

359 4430 474 4520 coquo,
490 4428 598 4504 matre
624 4427 772 4524 Heduigi
800 4428 994 4520 mandante,
1023 4429 1177 4523 exequiis
1204 4429 1293 4504 iusto
1315 4430 1440 4505 honore
1458 4429 1615 4524 peractis,
1642 4429 1819 4504 humatum
1846 4429 1909 4503 ost.

359 4550 441 4624 Post
467 4549 564 4624 cuius
591 4551 732 4626 mortem
759 4551 907 4626 castrum
934 4549 1128 4626 Guesnanse
1156 4549 1334 4642 militibus,
1362 4551 1421 4643 qui
1440 4551 1475 4624 iro
1494 4550 1590 4626 illius
1617 4550 1785 4646 praesidio
1802 4551 1910 4640 eraut,

359 4671 463 4766 longa
489 4691 549 4765 spo
576 4671 745 4767 litigatis,
778 4671 813 4748 in
841 4671 976 4767 plenam
1004 4672 1207 4748 deditionem
1234 4672 1372 4748 Haurici
1401 4672 1454 4748 Pii
1481 4673 1586 4752 uenit.
1616 4671 1772 4764 Reliquit
1797 4673 1909 4746 auteur
1947 4749 1950 4753 ,

359 4790 571 4870 Wlaolislaus
598 4793 733 4868 Ottcnis
759 4794 843 4868 duos
870 4791 958 4868 lilios
985 4815 1028 4867 ex
1056 4817 1166 4869 sorore
1181 4795 1210 4889 ⁶)
1237 4795 1528 4890 Suantopelkonis
1554 4793 1725 4889 Helioga,
1761 4791 1821 4886 qui
1847 4791 1909 4866 sibi

358 4914 526 5009 Ducatum
553 4915 772 4991 Pomoraniae
799 4915 930 5009 fulsc⁶l
958 4919 1197 5010 usurparerat,
1226 4917 1378 5011 genitos,
1415 4915 1573 4994 uidelicet
1608 4913 1852 5000 Praemislaunu
1877 4915 1912 4989 ot

357 5021 572 5130 Bolaslaum,
593 5037 735 5112 duorum
762 5038 996 5112 tantummodo
1011 5039 1194 5112 castrorum
1222 5059 1297 5112 cum
1325 5038 1396 5112 suis
1414 5037 1589 5134 appondiis
1599 5037 1639 5134 ⁷),
1668 5037 1826 5114 uidelicet
1843 5038 1910 5118 Na
2044 5091 2052 5110 .

467 5329 491 5410 ¹)
514 5333 626 5394 ordinis
647 5331 888 5396 Praedicatorum
913 5331 984 5394 Οοᾱ.
1007 5333 1101 5394 Reor.
1137 5329 1164 5410 ⁹)
1187 5331 1298 5393 familia
1320 5333 1502 5406 Griphonum
1524 5333 1561 5394 dc
1583 5333 1645 5396 Eu.
1667 5335 1763 5396 Dour.
1794 5329 1912 5413 ³)pu1·

358 5453 409 5498 aus
431 5437 492 5498 Ed.
515 5438 610 5500 Βοῦν.
643 5433 673 5517 ⁴)
695 5437 785 5498 Cuius
808 5454 914 5512 corpus
941 5437 1012 5498 Cod.
1036 5437 1128 5498 Βοῦν.
1162 5433 1190 5516 ⁵)
1214 5438 1274 5496 lilia
1300 5436 1368 5498 Ocd.
1391 5435 1464 5498 Aul.
1496 5434 1526 5517 ⁰)
1548 5437 1609 5498 filio
1631 5439 1691 5500 Ed.
1713 5439 1808 5500 Dour.
1837 5434 1911 5515 ⁷)e·

358 5557 441 5602 orum
463 5542 628 5602 attinentiis
655 5540 725 5605 (lod.
748 5541 839 5606 acer.
