4162 6288
994 515 1106 570 umus
1132 515 1326 570 sneunrus.
1667 493 1729 586 (a
1749 491 1796 567 ὓ·
1817 491 1935 587 Ιῖἶῖὲ)
2039 586 2041 591 .

866 912 1018 984 lmtbeui
1046 933 1065 983 e
1092 912 1263 984 cruciferis
1289 913 1473 984 uincuntur..

496 1187 632 1260 Duobus
659 1185 843 1260 comitibus
870 1185 918 1258 de
937 1186 1049 1259 lulioh
1077 1188 1112 1258 ot
1139 1187 1179 1259 de
1206 1187 1324 1260 Morka
1351 1185 1385 1258 in
1414 1185 1585 1259 Prussiam
1612 1207 1688 1258 cum
1715 1184 1874 1279 gentibus
1901 1185 1938 1258 iu

394 1308 447 1381 die
474 1308 589 1380 Sancti
617 1307 798 1394 Vincentii,
829 1307 864 1379 in
892 1307 1051 1380 solatium
1073 1307 1097 1399 ¹)
1123 1307 1282 1379 Fratrum
1317 1293 1580 1394 Grueiferorum,
1618 1306 1676 1397 qui
1708 1305 1775 1380 iam
1803 1305 1937 1382 biennio

394 1428 526 1523 integro
565 1449 686 1522 graves
713 1431 748 1500 et
774 1427 926 1502 assiduus
953 1428 1063 1502 clades
1091 1450 1111 1501 a
1137 1427 1320 1500 Prntbenis
1347 1428 1497 1501 barbaris
1525 1428 1744 1521 pertulerant,
1773 1427 1938 1503 uenienti·

395 1552 467 1638 bus,
496 1550 632 1623 aciebus
659 1548 824 1622 ordinetis
853 1549 884 1620 in
912 1550 1038 1622 terram
1075 1548 1302 1622 Sumbiensem
1329 1548 1370 1621 iit
1396 1550 1586 1622 descensus.
1631 1548 1700 1622 Nee
1727 1548 1939 1622 Sambienses

394 1669 619 1743 detrectavere
648 1691 808 1762 pugnam,
845 1671 1122 1759 oecurrentesque
1148 1669 1412 1742 Christianorum
1440 1668 1603 1743 exercitui
1641 1668 1800 1743 acerrime
1840 1669 1938 1742 dimi·

344 1885 347 1890 .
393 1793 482 1879 eant,
512 1791 553 1862 ad
581 1792 767 1863 extremum
796 1793 910 1862 tanuen
933 1789 1051 1862 multis
1079 1789 1157 1862 hino
1185 1789 1261 1862 inde
1287 1790 1495 1880 sedentibus,
1525 1791 1705 1864 uincuntur
1732 1790 1877 1878 barberi,
1904 1793 1940 1864 et

395 1913 436 1984 ed
464 1911 581 1985 uillam
609 1911 761 1983 Sidonem
777 1909 805 2002 ²)
832 1910 1027 2004 diffugiunt,
1057 1911 1111 1983 ubi
1135 1910 1321 2015 xcertamine
1349 1911 1518 1998 innovato,
1547 1911 1671 1984 residui
1698 1910 1937 2005 confligrmtur,

394 2033 429 2104 et
456 2031 634 2106 drueifmis
661 2032 762 2124 plena
788 2030 890 2104 cessit
917 2031 1067 2104 uictoria.

615 2395 793 2469 duerueuri
820 2393 1062 2486 archiepiscopo
1090 2397 1227 2478 monuo,
1254 2411 1314 2466 uer
1341 2395 1435 2466 ruuir
1462 2393 1558 2466 redes
1584 2393 1723 2468 recent.

499 2634 674 2708 Iaunssius
701 2634 906 2710 Gnosuerrsis
933 2634 1215 2728 archiepiscopus
1244 2657 1318 2708 oum
1346 2655 1450 2708 annos
1478 2633 1648 2707 duodecim
1676 2633 1711 2708 iu
1739 2633 1939 2727 pontificatu

396 2757 577 2850 exegisset,
606 2757 747 2830 moritur
773 2759 808 2830 et
840 2756 874 2828 in
895 2756 1036 2830 eeclesia
1053 2755 1237 2830 dnesnonsi
1262 2756 1436 2848 sepelitur,
1464 2755 1622 2829 uicesima
1648 2756 1748 2829 sexta
1773 2755 1829 2828 die
1849 2777 1938 2829 men·

396 2878 442 2950 sis
468 2876 616 2970 Augusti
644 2880 743 2949 rebus
770 2879 968 2970 absumptus
1003 2878 1173 2948 burnunis.
1220 2878 1300 2949 Post
1334 2876 1429 2948 ouius
1466 2879 1606 2949 moriem
1636 2875 1717 2949 lieet
1743 2875 1938 2970 Capitulum

395 2997 590 3072 Goesnonss
616 2997 812 3071 electionem
839 2998 1046 3087 celebrando,
1076 2997 1302 3072 Gnesuensem
1330 2996 1558 3090 praepositum
1586 2996 1782 3090 Philippum
1805 3018 1938 3071 eoncor-

396 3117 485 3192 diter
510 3119 546 3192 et
570 3118 728 3193 canonice
754 3119 923 3213 elegisset,
962 3118 1081 3194 electio
1117 3120 1230 3192 tamon
1267 3140 1337 3208 sua,
1378 3120 1413 3192 et
1440 3119 1576 3212 propter
1604 3117 1699 3190 Sedis
1724 3116 1938 3210 spostolicae

395 3240 589 3330 frequentes
616 3242 650 3313 et
678 3239 856 3314 diuturnus
882 3240 1075 3315 uacationes
1102 3242 1137 3314 et
1164 3241 1300 3334 proptor
1325 3239 1412 3313 alius
1439 3260 1568 3328 causes,
1597 3237 1745 3312 nonfuit
1762 3237 1938 3312 confirme-

395 3363 444 3434 ta.
486 3360 695 3455 Quapropter
722 3361 861 3438 eeclesia
887 3361 1092 3436 Gnesoensis
1119 3361 1217 3434 annis
1244 3361 1376 3434 circiter
1403 3381 1474 3445 sex,
1516 3361 1578 3433 sub
1604 3359 1728 3450 quibus
1756 3359 1937 3454 magnoin

396 3480 466 3555 suis
492 3482 589 3556 bonis
616 3483 758 3578 pertulit
785 3482 971 3578 dispendia,
999 3482 1137 3558 uiduata
1162 3482 1302 3558 extabat
1328 3482 1473 3575 pastore.

397 3841 603 3936 diogorieuri
630 3847 709 3919 lluci
736 3847 840 3918 ultore
868 3865 951 3918 uror
977 3847 1128 3918 moritur:
1165 3847 1259 3917 cuiue
1286 3845 1440 3917 dotalitia
1477 3847 1561 3918 boue
1597 3863 1713 3936 perere
1744 3849 1881 3937 occupet
1906 3849 1940 3917 ct

575 3955 583 3978 ⁸
827 3965 1070 4056 ercirepiucepo
1098 3964 1362 4056 llugdeburgenei
1391 3965 1509 4038 uendit.

501 4204 753 4278 Breviuseulam
781 4207 816 4277 et
842 4227 906 4276 non
935 4203 1130 4276 diutumam
1157 4203 1330 4278 Gunradus
1365 4203 1600 4298 (lingoniensis
1627 4205 1704 4278 Dux
1730 4204 1938 4298 uoluptatem

396 4326 503 4399 altero
540 4324 751 4398 matrimonio
786 4327 967 4418 expertus,
1004 4325 1189 4418 Brigittum
1226 4326 1405 4398 secundam
1442 4346 1597 4418 sponsam
1635 4346 1729 4398 suam
1765 4324 1938 4398 'dheodrici

396 4445 600 4520 Merebiouis
626 4445 823 4518 Misenensis
850 4445 1011 4538 superiori
1038 4468 1127 4518 auno
1154 4445 1343 4518 traductum
1364 4445 1481 4532 lilium,
1510 4446 1580 4518 fsto
1608 4446 1829 4538 interceptam
1856 4446 1937 4519 ami·

397 4565 455 4638 sit.
500 4564 642 4639 Genitor
667 4567 779 4638 autem
809 4565 904 4638 illius
930 4565 1135 4638 Theodrions
1161 4565 1310 4638 Merehio
1336 4565 1546 4654 Misenensis,
1575 4567 1681 4640 morte
1708 4565 1800 4639 filiae
1827 4566 1937 4660 cogni·

396 4689 444 4774 tu,
473 4685 600 4758 dotalia
628 4685 722 4758 illins
749 4687 845 4776 bona,
875 4707 934 4778 per
960 4685 1151 4758 dunrudum
1179 4686 1433 4779 (lingoniensem
1467 4688 1590 4758 Ducem
1618 4687 1791 4781 inscripta,
1820 4687 1936 4761 videli-

397 4809 449 4880 cet
490 4807 689 4896 Krosznam,
728 4806 951 4899 dreylenston
968 4803 996 4900 3)
1027 4809 1062 4879 et
1090 4805 1202 4896 Pruin,
1240 4807 1352 4880 missis
1388 4807 1600 4896 officialibus,
1638 4808 1790 4882 cunrado
1817 4807 1937 4902 Glogo-

395 4928 502 5002 vionsi
530 4929 621 5001 Duos
648 4927 869 5017 nequicquam
899 4927 1107 5019 prohibente,
1137 4931 1288 5021 occupet.
1317 4930 1362 5000 Et
1381 4928 1514 5000 illorum
1545 4930 1664 5002 nectus
1687 4929 1937 5022 possessionem,

395 5049 548 5122 Gunrado
575 5048 822 5142 archiepiscopo
858 5047 1139 5141 magdeburgensi
1177 5048 1266 5122 dieto
1297 5049 1338 5122 de
1365 5049 1576 5143 Steymberlr,
1614 5073 1653 5122 ea
1680 5049 1715 5122 in
1743 5050 1855 5124 decem
1882 5049 1937 5122 do·

395 5192 550 5244 renerum
589 5169 740 5243 millibus
775 5169 891 5242 rendit
927 5171 963 5241 et
998 5169 1139 5262 obligat,
1177 5173 1211 5241 et
1239 5169 1348 5262 ipsum
1376 5170 1564 5243 Ounrudum
1593 5169 1878 5264 arehiepiscopum
1904 5173 1938 5242 st

507 5428 530 5508 ¹)
553 5432 692 5490 auxilium
718 5429 788 5490 Ood.
810 5430 903 5490 Beer.
942 5427 1123 5506 ⁹)Sk1uuen
1146 5429 1204 5489 Ed.
1227 5429 1313 5503 Lips.
1354 5426 1380 5505 ³)
1404 5429 1608 5503 Greiiensteyn
1631 5431 1690 5490 Ed.
1713 5430 1801 5506 Ia'ps.
