4208 6282
316 539 317 546 Ν
402 509 473 586 118
1026 529 1137 581 arnna
1163 528 1314 582 sununs.
1680 503 1741 600 (Α.
1763 505 1808 581 Β.
1822 505 1939 612 Ι1184.)

398 719 507 793 slaum
533 719 659 794 Ducem
685 716 875 812 scripserat,
911 718 1076 809 reuocata,
1114 719 1288 812 paternam
1315 716 1557 792 ordinationem
1584 718 1694 791 rutam
1720 738 1790 792 esse
1816 715 1935 806 uoluit,

397 841 450 915 illi
478 862 608 934 quoquo
634 842 669 915 et
695 861 775 914 suae
801 839 989 914 uoluntatis
1005 842 1126 946 robur,
1155 842 1194 913 ut
1221 861 1316 914 nemo
1343 841 1475 934 praeter
1501 837 1711 913 Kauimirum
1729 837 1791 913 sibi
1814 839 1836 934 ¹)
1862 860 1936 912 suc-

398 962 537 1054 cederet,
574 960 707 1052 adiecit,
745 964 883 1038 barones
918 964 1110 1056 quoquest
1139 983 1288 1057 proceres
1323 983 1399 1036 suos
1435 959 1678 1037 ordinationem
1713 957 1820 1057 ipsam
1847 963 1938 1036 caste

397 1087 586 1162 servaturos
613 1107 696 1160 nouo
723 1084 931 1159 sacramento
963 1083 1106 1159 addixit.

499 1199 648 1282 iaroslao
675 1204 884 1282 Isnaslauicu
910 1206 1093 1302 Kycuiensi
1120 1207 1210 1282 Duco
1236 1207 1390 1298 obeunte,
1411 1205 1663 1280 Sluentlioslaus
1681 1204 1934 1301 linirup'ecrien·

396 1330 443 1405 sis
468 1331 548 1405 Dux
574 1329 799 1425 Kpouieusem
825 1327 949 1424 accipit
974 1329 1205 1425 Principatum
1221 1328 1259 1423 Ἰ).
1288 1330 1357 1404 Sub
1384 1328 1471 1402 idem
1498 1331 1631 1424 tempus
1646 1325 1674 1422 3)
1701 1331 1822 1422 quarta
1848 1327 1937 1403 deoi-

397 1477 452 1528 ma
478 1451 569 1526 Iunii
594 1451 764 1527 llichalko
790 1452 868 1534 Dux
894 1449 1177 1552 Wladimiriensis
1203 1451 1301 1527 obiit:
1329 1450 1382 1525 cui
1409 1451 1515 1526 frater
1542 1472 1622 1524 suus
1648 1450 1874 1526 Wsueuoldus
1901 1450 1935 1524 in

396 1597 510 1650 ornnes
536 1575 686 1649 Ducatus
712 1572 871 1672 succedit,
917 1573 1022 1669 Quem
1047 1573 1222 1648 Metislcus
1252 1572 1484 1648 Rostislauicn
1500 1571 1527 1667 ⁴)
1554 1595 1574 1647 a
1600 1571 1744 1664 sedibus,
1772 1594 1857 1666 quae
1885 1571 1938 1646 illi

397 1699 617 1792 provenerant
631 1695 671 1791 ⁵),
698 1696 907 1786 turbaturus,
936 1717 1011 1770 cum
1038 1695 1242 1771 Rostcuccis
1267 1697 1385 1770 contra
1407 1693 1505 1769 illum
1523 1693 1695 1790 consurgit
1708 1693 1748 1789 θ),
1777 1697 1813 1769 οῦ
1830 1693 1939 1769 uictus

397 1818 650 1894 aWsneuoldo
678 1817 713 1891 in
739 1818 874 1893 Rostou
900 1819 935 1894 et
962 1817 1080 1893 deinde
1106 1816 1142 1892 in
1169 1818 1344 1893 Nouohrod
1358 1816 1386 1912 i)
1414 1817 1552 1912 refugit.
1581 1818 1632 1892 Ea
1658 1819 1770 1892 nutem
1797 1815 1939 1893 victoria

395 1941 624 2017 Wsueucldus
652 1943 792 2032 erectus,
820 1939 914 2014 radit
941 1942 1057 2016 contra
1083 1941 1207 2015 Ducem
1235 1939 1270 2014 in
1297 1941 1439 2031 Itonion,
1475 1940 1601 2016 habeus
1628 1938 1663 2013 in
1690 1937 1851 2014 minitatu
1878 1962 1937 2014 suo

396 2087 462 2139 non
489 2063 641 2159 proprius
668 2063 899 2138 tantummodo
926 2065 1057 2158 gentes,
1085 2063 1142 2138 sed
1161 2066 1196 2138 ct
1215 2063 1296 2138 duos
1314 2062 1403 2138 filios
1421 2061 1643 2137 Suenthcslai
1661 2059 1898 2140 Wszeuoldicn
1910 2061 1938 2154 8)

396 2183 738 2280 KyoriensisDucis,
766 2185 888 2260 Olham
915 2183 1212 2276 ethadimirum,
1241 2187 1276 2260 et
1302 2187 1455 2280 nepotem
1483 2207 1580 2259 suum
1598 2183 1835 2260 Wladimirum
1854 2183 1938 2258 Hle·

395 2307 515 2383 bouicn
542 2309 668 2384 Ducem
704 2306 1018 2383 Pereaslasiensem.
1064 2308 1154 2383 Hleb
1189 2309 1302 2382 autem
1337 2309 1413 2381 Dux
1449 2307 1670 2382 Rescaneusis
1707 2306 1830 2383 callido
1858 2328 1940 2380 usus

395 2430 544 2524 consilio,
581 2429 764 2526 assumptis
800 2430 835 2504 iu
871 2429 1030 2505 solatium
1057 2429 1109 2505 sui
1126 2431 1153 2525 9)
1181 2429 1369 2521 Poloucuis,
1407 2428 1596 2504 interram
1632 2428 1939 2506 Wladimirionsem

396 2575 535 2649 propere
561 2553 700 2629 accessit
727 2554 762 2628 et
789 2552 885 2627 illam
912 2552 1084 2645 incendiis,
1101 2552 1256 2628 caedibus
1283 2554 1318 2626 et
1343 2551 1463 2648 spoliis
1488 2551 1570 2628 adeo
1596 2551 1824 2628 crudelissime
1849 2551 1939 2626 aflli-

396 2675 460 2768 xit,
489 2679 528 2751 ut
554 2674 721 2767 ecclesias,
751 2675 954 2751 monasteria
979 2679 1015 2750 et
1041 2674 1212 2751 ministros
1237 2673 1308 2750 eius
1334 2675 1488 2750 cornibus
1515 2673 1632 2770 spoliis
1659 2677 1694 2751 et
1727 2673 1940 2750 contumeliis
2002 2751 2004 2759 ,

396 2798 556 2874 alliceret.
584 2798 654 2893 Quo
674 2797 718 2892 ¹⁰)
745 2797 809 2873 eibi
836 2797 914 2872 Dux
941 2798 1167 2874 Wszeuoldus
1194 2796 1390 2872 denuntiato
1408 2797 1461 2892 Η),
1489 2797 1610 2873 festine
1636 2821 1680 2873 ex
1706 2796 1868 2873 Meuania
1887 2819 1939 2872 re·

395 2921 501 3012 diens,
529 2943 605 2996 cum
632 2921 722 2995 Hleu
740 2923 775 2995 et
795 2920 973 2996 Polouczie
999 2920 1161 3017 confligit,
1191 2920 1345 3016 ipsosque
1371 2943 1436 2994 non
1456 2919 1528 2996 siue
1546 2919 1720 3012 utriusque
1738 2919 1847 3015 partis
1866 2941 1939 2996 cae·

396 3044 436 3119 de
464 3065 587 3139 magna
612 3041 770 3136 devincit,
799 3045 834 3118 ct
861 3041 949 3118 Hleb
985 3043 1109 3118 Ducem
1145 3044 1390 3118 Reszanensem
1417 3045 1452 3120 at
1477 3042 1587 3118 lilium
1613 3065 1710 3117 suum
1737 3043 1938 3134 Romanum,

396 3169 432 3241 et
457 3168 597 3240 fratrem
625 3163 740 3240 uxoris
766 3187 845 3240 suae
864 3163 906 3260 ¹²)
933 3164 1126 3241 listislaum
1153 3163 1446 3260 Rostielauicz¹³)‚
1476 3167 1511 3242 et
1537 3165 1618 3240 duos
1645 3166 1782 3260 nepotes
1808 3163 1939 3258 suos¹⁴l

394 3287 586 3362 llstielaum
612 3289 647 3362 et
673 3286 955 3382 Iaropollrum¹⁵),
978 3289 1013 3362 et
1031 3310 1161 3362 omnem
1188 3286 1260 3363 eius
1286 3287 1446 3362 militiam
1473 3287 1632 3382 captivat,
1661 3288 1846 3362 Polouczos
1864 3308 1941 3362 vero

395 3410 496 3501 delet,
525 3407 646 3486 occidit
672 3411 707 3484 ct
734 3409 892 3485 trucidat.
922 3411 1081 3485 Processu
1101 3409 1221 3485 deinde
1238 3409 1398 3504 temporis
1424 3411 1513 3486 Hleb
1541 3411 1664 3485 Ducem
1691 3409 1940 3484 Reszauensem

396 3531 431 3607 in
458 3555 587 3608 carcere
614 3531 697 3606 mori
724 3530 825 3620 lecit;
863 3534 1000 3628 nepotes
1027 3555 1103 3609 uero
1130 3531 1225 3608 illius
1251 3531 1441 3608 Mstislaum
1468 3535 1503 3608 et
1530 3532 1745 3628 Iaropollrum
1780 3530 1939 3623 mecauit,

396 3656 544 3732 caeteros
570 3655 693 3732 liberos
719 3653 860 3730 dimisit.

269 4127 273 4144 ,
330 3987 332 3992 Ι
448 4025 566 4101 tucior
583 4025 668 4120 lupa
687 4024 807 4099 lortius
827 4039 943 4118 corpur
969 4023 1078 4098 luculi
1104 4023 1243 4098 Floriani
1270 4024 1377 4098 nillil
1401 4023 1479 4098 urci
1497 4023 1659 4098 luzinico
1679 4026 1714 4098 ct
1731 4023 1890 4097 ccclesiae

643 4155 646 4163 “
1064 4145 1278 4220 diaconicon.

499 4387 623 4463 Lucius
651 4389 743 4482 Papa
769 4387 891 4462 tertius
919 4387 1064 4464 assiduis
1091 4387 1394 4482 supplicationibus
1420 4385 1584 4462 Karimiri
1614 4387 1717 4462 lluois
1743 4390 1778 4461 et
1805 4389 1941 4462 llouar-

397 4512 480 4585 chao
506 4510 716 4600 Polouorum,
754 4509 854 4584 etiam
884 4533 942 4604 per
962 4509 1004 4604 ¹⁶)
1031 4509 1313 4605 praedecessorem
1349 4533 1446 4584 suum
1472 4509 1703 4585 Alexandrum
1731 4509 1869 4584 tertium
1898 4509 1942 4584 ad

396 4631 626 4708 exauditionis
652 4631 798 4727 gratiam
826 4631 993 4724 admissis,
1031 4633 1145 4707 rolens
1170 4655 1205 4708 se
1232 4635 1402 4728 praestare
1438 4631 1659 4728 morigerum,
1696 4653 1816 4727 corpus
1852 4631 1943 4706 beati

397 4753 546 4829 Floriani
573 4753 688 4830 eximii
716 4754 874 4850 martyris
901 4754 983 4830 Duci
1012 4755 1162 4849 praefato
1190 4756 1224 4830 ct
1251 4753 1456 4830 Oracoviensi
1488 4754 1646 4831 ecclesiae
1665 4755 1855 4830 donandum
1883 4755 1940 4830 de·

508 4981 531 5061 ¹)
554 4985 598 5044 illi
617 4983 687 5045 dod.
703 4985 796 5046 Βονν.
828 4981 855 5062 ⁹)
872 4983 1131 5044 Ozernicioviensie
1148 4983 1213 5042 Dux
1229 4983 1367 5045 succedit.
1383 4985 1442 5046 Ed.
1458 4985 1552 5045 Βοῦν.
1576 4980 1603 5061 ³)
1619 4982 1678 5043 Sub
1694 4983 1795 5044 eodem
1812 4988 1944 5058 ternpore

396 5089 457 5152 Ed.
479 5089 574 5149 Βοῦν.
613 5084 639 5166 ⁴)
661 5090 817 5149 Mscislaus
846 5088 1034 5148 Ruscislauio
1064 5088 1122 5148 Ed.
1155 5089 1248 5149 Βοῦν.
1289 5085 1315 5164 ⁵)
1339 5087 1517 5150 obvenerant
1547 5089 1605 5148 Fu.
1636 5089 1729 5150 Dour.
1769 5083 1796 5165 ⁰)
1819 5088 1945 5163 insurgit

397 5195 458 5254 Ed.
481 5194 575 5254 Βοῦν.
615 5191 820 5270 ⁷)Novogrod
841 5193 902 5253 Ed.
925 5193 1020 5252 Βοῦν.
1061 5190 1339 5269 ⁸)Wszeuold0wic
1369 5193 1429 5253 Ed.
1452 5193 1546 5254 Βοῦν.
1585 5189 1614 5270 ⁰)
1636 5193 1667 5252 iu
1696 5193 1835 5252 auxilium
1871 5192 1943 5253 θοοῦ.

397 5299 490 5360 Rozr.
532 5296 571 5376 10)
601 5299 646 5358 Ea
674 5299 803 5359 nouitate
834 5297 892 5358 Ed.
923 5297 1016 5357 Βοῦν.
1060 5294 1101 5375 ¹¹)
1133 5297 1304 5358 denuntiata
1334 5299 1394 5358 Ed.
1424 5299 1517 5359 Βοῦν.
1560 5295 1601 5377 ¹²)
1631 5299 1711 5357 illius
1745 5297 1815 5358 God.
1849 5297 1941 5359 Βοῦν.

402 5399 442 5478 ¹³)
463 5402 633 5463 Mscislaum
662 5401 850 5462 Rosoislauic
880 5401 939 5461 Ed.
962 5401 1056 5461 Βοῦν.
1100 5396 1138 5479 ¹⁴)
1161 5402 1241 5463 illius
1275 5400 1344 5467 cca.
1368 5403 1459 5471 Rocr.
1501 5397 1541 5488 15)
1563 5401 1732 5469 Mscislaum
1760 5406 1790 5460 el
1812 5401 1944 5484 lanopol-

397 5507 466 5572 kum
488 5507 549 5574 Ed.
570 5507 664 5574 Βοῦν.
706 5503 746 5595 ¹⁸)
769 5505 846 5592 opud
873 5502 944 5580 σοῦ.
968 5505 1062 5579 Βονν.
