4172 6278
163 479 226 577 (Α.
240 479 292 556 u.
310 481 423 578 1214.)
536 557 538 560 ,
790 501 902 556 urana
928 500 1082 572 sursus.

620 889 830 1006 nouus
865 891 1091 1006 ocumr
1125 890 1258 1006 rem.
1385 843 1386 848 Ὗ
1472 839 1475 848 ‘
1575 840 1577 848 ’

159 1177 360 1256 merram
377 1181 508 1256 ruera
535 1182 710 1274 lpecrrlti
738 1181 832 1257 tenlr
859 1197 969 1276 repar,
997 1199 1070 1256 cunr
1097 1201 1117 1254 a
1143 1179 1323 1256 waltrico
1349 1182 1434 1255 buce
1461 1184 1613 1255 crrrtcre
1640 1196 1716 1274 prr-

159 1307 228 1377 un
254 1298 400 1378 attinere
427 1322 492 1378 nen
518 1307 653 1396 parret,
680 1303 878 1377 tolirrlcnse
906 1307 1049 1378 castrum
1078 1303 1220 1396 recipit:
1246 1303 1331 1376 unde
1357 1304 1472 1396 petrns
1499 1303 1542 1377 at
1559 1302 1715 1378 tndrcrn

715 1426 835 1516 segc·
861 1425 1044 1518 bugum
1070 1425 1165 1516 tagit

265 1661 422 1742 Nondum
448 1665 638 1762 pubertatis
673 1687 779 1743 annos
811 1666 1022 1744 Wladislaus
1048 1666 1128 1740 Dux
1164 1665 1236 1760 (qni
1271 1667 1412 1761 expost,
1450 1687 1526 1741 cum
1562 1669 1652 1742 esset
1678 1667 1714 1742 in

158 1787 261 1882 sputo
280 1785 418 1878 nimius,
446 1785 576 1864 Pleacr
593 1809 778 1884 cognomen
800 1788 823 1884 ¹)
849 1788 991 1864 sortitus
1018 1788 1106 1881 erat)
1133 1785 1227 1862 lilius
1253 1787 1389 1862 Ottonis
1408 1786 1472 1862 tilii
1491 1788 1670 1884 ltyocuslsi
1686 1787 1715 1883 ²)

158 1907 260 1982 Senis
285 1908 390 1984 Ducis
416 1905 554 1984 dicioris
580 1909 750 2003 Polcniac,
778 1911 1025 2006 transgressus,
1054 1911 1240 1984 curatorem
1259 1892 1473 2002 tutoremque
1499 1931 1597 1985 snum
1616 1909 1714 1988 Wla·

159 2029 308 2106 dislsum
344 2030 482 2107 Maioris
516 2029 676 2108 Polouiae
706 2033 833 2108 Ducem
860 2034 895 2108 et
921 2031 1057 2108 Ottcnis
1083 2031 1234 2124 matrem,
1263 2031 1307 2106 ab
1333 2031 1505 2123 aliquibus
1531 2033 1573 2106 ob
1599 2054 1714 2127 proce,-
1768 2123 1771 2128 Ι

157 2151 300 2228 ritatem
327 2155 480 2230 staturae
505 2153 681 2250 Magnum,
709 2156 753 2228 ab
779 2153 949 2248 aliquibus
975 2175 1054 2230 uero
1082 2154 1220 2248 propter
1245 2152 1406 2228 tibiarum
1433 2152 1673 2228 excellentiam
1687 2151 1715 2247 Β)

157 2273 375 2370 Irpaslrcnogi
391 2277 418 2370 ⁴)
445 2275 641 2366 vocitatum,
670 2274 728 2370 qui
756 2276 851 2350 uelut
885 2279 1027 2370 patruus
1042 2275 1070 2369 6)
1105 2297 1298 2370 germanus,
1335 2273 1443 2369 ipsius
1470 2274 1631 2351 tutoriom
1658 2295 1713 2361 as·

157 2399 362 2491 sumpserat,
390 2395 598 2500 fastidiebat,
627 2393 927 2492 Principatumque
953 2396 1091 2472 Maioris
1116 2396 1275 2472 Poloniae
1311 2395 1431 2492 partiri
1466 2397 1502 2472 ct
1528 2396 1593 2472 sibi
1619 2396 1715 2472 illins

158 2516 339 2594 dimidium
365 2540 387 2593 a
412 2519 535 2614 patruo
561 2517 756 2613 subsignari
783 2519 993 2614 deposcebat,
1025 2519 1240 2606 vehementer
1267 2519 1310 2594 ad
1336 2517 1595 2614 principandum
1621 2517 1713 2613 aspi-

158 2659 241 2714 rans
281 2641 317 2716 et
343 2639 559 2736 disciplinam
595 2639 708 2736 patrui
743 2639 797 2716 sui
833 2662 1036 2736 magnopere
1070 2641 1264 2716 abhorrens.
1309 2641 1452 2716 Praram
1479 2642 1593 2717 autem
1618 2661 1714 2716 snam

158 2759 385 2838 intentionenr
410 2784 478 2837 non
504 2763 615 2838 solum
641 2762 760 2838 innata
794 2764 1010 2858 promovebat
1024 2762 1052 2858 6)
1079 2762 1230 2853 ambitio,
1267 2762 1327 2837 sed
1352 2762 1591 2840 nonnullorum
1617 2761 1713 2837 nobi*

158 2882 246 2958 lium
272 2884 308 2958 et
333 2883 595 2976 adolescentum,
624 2885 684 2978 qui
709 2906 822 2962 securo
840 2905 909 2960 uua
926 2886 1111 2976 creverant,
1140 2883 1323 2976 nutriebat,
1352 2883 1618 2976 incendebatque
1637 2906 1713 2980 per-

158 3004 285 3080 suasio.
332 3005 458 3082 Verum
484 3027 560 3082 cum
587 3007 799 3083 Wladislaus
826 3007 971 3102 blegnus
994 3005 1209 3103 Lpaslroncgi
1237 3005 1362 3102 partim
1393 3005 1552 3100 ingeniis,
1589 3006 1714 3102 partim

160 3126 349 3204 autoritate
368 3110 559 3204 'iuvenilem
585 3129 737 3204 ardorem
751 3129 781 3223 7)
807 3129 1040 3220 frustraretur,
1068 3128 1279 3205 Wladislaus
1306 3128 1437 3204 Pluacr
1464 3149 1574 3204 morae
1601 3129 1713 3205 cuius·

157 3248 245 3324 libet
272 3248 464 3345 impatiens,
493 3251 704 3326 satellitibus
730 3250 901 3344 aliquibus
927 3251 1047 3326 auctus
1063 3250 1103 3345 ⁸),
1131 3249 1333 3326 Galissiense
1350 3252 1501 3325 castrum
1528 3249 1712 3343 subintrat,

157 3373 195 3446 ct
220 3370 338 3466 patrui
363 3371 417 3448 sui
443 3371 648 3450 officialibus
672 3373 838 3469 expulsis,
872 3375 944 3450 tum
970 3375 1131 3464 cnstmrm,
1167 3395 1267 3466 quam
1295 3372 1471 3448 civitatem
1497 3375 1649 3468 occupat,
1678 3372 1714 3446 in

158 3495 336 3587 castroque
362 3515 399 3570 ee
424 3494 580 3587 recludit,
609 3495 839 3572 resistentiam
867 3517 927 3591 pro
945 3495 1086 3586 viribus,
1113 3493 1144 3570 si
1171 3494 1403 3590 impeteretur,
1431 3495 1622 3572 Wladislac
1639 3495 1712 3570 blo-

158 3637 228 3710 gno
255 3616 376 3710 patruo
403 3637 464 3692 suc
490 3616 718 3714 oppositurus.
760 3618 857 3710 Quod
882 3639 959 3694 cum
985 3615 1177 3694 Wlndislao
1203 3617 1328 3712 ltagno
1355 3615 1550 3694 nuntiatum
1577 3615 1712 3707 fuisset,

159 3757 303 3831 maguae
338 3736 452 3833 copias
478 3760 523 3814 ex
548 3738 717 3814 militibus
742 3741 778 3815 et
804 3738 995 3835 agrestibus
1010 3739 1135 3826 subito
1171 3738 1385 3829 contrahens,
1420 3739 1570 3814 rastrum
1605 3737 1712 3814 dalis·

158 3857 270 3934 siense
296 3858 469 3936 obsidione
495 3859 648 3956 cingens,
676 3863 832 3957 nepotem
858 3861 963 3936 etiam
990 3861 1026 3935 in
1053 3882 1091 3936 οο
1110 3859 1254 3936 includit
1269 3859 1310 3955 9).
1337 3859 1404 3952 qni
1422 3859 1503 3934 dum
1520 3859 1712 3954 quindecim

158 3979 278 4056 diebus
304 3980 510 4058 obsidionem
536 3982 778 4075 continuasset,
816 3981 1045 4074 victualiaque
1071 3982 1216 4059 obsessis
1242 3981 1410 4058 scirentur
1436 3980 1628 4077 propediem
1654 3981 1712 4056 de·

159 4102 304 4196 tectura,
332 4102 434 4178 reriti
461 4104 599 4196 obsessi,
637 4127 680 4180 ne
707 4103 736 4178 si
763 4107 912 4180 cestrum
938 4127 999 4200 per
1024 4103 1219 4181 uiolentiam
1253 4105 1441 4200 caperetur,
1477 4103 1588 4178 iratus
1613 4102 1712 4180 Wla·

159 4223 292 4302 dislans
318 4225 465 4322 Magnus
490 4225 528 4300 in
556 4248 611 4301 eos
637 4225 768 4319 aliquid
802 4227 941 4322 gravius
974 4227 1165 4303 consuleret
1183 4224 1238 4322 ιθ),
1275 4223 1551 4302 caduceatoribus
1586 4224 1711 4316 missis,

158 4347 201 4421 nt
226 4348 263 4424 ct
289 4345 474 4424 incolumes
500 4369 557 4424 eos
583 4369 668 4440 esse,
705 4347 920 4443 priscumque
955 4349 1115 4425 honorem
1151 4350 1187 4423 et
1221 4348 1370 4424 favorem
1405 4347 1551 4424 retinere
1581 4345 1712 4439 liceret,

159 4468 202 4544 dc
227 4468 376 4546 dedendo
401 4471 512 4552 castm
538 4469 767 4565 paciscuntur.
799 4470 1009 4548 Wladislaus
1035 4493 1112 4547 uero
1138 4471 1269 4546 leacr
1295 4469 1336 4545 de
1363 4470 1477 4548 farore
1503 4467 1619 4565 patrui
1643 4468 1711 4546 dif-

159 4587 245 4664 fisus
267 4589 322 4684 11),
351 4590 575 4667 carceralibus
594 4590 637 4686 Η)
664 4613 700 4668 se
718 4592 948 4687 deputandum
967 4591 1209 4687 pertimescens
1236 4591 1461 4684 squaloribus,
1489 4613 1566 4666 cum
1582 4592 1712 4686 septem

158 4712 394 4788 tautummodo
430 4711 610 4789 comitibus
637 4715 801 4790 nocturno
835 4717 985 4810 tempore
1013 4736 1057 4788 ex
1083 4715 1193 4790 castro
1219 4711 1417 4789 daliseicnsi
1443 4712 1607 4808 dilapsus,
1635 4735 1711 4788 rer-

157 4855 217 4908 sns
242 4833 437 4912 &scoriam
462 4835 507 4910 ad
532 4835 737 4913 Lcstkouem
762 4835 890 4911 Album
916 4835 1101 4929 commedit,
1128 4837 1164 4912 et
1182 4833 1227 4930 13)
1252 4835 1296 4912 ad
1317 4833 1488 4912 Andream
1513 4834 1712 4930 Hnngariae

268 5041 293 5121 ¹)
314 5061 458 5120 agnomen
480 5045 540 5105 Ed.
562 5045 657 5106 Βοῦν.
697 5041 878 5122 ²)Mscislai
907 5044 967 5106 Ed.
990 5044 1085 5105 Βοῦν.
1127 5041 1247 5122 ³lucare
1270 5044 1308 5106 ob
1329 5045 1539 5118 proceritatem
1561 5049 1592 5104 et
1614 5043 1711 5104 excel-

158 5147 281 5210 lentiam
305 5148 378 5212 ocu.
402 5150 495 5212 Βοῦν.
533 5145 560 5228 ⁴)
582 5149 750 5224 Laskcnogi
777 5150 837 5210 Ed.
860 5149 954 5210 Βοῦν.
993 5144 1019 5226 ⁶)
1042 5155 1165 5224 patruus
1188 5165 1258 5210 snus
1292 5147 1364 5209 θοοῦ.
1386 5149 1480 5209 Beer.
1519 5144 1711 5226 ⁶)provehe·

158 5253 212 5314 bat
237 5252 308 5314 uod.
330 5255 425 5316 Βοῦν.
465 5251 642 5333 ⁷)aetntem
667 5253 855 5316 Οονῦ.1ῦονν.
895 5250 924 5332 ⁸)
947 5254 1061 5313 cinctus
1091 5253 1152 5314 Ed.
1174 5253 1269 5312 Βοῦν.
1308 5249 1336 5329 ⁹)
1359 5252 1515 5314 concludit
1531 5252 1591 5312 Ed.
1614 5253 1710 5313 Βοῦν.

164 5354 204 5436 ¹⁰)
227 5363 372 5420 statueret
402 5359 463 5420 Βῦ.
485 5359 582 5422 Βοῦν.
623 5355 666 5440 ¹¹)
688 5357 825 5420 diffidens
859 5357 930 5420 uod.
958 5359 1052 5420 Βονν.
1094 5353 1135 5436 ¹⁹)
1158 5359 1286 5420 carceris
1316 5357 1375 5420 Ed.
1398 5357 1485 5434 Lipe.
1526 5353 1566 5435 ¹⁸)
1590 5363 1621 5420 et
1640 5357 1710 5420 inde

159 5461 221 5528 Ed.
243 5463 339 5526 Βοῦν.
