<?xml version="1.0" encoding="UTF-8"?>
<!DOCTYPE html PUBLIC "-//W3C//DTD XHTML 1.0 Transitional//EN"
    "http://www.w3.org/TR/xhtml1/DTD/xhtml1-transitional.dtd">
<html xmlns="http://www.w3.org/1999/xhtml" xml:lang="en" lang="en">
 <head>
  <title>
</title>
<meta http-equiv="Content-Type" content="text/html;charset=utf-8" />
  <meta name='ocr-system' content='tesseract 3.04.00' />
  <meta name='ocr-capabilities' content='ocr_page ocr_carea ocr_par ocr_line ocrx_word'/>
</head>
<body>
  <div class='ocr_page' id='page_1' title='image "./operaomnia02paulgoog_0516.png"; bbox 0 0 4192 6272; ppageno 0'>
   <div class='ocr_carea' id='block_1_1' title="bbox 405 535 1952 634">
    <p class='ocr_par' dir='ltr' id='par_1_1' title="bbox 405 535 1952 634">
     <span class='ocr_line' id='line_1_1' title="bbox 405 535 1952 634; baseline -0.001 -18"><span class='ocrx_word' id='word_1_1' title='bbox 405 544 480 618; x_wconf 79' lang='lat'><strong>500</strong></span> <span class='ocrx_word' id='word_1_2' title='bbox 1008 559 1120 612; x_wconf 82' lang='lat' dir='ltr'><strong>urnas</strong></span> <span class='ocrx_word' id='word_1_3' title='bbox 1147 558 1341 614; x_wconf 77' lang='lat' dir='ltr'><strong>susurrans.</strong></span> <span class='ocrx_word' id='word_1_4' title='bbox 1682 536 1744 630; x_wconf 83' lang='grc' dir='ltr'><strong>(Α.</strong></span> <span class='ocrx_word' id='word_1_5' title='bbox 1766 537 1813 611; x_wconf 86' lang='lat' dir='ltr'><strong>D.</strong></span> <span class='ocrx_word' id='word_1_6' title='bbox 1832 535 1952 634; x_wconf 76' lang='lat'><strong>120⁰.)</strong></span> 
     </span>
    </p>
   </div>
   <div class='ocr_carea' id='block_1_2' title="bbox 397 743 1957 4968">
    <p class='ocr_par' dir='ltr' id='par_1_2' title="bbox 397 743 1957 4968">
     <span class='ocr_line' id='line_1_2' title="bbox 405 743 1953 839; baseline -0.003 -17"><span class='ocrx_word' id='word_1_7' title='bbox 405 751 485 839; x_wconf 85' lang='lat' dir='ltr'><strong>tam,</strong></span> <span class='ocrx_word' id='word_1_8' title='bbox 513 746 705 824; x_wconf 87' lang='lat' dir='ltr'><strong>Wladislao</strong></span> <span class='ocrx_word' id='word_1_9' title='bbox 732 748 865 822; x_wconf 77' lang='lat' dir='ltr'><strong>holtein</strong></span> <span class='ocrx_word' id='word_1_10' title='bbox 893 748 928 822; x_wconf 94' lang='lat' dir='ltr'><strong>et</strong></span> <span class='ocrx_word' id='word_1_11' title='bbox 955 746 1020 837; x_wconf 83' lang='lat' dir='ltr'><strong>luis,</strong></span> <span class='ocrx_word' id='word_1_12' title='bbox 1049 745 1107 839; x_wconf 89' lang='lat' dir='ltr'><strong>qui</strong></span> <span class='ocrx_word' id='word_1_13' title='bbox 1135 745 1234 819; x_wconf 92' lang='lat' dir='ltr'><strong>illum</strong></span> <span class='ocrx_word' id='word_1_14' title='bbox 1262 743 1522 835; x_wconf 87' lang='lat' dir='ltr'><strong>comitabantur,</strong></span> <span class='ocrx_word' id='word_1_15' title='bbox 1550 743 1672 836; x_wconf 79' lang='lat' dir='ltr'><strong>cessit,</strong></span> <span class='ocrx_word' id='word_1_16' title='bbox 1701 743 1783 820; x_wconf 89' lang='lat' dir='ltr'><strong>licet</strong></span> <span class='ocrx_word' id='word_1_17' title='bbox 1809 767 1876 820; x_wconf 92' lang='lat' dir='ltr'><strong>nou</strong></span> <span class='ocrx_word' id='word_1_18' title='bbox 1901 744 1953 819; x_wconf 92' lang='lat' dir='ltr'><strong>in·</strong></span> 
     </span>
     <span class='ocr_line' id='line_1_3' title="bbox 404 865 1955 962; baseline -0.003 -18"><span class='ocrx_word' id='word_1_19' title='bbox 404 871 553 959; x_wconf 88' lang='lat' dir='ltr'><strong>cruenta,</strong></span> <span class='ocrx_word' id='word_1_20' title='bbox 584 868 735 960; x_wconf 86' lang='lat' dir='ltr'><strong>victoria,</strong></span> <span class='ocrx_word' id='word_1_21' title='bbox 764 867 921 962; x_wconf 84' lang='lat' dir='ltr'><strong>plurimis</strong></span> <span class='ocrx_word' id='word_1_22' title='bbox 948 867 1177 942; x_wconf 86' lang='lat' dir='ltr'><strong>Slesianorum</strong></span> <span class='ocrx_word' id='word_1_23' title='bbox 1205 867 1353 940; x_wconf 90' lang='lat' dir='ltr'><strong>militum</strong></span> <span class='ocrx_word' id='word_1_24' title='bbox 1380 865 1498 956; x_wconf 89' lang='lat' dir='ltr'><strong>caesis,</strong></span> <span class='ocrx_word' id='word_1_25' title='bbox 1526 866 1647 940; x_wconf 92' lang='lat' dir='ltr'><strong>autin</strong></span> <span class='ocrx_word' id='word_1_26' title='bbox 1675 868 1760 961; x_wconf 82' lang='lat' dir='ltr'><strong>fuga</strong></span> <span class='ocrx_word' id='word_1_27' title='bbox 1777 865 1894 960; x_wconf 90' lang='lat' dir='ltr'><strong>captis.</strong></span> <span class='ocrx_word' id='word_1_28' title='bbox 1912 867 1955 940; x_wconf 93' lang='lat' dir='ltr'><strong>In</strong></span> 
     </span>
     <span class='ocr_line' id='line_1_4' title="bbox 402 985 1950 1084; baseline -0.004 -18"><span class='ocrx_word' id='word_1_29' title='bbox 402 1013 440 1066; x_wconf 92' lang='lat' dir='ltr'><strong>eo</strong></span> <span class='ocrx_word' id='word_1_30' title='bbox 469 989 594 1084; x_wconf 86' lang='lat' dir='ltr'><strong>praelio</strong></span> <span class='ocrx_word' id='word_1_31' title='bbox 624 989 829 1064; x_wconf 89' lang='lat' dir='ltr'><strong>Premislaus</strong></span> <span class='ocrx_word' id='word_1_32' title='bbox 851 989 875 1083; x_wconf 85' lang='lat'><strong>¹)</strong></span> <span class='ocrx_word' id='word_1_33' title='bbox 901 987 1151 1084; x_wconf 83' lang='lat' dir='ltr'><strong>Spretaviensis</strong></span> <span class='ocrx_word' id='word_1_34' title='bbox 1177 989 1266 1077; x_wconf 88' lang='lat' dir='ltr'><strong>Dux,</strong></span> <span class='ocrx_word' id='word_1_35' title='bbox 1296 985 1388 1060; x_wconf 88' lang='lat' dir='ltr'><strong>lilius</strong></span> <span class='ocrx_word' id='word_1_36' title='bbox 1415 986 1561 1061; x_wconf 83' lang='lat' dir='ltr'><strong>(lauredi</strong></span> <span class='ocrx_word' id='word_1_37' title='bbox 1588 986 1690 1062; x_wconf 90' lang='lat' dir='ltr'><strong>Ducis</strong></span> <span class='ocrx_word' id='word_1_38' title='bbox 1705 986 1950 1082; x_wconf 77' lang='lat' dir='ltr'><strong>GlogoriensiS,</strong></span> 
     </span>
     <span class='ocr_line' id='line_1_5' title="bbox 403 1107 1953 1206; baseline -0.001 -20"><span class='ocrx_word' id='word_1_39' title='bbox 403 1111 462 1186; x_wconf 84' lang='lat' dir='ltr'><strong>uix</strong></span> <span class='ocrx_word' id='word_1_40' title='bbox 489 1111 751 1186; x_wconf 75' lang='lat' dir='ltr'><strong>adolescentiam</strong></span> <span class='ocrx_word' id='word_1_41' title='bbox 778 1110 988 1206; x_wconf 79' lang='lat' dir='ltr'><strong>pertingens,</strong></span> <span class='ocrx_word' id='word_1_42' title='bbox 1017 1108 1191 1200; x_wconf 90' lang='lat' dir='ltr'><strong>occiditur,</strong></span> <span class='ocrx_word' id='word_1_43' title='bbox 1220 1109 1254 1182; x_wconf 93' lang='lat' dir='ltr'><strong>et</strong></span> <span class='ocrx_word' id='word_1_44' title='bbox 1282 1108 1317 1183; x_wconf 94' lang='lat' dir='ltr'><strong>in</strong></span> <span class='ocrx_word' id='word_1_45' title='bbox 1345 1107 1488 1183; x_wconf 86' lang='lat' dir='ltr'><strong>Slesiam</strong></span> <span class='ocrx_word' id='word_1_46' title='bbox 1516 1109 1656 1200; x_wconf 72' lang='lat' dir='ltr'><strong>relatus</strong></span> <span class='ocrx_word' id='word_1_47' title='bbox 1687 1108 1721 1182; x_wconf 90' lang='lat' dir='ltr'><strong>in</strong></span> <span class='ocrx_word' id='word_1_48' title='bbox 1750 1107 1953 1184; x_wconf 87' lang='lat' dir='ltr'><strong>monasterio</strong></span> 
     </span>
     <span class='ocr_line' id='line_1_6' title="bbox 403 1227 1954 1326; baseline -0.001 -20"><span class='ocrx_word' id='word_1_49' title='bbox 403 1232 562 1324; x_wconf 86' lang='lat' dir='ltr'><strong>lubensi,</strong></span> <span class='ocrx_word' id='word_1_50' title='bbox 591 1232 715 1306; x_wconf 81' lang='lat' dir='ltr'><strong>culed</strong></span> <span class='ocrx_word' id='word_1_51' title='bbox 744 1231 787 1322; x_wconf 90' lang='lat' dir='ltr'><strong>id,</strong></span> <span class='ocrx_word' id='word_1_52' title='bbox 817 1231 852 1306; x_wconf 90' lang='lat' dir='ltr'><strong>in</strong></span> <span class='ocrx_word' id='word_1_53' title='bbox 880 1255 946 1324; x_wconf 89' lang='lat' dir='ltr'><strong>quo</strong></span> <span class='ocrx_word' id='word_1_54' title='bbox 974 1231 1129 1322; x_wconf 89' lang='lat' dir='ltr'><strong>concidit,</strong></span> <span class='ocrx_word' id='word_1_55' title='bbox 1158 1232 1286 1306; x_wconf 90' lang='lat' dir='ltr'><strong>bellum</strong></span> <span class='ocrx_word' id='word_1_56' title='bbox 1315 1229 1437 1322; x_wconf 89' lang='lat' dir='ltr'><strong>iturus,</strong></span> <span class='ocrx_word' id='word_1_57' title='bbox 1461 1230 1545 1304; x_wconf 89' lang='lat' dir='ltr'><strong>duas</strong></span> <span class='ocrx_word' id='word_1_58' title='bbox 1563 1231 1676 1322; x_wconf 81' lang='lat' dir='ltr'><strong>villas,</strong></span> <span class='ocrx_word' id='word_1_59' title='bbox 1698 1227 1954 1326; x_wconf 78' lang='lat' dir='ltr'><strong>videlicethpo·</strong></span> 
     </span>
     <span class='ocr_line' id='line_1_7' title="bbox 404 1351 1954 1447; baseline -0.002 -19"><span class='ocrx_word' id='word_1_60' title='bbox 404 1353 640 1429; x_wconf 87' lang='lat' dir='ltr'><strong>suosnlrouione</strong></span> <span class='ocrx_word' id='word_1_61' title='bbox 656 1353 684 1447; x_wconf 80' lang='lat'><strong>²)</strong></span> <span class='ocrx_word' id='word_1_62' title='bbox 710 1354 745 1428; x_wconf 90' lang='lat' dir='ltr'><strong>et</strong></span> <span class='ocrx_word' id='word_1_63' title='bbox 771 1352 902 1427; x_wconf 84' lang='lat' dir='ltr'><strong>Zirkou</strong></span> <span class='ocrx_word' id='word_1_64' title='bbox 928 1353 1133 1428; x_wconf 88' lang='lat' dir='ltr'><strong>testamento</strong></span> <span class='ocrx_word' id='word_1_65' title='bbox 1160 1352 1352 1444; x_wconf 85' lang='lat' dir='ltr'><strong>donauerat,</strong></span> <span class='ocrx_word' id='word_1_66' title='bbox 1380 1351 1553 1445; x_wconf 80' lang='lat' dir='ltr'><strong>sepelitur.</strong></span> <span class='ocrx_word' id='word_1_67' title='bbox 1582 1352 1760 1428; x_wconf 91' lang='lat' dir='ltr'><strong>Boleslaus</strong></span> <span class='ocrx_word' id='word_1_68' title='bbox 1796 1351 1954 1446; x_wconf 88' lang='lat' dir='ltr'><strong>Opolien·</strong></span> 
     </span>
     <span class='ocr_line' id='line_1_8' title="bbox 405 1473 1952 1570; baseline -0.002 -20"><span class='ocrx_word' id='word_1_69' title='bbox 405 1475 452 1550; x_wconf 93' lang='lat' dir='ltr'><strong>sis</strong></span> <span class='ocrx_word' id='word_1_70' title='bbox 479 1476 557 1550; x_wconf 83' lang='lat' dir='ltr'><strong>Dux</strong></span> <span class='ocrx_word' id='word_1_71' title='bbox 584 1474 718 1570; x_wconf 90' lang='lat' dir='ltr'><strong>eapitur</strong></span> <span class='ocrx_word' id='word_1_72' title='bbox 744 1475 953 1550; x_wconf 87' lang='lat' dir='ltr'><strong>vulneratus.</strong></span> <span class='ocrx_word' id='word_1_73' title='bbox 992 1475 1063 1549; x_wconf 91' lang='lat' dir='ltr'><strong>Duo</strong></span> <span class='ocrx_word' id='word_1_74' title='bbox 1091 1497 1222 1568; x_wconf 90' lang='lat' dir='ltr'><strong>quoque</strong></span> <span class='ocrx_word' id='word_1_75' title='bbox 1258 1473 1464 1564; x_wconf 89' lang='lat' dir='ltr'><strong>certamine,</strong></span> <span class='ocrx_word' id='word_1_76' title='bbox 1493 1474 1640 1549; x_wconf 90' lang='lat' dir='ltr'><strong>alterum</strong></span> <span class='ocrx_word' id='word_1_77' title='bbox 1675 1474 1765 1568; x_wconf 90' lang='lat' dir='ltr'><strong>apud</strong></span> <span class='ocrx_word' id='word_1_78' title='bbox 1802 1474 1952 1564; x_wconf 85' lang='lat' dir='ltr'><strong>Skalam,</strong></span> 
     </span>
     <span class='ocr_line' id='line_1_9' title="bbox 406 1594 1957 1693; baseline -0.001 -21"><span class='ocrx_word' id='word_1_79' title='bbox 406 1599 552 1672; x_wconf 87' lang='lat' dir='ltr'><strong>alterum</strong></span> <span class='ocrx_word' id='word_1_80' title='bbox 592 1597 683 1693; x_wconf 88' lang='lat' dir='ltr'><strong>apud</strong></span> <span class='ocrx_word' id='word_1_81' title='bbox 709 1595 884 1687; x_wconf 84' lang='lat' dir='ltr'><strong>Suetnicn,</strong></span> <span class='ocrx_word' id='word_1_82' title='bbox 914 1619 973 1690; x_wconf 90' lang='lat' dir='ltr'><strong>per</strong></span> <span class='ocrx_word' id='word_1_83' title='bbox 1001 1595 1128 1671; x_wconf 87' lang='lat' dir='ltr'><strong>milites</strong></span> <span class='ocrx_word' id='word_1_84' title='bbox 1156 1595 1266 1686; x_wconf 90' lang='lat' dir='ltr'><strong>edita,</strong></span> <span class='ocrx_word' id='word_1_85' title='bbox 1303 1595 1387 1670; x_wconf 88' lang='lat' dir='ltr'><strong>duas</strong></span> <span class='ocrx_word' id='word_1_86' title='bbox 1413 1617 1545 1689; x_wconf 82' lang='lat' dir='ltr'><strong>quoque</strong></span> <span class='ocrx_word' id='word_1_87' title='bbox 1580 1597 1711 1690; x_wconf 86' lang='lat' dir='ltr'><strong>strages</strong></span> <span class='ocrx_word' id='word_1_88' title='bbox 1748 1594 1784 1670; x_wconf 92' lang='lat' dir='ltr'><strong>in</strong></span> <span class='ocrx_word' id='word_1_89' title='bbox 1821 1595 1957 1671; x_wconf 86' lang='lat' dir='ltr'><strong>Slesiae</strong></span> 
     </span>
     <span class='ocr_line' id='line_1_10' title="bbox 405 1716 1950 1812; baseline -0.001 -19"><span class='ocrx_word' id='word_1_90' title='bbox 405 1719 572 1793; x_wconf 86' lang='lat' dir='ltr'><strong>militibus</strong></span> <span class='ocrx_word' id='word_1_91' title='bbox 599 1719 788 1809; x_wconf 87' lang='lat' dir='ltr'><strong>effecerant,</strong></span> <span class='ocrx_word' id='word_1_92' title='bbox 816 1717 1027 1794; x_wconf 88' lang='lat' dir='ltr'><strong>Wladislaus</strong></span> <span class='ocrx_word' id='word_1_93' title='bbox 1046 1718 1179 1792; x_wconf 87' lang='lat' dir='ltr'><strong>Loktek</strong></span> <span class='ocrx_word' id='word_1_94' title='bbox 1198 1716 1414 1811; x_wconf 77' lang='lat' dir='ltr'><strong>(lupariensis</strong></span> <span class='ocrx_word' id='word_1_95' title='bbox 1432 1719 1510 1791; x_wconf 86' lang='lat' dir='ltr'><strong>Dux</strong></span> <span class='ocrx_word' id='word_1_96' title='bbox 1529 1716 1670 1794; x_wconf 82' lang='lat' dir='ltr'><strong>uictoria</strong></span> <span class='ocrx_word' id='word_1_97' title='bbox 1687 1719 1722 1793; x_wconf 91' lang='lat' dir='ltr'><strong>et</strong></span> <span class='ocrx_word' id='word_1_98' title='bbox 1736 1717 1856 1812; x_wconf 93' lang='lat' dir='ltr'><strong>spoliis</strong></span> <span class='ocrx_word' id='word_1_99' title='bbox 1874 1717 1950 1792; x_wconf 90' lang='lat' dir='ltr'><strong>hos·</strong></span> 
     </span>
     <span class='ocr_line' id='line_1_11' title="bbox 403 1837 1953 1934; baseline -0.001 -19"><span class='ocrx_word' id='word_1_100' title='bbox 403 1841 490 1915; x_wconf 91' lang='lat' dir='ltr'><strong>tium</strong></span> <span class='ocrx_word' id='word_1_101' title='bbox 518 1839 666 1934; x_wconf 89' lang='lat' dir='ltr'><strong>potitus,</strong></span> <span class='ocrx_word' id='word_1_102' title='bbox 697 1838 814 1913; x_wconf 82' lang='lat' dir='ltr'><strong>ruaiori</strong></span> <span class='ocrx_word' id='word_1_103' title='bbox 841 1861 901 1932; x_wconf 89' lang='lat' dir='ltr'><strong>spe</strong></span> <span class='ocrx_word' id='word_1_104' title='bbox 927 1840 963 1914; x_wconf 93' lang='lat' dir='ltr'><strong>et</strong></span> <span class='ocrx_word' id='word_1_105' title='bbox 990 1838 1111 1913; x_wconf 87' lang='lat' dir='ltr'><strong>fiducia</strong></span> <span class='ocrx_word' id='word_1_106' title='bbox 1147 1837 1302 1933; x_wconf 85' lang='lat' dir='ltr'><strong>potiundi</strong></span> <span class='ocrx_word' id='word_1_107' title='bbox 1336 1838 1565 1914; x_wconf 77' lang='lat' dir='ltr'><strong>Gramviensis</strong></span> <span class='ocrx_word' id='word_1_108' title='bbox 1601 1840 1636 1912; x_wconf 92' lang='lat' dir='ltr'><strong>et</strong></span> <span class='ocrx_word' id='word_1_109' title='bbox 1671 1837 1953 1914; x_wconf 88' lang='lat' dir='ltr'><strong>Sandomiriensis</strong></span> 
     </span>
     <span class='ocr_line' id='line_1_12' title="bbox 404 1941 1957 2055; baseline -0.001 -20"><span class='ocrx_word' id='word_1_110' title='bbox 404 1961 631 2054; x_wconf 89' lang='lat' dir='ltr'><strong>Principatus,</strong></span> <span class='ocrx_word' id='word_1_111' title='bbox 662 1983 705 2034; x_wconf 86' lang='lat' dir='ltr'><strong>ex</strong></span> <span class='ocrx_word' id='word_1_112' title='bbox 732 1961 929 2055; x_wconf 82' lang='lat' dir='ltr'><strong>Schyeuyor</strong></span> <span class='ocrx_word' id='word_1_113' title='bbox 944 1957 972 2053; x_wconf 84' lang='lat'><strong>³)</strong></span> <span class='ocrx_word' id='word_1_114' title='bbox 999 1959 1189 2035; x_wconf 82' lang='lat' dir='ltr'><strong>Oracouiam</strong></span> <span class='ocrx_word' id='word_1_115' title='bbox 1225 1958 1383 2047; x_wconf 86' lang='lat' dir='ltr'><strong>divertit;</strong></span> <span class='ocrx_word' id='word_1_116' title='bbox 1425 1941 1484 2034; x_wconf 90' lang='lat' dir='ltr'><strong>cui</strong></span> <span class='ocrx_word' id='word_1_117' title='bbox 1515 1961 1610 2034; x_wconf 84' lang='lat' dir='ltr'><strong>uelut</strong></span> <span class='ocrx_word' id='word_1_118' title='bbox 1648 1958 1786 2050; x_wconf 84' lang='lat' dir='ltr'><strong>victori,</strong></span> <span class='ocrx_word' id='word_1_119' title='bbox 1815 1961 1851 2035; x_wconf 94' lang='lat' dir='ltr'><strong>et</strong></span> <span class='ocrx_word' id='word_1_120' title='bbox 1872 1962 1957 2034; x_wconf 61' lang='lat' dir='ltr'><strong>‘tam</strong></span> 
     </span>
     <span class='ocr_line' id='line_1_13' title="bbox 402 2079 1956 2176; baseline -0.001 -20"><span class='ocrx_word' id='word_1_121' title='bbox 402 2083 499 2156; x_wconf 87' lang='lat' dir='ltr'><strong>Pauli</strong></span> <span class='ocrx_word' id='word_1_122' title='bbox 527 2081 685 2176; x_wconf 87' lang='lat' dir='ltr'><strong>episcopi,</strong></span> <span class='ocrx_word' id='word_1_123' title='bbox 715 2101 816 2174; x_wconf 88' lang='lat' dir='ltr'><strong>quem</strong></span> <span class='ocrx_word' id='word_1_124' title='bbox 843 2083 1005 2156; x_wconf 88' lang='lat' dir='ltr'><strong>baronum</strong></span> <span class='ocrx_word' id='word_1_125' title='bbox 1031 2083 1067 2156; x_wconf 88' lang='lat' dir='ltr'><strong>et</strong></span> <span class='ocrx_word' id='word_1_126' title='bbox 1094 2079 1295 2155; x_wconf 85' lang='lat' dir='ltr'><strong>militarium</strong></span> <span class='ocrx_word' id='word_1_127' title='bbox 1322 2079 1591 2156; x_wconf 75' lang='lat' dir='ltr'><strong>(treocalensium</strong></span> <span class='ocrx_word' id='word_1_128' title='bbox 1610 2079 1864 2156; x_wconf 88' lang='lat' dir='ltr'><strong>adhaerentiam</strong></span> <span class='ocrx_word' id='word_1_129' title='bbox 1885 2103 1956 2155; x_wconf 92' lang='lat' dir='ltr'><strong>sor·</strong></span> 
     </span>
     <span class='ocr_line' id='line_1_14' title="bbox 401 2201 1955 2297; baseline -0.001 -19"><span class='ocrx_word' id='word_1_130' title='bbox 401 2203 477 2296; x_wconf 93' lang='lat' dir='ltr'><strong>tito,</strong></span> <span class='ocrx_word' id='word_1_131' title='bbox 506 2201 738 2279; x_wconf 79' lang='lat' dir='ltr'><strong>Graoouienses</strong></span> <span class='ocrx_word' id='word_1_132' title='bbox 765 2201 855 2279; x_wconf 86' lang='lat' dir='ltr'><strong>ciues</strong></span> <span class='ocrx_word' id='word_1_133' title='bbox 882 2202 1052 2277; x_wconf 84' lang='lat' dir='ltr'><strong>adversari</strong></span> <span class='ocrx_word' id='word_1_134' title='bbox 1080 2225 1147 2278; x_wconf 94' lang='lat' dir='ltr'><strong>nou</strong></span> <span class='ocrx_word' id='word_1_135' title='bbox 1173 2201 1259 2294; x_wconf 90' lang='lat' dir='ltr'><strong>ausi,</strong></span> <span class='ocrx_word' id='word_1_136' title='bbox 1289 2203 1403 2296; x_wconf 86' lang='lat' dir='ltr'><strong>portes</strong></span> <span class='ocrx_word' id='word_1_137' title='bbox 1417 2202 1584 2297; x_wconf 89' lang='lat' dir='ltr'><strong>aperiunt,</strong></span> <span class='ocrx_word' id='word_1_138' title='bbox 1605 2204 1640 2277; x_wconf 91' lang='lat' dir='ltr'><strong>at</strong></span> <span class='ocrx_word' id='word_1_139' title='bbox 1658 2204 1730 2276; x_wconf 87' lang='lat' dir='ltr'><strong>tam</strong></span> <span class='ocrx_word' id='word_1_140' title='bbox 1748 2225 1834 2294; x_wconf 89' lang='lat' dir='ltr'><strong>aree,</strong></span> <span class='ocrx_word' id='word_1_141' title='bbox 1854 2225 1955 2296; x_wconf 85' lang='lat' dir='ltr'><strong>quarn</strong></span> 
     </span>
     <span class='ocr_line' id='line_1_15' title="bbox 402 2322 1954 2418; baseline 0 -19"><span class='ocrx_word' id='word_1_142' title='bbox 402 2327 484 2400; x_wconf 90' lang='lat' dir='ltr'><strong>urbe</strong></span> <span class='ocrx_word' id='word_1_143' title='bbox 510 2323 721 2400; x_wconf 72' lang='lat' dir='ltr'><strong>cracoviensi</strong></span> <span class='ocrx_word' id='word_1_144' title='bbox 749 2325 936 2418; x_wconf 89' lang='lat' dir='ltr'><strong>susceptus,</strong></span> <span class='ocrx_word' id='word_1_145' title='bbox 966 2323 1193 2418; x_wconf 75' lang='lat' dir='ltr'><strong>Princepsque</strong></span> <span class='ocrx_word' id='word_1_146' title='bbox 1228 2322 1498 2399; x_wconf 79' lang='lat' dir='ltr'><strong>craeeuensium</strong></span> <span class='ocrx_word' id='word_1_147' title='bbox 1534 2324 1745 2415; x_wconf 87' lang='lat' dir='ltr'><strong>declaratus,</strong></span> <span class='ocrx_word' id='word_1_148' title='bbox 1773 2323 1809 2399; x_wconf 93' lang='lat' dir='ltr'><strong>in</strong></span> <span class='ocrx_word' id='word_1_149' title='bbox 1845 2326 1954 2400; x_wconf 81' lang='lat' dir='ltr'><strong>castro</strong></span> 
     </span>
     <span class='ocr_line' id='line_1_16' title="bbox 403 2437 1955 2540; baseline -0.001 -19"><span class='ocrx_word' id='word_1_150' title='bbox 403 2445 613 2522; x_wconf 69' lang='lat' dir='ltr'><strong>cracoviensi</strong></span> <span class='ocrx_word' id='word_1_151' title='bbox 641 2445 802 2535; x_wconf 90' lang='lat' dir='ltr'><strong>consedit,</strong></span> <span class='ocrx_word' id='word_1_152' title='bbox 831 2445 1011 2520; x_wconf 82' lang='lat' dir='ltr'><strong>baronibus</strong></span> <span class='ocrx_word' id='word_1_153' title='bbox 1038 2447 1073 2519; x_wconf 91' lang='lat' dir='ltr'><strong>et</strong></span> <span class='ocrx_word' id='word_1_154' title='bbox 1100 2444 1306 2520; x_wconf 87' lang='lat' dir='ltr'><strong>militaribus</strong></span> <span class='ocrx_word' id='word_1_155' title='bbox 1335 2445 1454 2540; x_wconf 78' lang='lat' dir='ltr'><strong>magis,</strong></span> <span class='ocrx_word' id='word_1_156' title='bbox 1482 2437 1584 2539; x_wconf 84' lang='lat' dir='ltr'><strong>quam</strong></span> <span class='ocrx_word' id='word_1_157' title='bbox 1612 2444 1742 2520; x_wconf 77' lang='lat' dir='ltr'><strong>civibus</strong></span> <span class='ocrx_word' id='word_1_158' title='bbox 1760 2445 1955 2522; x_wconf 79' lang='lat' dir='ltr'><strong>Oracorieu-</strong></span> 
     </span>
     <span class='ocr_line' id='line_1_17' title="bbox 400 2565 1956 2662; baseline 0.001 -20"><span class='ocrx_word' id='word_1_159' title='bbox 400 2569 503 2660; x_wconf 89' lang='lat' dir='ltr'><strong>sibus,</strong></span> <span class='ocrx_word' id='word_1_160' title='bbox 533 2566 743 2662; x_wconf 86' lang='lat' dir='ltr'><strong>propensiori</strong></span> <span class='ocrx_word' id='word_1_161' title='bbox 773 2566 872 2640; x_wconf 93' lang='lat' dir='ltr'><strong>illum</strong></span> <span class='ocrx_word' id='word_1_162' title='bbox 899 2565 1087 2642; x_wconf 91' lang='lat' dir='ltr'><strong>colentibus</strong></span> <span class='ocrx_word' id='word_1_163' title='bbox 1115 2567 1180 2642; x_wconf 91' lang='lat' dir='ltr'><strong>fide</strong></span> <span class='ocrx_word' id='word_1_164' title='bbox 1206 2569 1241 2642; x_wconf 92' lang='lat' dir='ltr'><strong>et</strong></span> <span class='ocrx_word' id='word_1_165' title='bbox 1268 2566 1453 2642; x_wconf 86' lang='lat' dir='ltr'><strong>deuotione.</strong></span> <span class='ocrx_word' id='word_1_166' title='bbox 1482 2567 1579 2641; x_wconf 89' lang='lat' dir='ltr'><strong>Nihil</strong></span> <span class='ocrx_word' id='word_1_167' title='bbox 1600 2588 1662 2642; x_wconf 90' lang='lat' dir='ltr'><strong>sua</strong></span> <span class='ocrx_word' id='word_1_168' title='bbox 1678 2568 1715 2642; x_wconf 89' lang='lat' dir='ltr'><strong>et</strong></span> <span class='ocrx_word' id='word_1_169' title='bbox 1732 2589 1868 2642; x_wconf 91' lang='lat' dir='ltr'><strong>suorum</strong></span> <span class='ocrx_word' id='word_1_170' title='bbox 1885 2569 1956 2643; x_wconf 91' lang='lat' dir='ltr'><strong>cla·</strong></span> 
     </span>
     <span class='ocr_line' id='line_1_18' title="bbox 402 2687 1956 2786; baseline 0 -22"><span class='ocrx_word' id='word_1_171' title='bbox 402 2691 454 2781; x_wconf 91' lang='lat' dir='ltr'><strong>de,</strong></span> <span class='ocrx_word' id='word_1_172' title='bbox 482 2710 584 2783; x_wconf 88' lang='lat' dir='ltr'><strong>quam</strong></span> <span class='ocrx_word' id='word_1_173' title='bbox 611 2689 702 2782; x_wconf 89' lang='lat' dir='ltr'><strong>apud</strong></span> <span class='ocrx_word' id='word_1_174' title='bbox 728 2688 927 2784; x_wconf 79' lang='lat' dir='ltr'><strong>Schyeuyor</strong></span> <span class='ocrx_word' id='word_1_175' title='bbox 941 2687 968 2784; x_wconf 85' lang='lat'><strong>⁴)</strong></span> <span class='ocrx_word' id='word_1_176' title='bbox 996 2689 1203 2784; x_wconf 83' lang='lat' dir='ltr'><strong>pertulerat,</strong></span> <span class='ocrx_word' id='word_1_177' title='bbox 1232 2687 1400 2764; x_wconf 92' lang='lat' dir='ltr'><strong>Henricus</strong></span> <span class='ocrx_word' id='word_1_178' title='bbox 1435 2687 1730 2765; x_wconf 85' lang='lat' dir='ltr'><strong>Wratislauiensis</strong></span> <span class='ocrx_word' id='word_1_179' title='bbox 1765 2690 1844 2764; x_wconf 86' lang='lat' dir='ltr'><strong>Dux</strong></span> <span class='ocrx_word' id='word_1_180' title='bbox 1880 2713 1956 2786; x_wconf 93' lang='lat' dir='ltr'><strong>per-</strong></span> 
     </span>
     <span class='ocr_line' id='line_1_19' title="bbox 401 2808 1957 2906; baseline 0.001 -22"><span class='ocrx_word' id='word_1_181' title='bbox 401 2813 540 2902; x_wconf 86' lang='lat' dir='ltr'><strong>fractas,</strong></span> <span class='ocrx_word' id='word_1_182' title='bbox 569 2831 673 2886; x_wconf 83' lang='lat' dir='ltr'><strong>nouas</strong></span> <span class='ocrx_word' id='word_1_183' title='bbox 700 2809 813 2904; x_wconf 90' lang='lat' dir='ltr'><strong>copias</strong></span> <span class='ocrx_word' id='word_1_184' title='bbox 840 2808 1050 2900; x_wconf 71' lang='lat' dir='ltr'><strong>(trecennium,</strong></span> <span class='ocrx_word' id='word_1_185' title='bbox 1081 2832 1175 2905; x_wconf 90' lang='lat' dir='ltr'><strong>spem</strong></span> <span class='ocrx_word' id='word_1_186' title='bbox 1210 2809 1391 2885; x_wconf 90' lang='lat' dir='ltr'><strong>deditionis</strong></span> <span class='ocrx_word' id='word_1_187' title='bbox 1426 2810 1516 2884; x_wconf 93' lang='lat' dir='ltr'><strong>haud</strong></span> <span class='ocrx_word' id='word_1_188' title='bbox 1551 2809 1745 2906; x_wconf 83' lang='lat' dir='ltr'><strong>ambiguam</strong></span> <span class='ocrx_word' id='word_1_189' title='bbox 1782 2812 1957 2887; x_wconf 90' lang='lat' dir='ltr'><strong>nonnullis</strong></span> 
     </span>
     <span class='ocr_line' id='line_1_20' title="bbox 401 2929 1955 3027; baseline 0 -21"><span class='ocrx_word' id='word_1_190' title='bbox 401 2931 530 3007; x_wconf 85' lang='lat' dir='ltr'><strong>civibus</strong></span> <span class='ocrx_word' id='word_1_191' title='bbox 556 2929 832 3006; x_wconf 80' lang='lat' dir='ltr'><strong>Grecouiemibus</strong></span> <span class='ocrx_word' id='word_1_192' title='bbox 858 2930 1089 3022; x_wconf 88' lang='lat' dir='ltr'><strong>afferentibus,</strong></span> <span class='ocrx_word' id='word_1_193' title='bbox 1118 2931 1181 3006; x_wconf 92' lang='lat' dir='ltr'><strong>sub</strong></span> <span class='ocrx_word' id='word_1_194' title='bbox 1207 2929 1347 3006; x_wconf 91' lang='lat' dir='ltr'><strong>Henrici</strong></span> <span class='ocrx_word' id='word_1_195' title='bbox 1383 2931 1487 3007; x_wconf 88' lang='lat' dir='ltr'><strong>Ducis</strong></span> <span class='ocrx_word' id='word_1_196' title='bbox 1523 2929 1761 3027; x_wconf 78' lang='lat' dir='ltr'><strong>bagnionensis</strong></span> <span class='ocrx_word' id='word_1_197' title='bbox 1797 2932 1900 3008; x_wconf 88' lang='lat' dir='ltr'><strong>dueta</strong></span> <span class='ocrx_word' id='word_1_198' title='bbox 1916 2933 1955 3026; x_wconf 84' lang='lat'><strong>⁵),</strong></span> 
     </span>
     <span class='ocr_line' id='line_1_21' title="bbox 402 3049 1955 3146; baseline 0 -18"><span class='ocrx_word' id='word_1_199' title='bbox 402 3075 477 3128; x_wconf 91' lang='lat' dir='ltr'><strong>cum</strong></span> <span class='ocrx_word' id='word_1_200' title='bbox 504 3053 597 3126; x_wconf 87' lang='lat' dir='ltr'><strong>solua</strong></span> <span class='ocrx_word' id='word_1_201' title='bbox 624 3053 765 3128; x_wconf 85' lang='lat' dir='ltr'><strong>eduense</strong></span> <span class='ocrx_word' id='word_1_202' title='bbox 791 3049 985 3128; x_wconf 84' lang='lat' dir='ltr'><strong>valetudine</strong></span> <span class='ocrx_word' id='word_1_203' title='bbox 1013 3050 1232 3145; x_wconf 88' lang='lat' dir='ltr'><strong>detineretur,</strong></span> <span class='ocrx_word' id='word_1_204' title='bbox 1261 3051 1480 3128; x_wconf 89' lang='lat' dir='ltr'><strong>transmittit.</strong></span> <span class='ocrx_word' id='word_1_205' title='bbox 1509 3051 1690 3128; x_wconf 82' lang='lat' dir='ltr'><strong>Exercitus</strong></span> <span class='ocrx_word' id='word_1_206' title='bbox 1717 3052 1833 3146; x_wconf 86' lang='lat' dir='ltr'><strong>itaque</strong></span> <span class='ocrx_word' id='word_1_207' title='bbox 1851 3053 1955 3128; x_wconf 89' lang='lat' dir='ltr'><strong>Ducis</strong></span> 
     </span>
     <span class='ocr_line' id='line_1_22' title="bbox 400 3172 1956 3267; baseline -0.001 -16"><span class='ocrx_word' id='word_1_208' title='bbox 400 3172 693 3251; x_wconf 84' lang='lat' dir='ltr'><strong>Wratislerienais</strong></span> <span class='ocrx_word' id='word_1_209' title='bbox 733 3172 874 3250; x_wconf 90' lang='lat' dir='ltr'><strong>Henrici</strong></span> <span class='ocrx_word' id='word_1_210' title='bbox 909 3175 1058 3250; x_wconf 89' lang='lat' dir='ltr'><strong>latenter</strong></span> <span class='ocrx_word' id='word_1_211' title='bbox 1084 3172 1279 3251; x_wconf 70' lang='lat' dir='ltr'><strong>dumoviam</strong></span> <span class='ocrx_word' id='word_1_212' title='bbox 1307 3173 1498 3267; x_wconf 87' lang='lat' dir='ltr'><strong>adueniens,</strong></span> <span class='ocrx_word' id='word_1_213' title='bbox 1527 3197 1548 3249; x_wconf 89' lang='lat' dir='ltr'><strong>a</strong></span> <span class='ocrx_word' id='word_1_214' title='bbox 1574 3173 1702 3250; x_wconf 83' lang='lat' dir='ltr'><strong>ciuibus</strong></span> <span class='ocrx_word' id='word_1_215' title='bbox 1728 3173 1956 3251; x_wconf 66' lang='lat' dir='ltr'><strong>(bracariensi-</strong></span> 
     </span>
     <span class='ocr_line' id='line_1_23' title="bbox 401 3294 1957 3390; baseline 0.001 -20"><span class='ocrx_word' id='word_1_216' title='bbox 401 3299 462 3370; x_wconf 88' lang='lat' dir='ltr'><strong>bus</strong></span> <span class='ocrx_word' id='word_1_217' title='bbox 491 3297 604 3390; x_wconf 90' lang='lat' dir='ltr'><strong>partes</strong></span> <span class='ocrx_word' id='word_1_218' title='bbox 631 3294 771 3371; x_wconf 89' lang='lat' dir='ltr'><strong>Henrici</strong></span> <span class='ocrx_word' id='word_1_219' title='bbox 811 3294 959 3390; x_wconf 75' lang='lat' dir='ltr'><strong>Ducis⁶l</strong></span> <span class='ocrx_word' id='word_1_220' title='bbox 986 3294 1280 3372; x_wconf 81' lang='lat' dir='ltr'><strong>Wratislarieusis</strong></span> <span class='ocrx_word' id='word_1_221' title='bbox 1307 3295 1537 3387; x_wconf 79' lang='lat' dir='ltr'><strong>sectantibus,</strong></span> <span class='ocrx_word' id='word_1_222' title='bbox 1566 3297 1664 3372; x_wconf 91' lang='lat' dir='ltr'><strong>nocte</strong></span> <span class='ocrx_word' id='word_1_223' title='bbox 1691 3295 1726 3369; x_wconf 95' lang='lat' dir='ltr'><strong>in</strong></span> <span class='ocrx_word' id='word_1_224' title='bbox 1753 3298 1871 3372; x_wconf 89' lang='lat' dir='ltr'><strong>urbem</strong></span> <span class='ocrx_word' id='word_1_225' title='bbox 1897 3319 1957 3372; x_wconf 87' lang='lat' dir='ltr'><strong>ex-</strong></span> 
     </span>
     <span class='ocr_line' id='line_1_24' title="bbox 400 3415 1957 3513; baseline 0 -21"><span class='ocrx_word' id='word_1_226' title='bbox 400 3419 530 3512; x_wconf 86' lang='lat' dir='ltr'><strong>ceptus,</strong></span> <span class='ocrx_word' id='word_1_227' title='bbox 559 3438 679 3512; x_wconf 83' lang='lat' dir='ltr'><strong>pamm</strong></span> <span class='ocrx_word' id='word_1_228' title='bbox 706 3415 829 3508; x_wconf 86' lang='lat' dir='ltr'><strong>abluit,</strong></span> <span class='ocrx_word' id='word_1_229' title='bbox 858 3418 897 3491; x_wconf 91' lang='lat' dir='ltr'><strong>ut</strong></span> <span class='ocrx_word' id='word_1_230' title='bbox 924 3415 1151 3494; x_wconf 88' lang='lat' dir='ltr'><strong>Wladislaum</strong></span> <span class='ocrx_word' id='word_1_231' title='bbox 1187 3418 1320 3493; x_wconf 85' lang='lat' dir='ltr'><strong>Loktek</strong></span> <span class='ocrx_word' id='word_1_232' title='bbox 1359 3417 1449 3494; x_wconf 88' lang='lat' dir='ltr'><strong>inter</strong></span> <span class='ocrx_word' id='word_1_233' title='bbox 1475 3417 1643 3513; x_wconf 87' lang='lat' dir='ltr'><strong>praesidia</strong></span> <span class='ocrx_word' id='word_1_234' title='bbox 1669 3417 1819 3492; x_wconf 91' lang='lat' dir='ltr'><strong>militum</strong></span> <span class='ocrx_word' id='word_1_235' title='bbox 1847 3417 1883 3493; x_wconf 95' lang='lat' dir='ltr'><strong>in</strong></span> <span class='ocrx_word' id='word_1_236' title='bbox 1909 3419 1957 3494; x_wconf 87' lang='lat' dir='ltr'><strong>ci-</strong></span> 
     </span>
     <span class='ocr_line' id='line_1_25' title="bbox 402 3537 1956 3634; baseline 0 -20"><span class='ocrx_word' id='word_1_237' title='bbox 402 3537 508 3614; x_wconf 81' lang='lat' dir='ltr'><strong>uitate</strong></span> <span class='ocrx_word' id='word_1_238' title='bbox 534 3541 779 3630; x_wconf 81' lang='lat' dir='ltr'><strong>obversantem,</strong></span> <span class='ocrx_word' id='word_1_239' title='bbox 809 3537 922 3614; x_wconf 85' lang='lat' dir='ltr'><strong>vivum</strong></span> <span class='ocrx_word' id='word_1_240' title='bbox 951 3561 1017 3613; x_wconf 94' lang='lat' dir='ltr'><strong>non</strong></span> <span class='ocrx_word' id='word_1_241' title='bbox 1044 3541 1187 3633; x_wconf 90' lang='lat' dir='ltr'><strong>caperet.</strong></span> <span class='ocrx_word' id='word_1_242' title='bbox 1231 3539 1296 3634; x_wconf 71' lang='lat' dir='ltr'><strong>Qui</strong></span> <span class='ocrx_word' id='word_1_243' title='bbox 1323 3561 1398 3615; x_wconf 88' lang='lat' dir='ltr'><strong>curn</strong></span> <span class='ocrx_word' id='word_1_244' title='bbox 1435 3538 1609 3614; x_wconf 90' lang='lat' dir='ltr'><strong>nonnullis</strong></span> <span class='ocrx_word' id='word_1_245' title='bbox 1637 3537 1826 3631; x_wconf 90' lang='lat' dir='ltr'><strong>militibus,</strong></span> <span class='ocrx_word' id='word_1_246' title='bbox 1855 3541 1956 3634; x_wconf 90' lang='lat' dir='ltr'><strong>pede·</strong></span> 
     </span>
     <span class='ocr_line' id='line_1_26' title="bbox 400 3659 1957 3756; baseline 0.002 -22"><span class='ocrx_word' id='word_1_247' title='bbox 400 3662 470 3735; x_wconf 90' lang='lat' dir='ltr'><strong>ster</strong></span> <span class='ocrx_word' id='word_1_248' title='bbox 498 3659 647 3736; x_wconf 89' lang='lat' dir='ltr'><strong>hostium</strong></span> <span class='ocrx_word' id='word_1_249' title='bbox 674 3681 814 3751; x_wconf 87' lang='lat' dir='ltr'><strong>manus,</strong></span> <span class='ocrx_word' id='word_1_250' title='bbox 855 3681 997 3753; x_wconf 89' lang='lat' dir='ltr'><strong>quorum</strong></span> <span class='ocrx_word' id='word_1_251' title='bbox 1034 3659 1223 3756; x_wconf 82' lang='lat' dir='ltr'><strong>ingressum</strong></span> <span class='ocrx_word' id='word_1_252' title='bbox 1238 3659 1267 3755; x_wconf 73' lang='lat' dir='ltr'><strong>a)</strong></span> <span class='ocrx_word' id='word_1_253' title='bbox 1303 3660 1433 3735; x_wconf 71' lang='lat' dir='ltr'><strong>madius</strong></span> <span class='ocrx_word' id='word_1_254' title='bbox 1470 3662 1702 3755; x_wconf 86' lang='lat' dir='ltr'><strong>persenserat,</strong></span> <span class='ocrx_word' id='word_1_255' title='bbox 1740 3659 1775 3734; x_wconf 92' lang='lat' dir='ltr'><strong>in</strong></span> <span class='ocrx_word' id='word_1_256' title='bbox 1812 3662 1957 3736; x_wconf 82' lang='lat' dir='ltr'><strong>fratrum</strong></span> 
     </span>
     <span class='ocr_line' id='line_1_27' title="bbox 400 3780 1955 3877; baseline 0.003 -23"><span class='ocrx_word' id='word_1_257' title='bbox 400 3781 568 3856; x_wconf 88' lang='lat' dir='ltr'><strong>llinorum</strong></span> <span class='ocrx_word' id='word_1_258' title='bbox 594 3781 711 3857; x_wconf 88' lang='lat' dir='ltr'><strong>Sancti</strong></span> <span class='ocrx_word' id='word_1_259' title='bbox 738 3780 911 3858; x_wconf 77' lang='lat' dir='ltr'><strong>Francisci</strong></span> <span class='ocrx_word' id='word_1_260' title='bbox 938 3781 1069 3874; x_wconf 87' lang='lat' dir='ltr'><strong>habitu,</strong></span> <span class='ocrx_word' id='word_1_261' title='bbox 1098 3781 1196 3857; x_wconf 92' lang='lat' dir='ltr'><strong>illum</strong></span> <span class='ocrx_word' id='word_1_262' title='bbox 1224 3804 1283 3877; x_wconf 92' lang='lat' dir='ltr'><strong>per</strong></span> <span class='ocrx_word' id='word_1_263' title='bbox 1310 3803 1443 3858; x_wconf 92' lang='lat' dir='ltr'><strong>murum</strong></span> <span class='ocrx_word' id='word_1_264' title='bbox 1471 3803 1531 3856; x_wconf 90' lang='lat' dir='ltr'><strong>suo</strong></span> <span class='ocrx_word' id='word_1_265' title='bbox 1558 3781 1714 3858; x_wconf 90' lang='lat' dir='ltr'><strong>coenobio</strong></span> <span class='ocrx_word' id='word_1_266' title='bbox 1728 3782 1955 3876; x_wconf 90' lang='lat' dir='ltr'><strong>coniunctum,</strong></span> 
     </span>
     <span class='ocr_line' id='line_1_28' title="bbox 400 3901 1950 4000; baseline 0.002 -24"><span class='ocrx_word' id='word_1_267' title='bbox 400 3901 662 3994; x_wconf 89' lang='lat' dir='ltr'><strong>demittentium,</strong></span> <span class='ocrx_word' id='word_1_268' title='bbox 691 3924 791 3998; x_wconf 86' lang='lat' dir='ltr'><strong>aegre</strong></span> <span class='ocrx_word' id='word_1_269' title='bbox 817 3901 947 3997; x_wconf 80' lang='lat' dir='ltr'><strong>effugit.</strong></span> <span class='ocrx_word' id='word_1_270' title='bbox 993 3903 1112 3977; x_wconf 89' lang='lat' dir='ltr'><strong>Plures</strong></span> <span class='ocrx_word' id='word_1_271' title='bbox 1148 3905 1262 3978; x_wconf 66' lang='lat' dir='ltr'><strong>umen</strong></span> <span class='ocrx_word' id='word_1_272' title='bbox 1297 3902 1351 3978; x_wconf 87' lang='lat' dir='ltr'><strong>sui</strong></span> <span class='ocrx_word' id='word_1_273' title='bbox 1388 3902 1514 3978; x_wconf 92' lang='lat' dir='ltr'><strong>milites</strong></span> <span class='ocrx_word' id='word_1_274' title='bbox 1538 3903 1618 3978; x_wconf 91' lang='lat' dir='ltr'><strong>dum</strong></span> <span class='ocrx_word' id='word_1_275' title='bbox 1646 3903 1821 3994; x_wconf 89' lang='lat' dir='ltr'><strong>resistunt,</strong></span> <span class='ocrx_word' id='word_1_276' title='bbox 1851 3927 1950 4000; x_wconf 89' lang='lat' dir='ltr'><strong>repu-</strong></span> 
     </span>
     <span class='ocr_line' id='line_1_29' title="bbox 401 4023 1956 4121; baseline 0.002 -23"><span class='ocrx_word' id='word_1_277' title='bbox 401 4026 589 4119; x_wconf 85' lang='lat' dir='ltr'><strong>gnantque,</strong></span> <span class='ocrx_word' id='word_1_278' title='bbox 617 4025 678 4098; x_wconf 90' lang='lat' dir='ltr'><strong>aut</strong></span> <span class='ocrx_word' id='word_1_279' title='bbox 704 4023 793 4098; x_wconf 91' lang='lat' dir='ltr'><strong>caesi</strong></span> <span class='ocrx_word' id='word_1_280' title='bbox 820 4046 841 4097; x_wconf 89' lang='lat' dir='ltr'><strong>a</strong></span> <span class='ocrx_word' id='word_1_281' title='bbox 867 4023 1002 4099; x_wconf 87' lang='lat' dir='ltr'><strong>Slesitis</strong></span> <span class='ocrx_word' id='word_1_282' title='bbox 1029 4025 1111 4100; x_wconf 81' lang='lat' dir='ltr'><strong>suunt</strong></span> <span class='ocrx_word' id='word_1_283' title='bbox 1137 4026 1199 4098; x_wconf 86' lang='lat' dir='ltr'><strong>aut</strong></span> <span class='ocrx_word' id='word_1_284' title='bbox 1225 4024 1326 4118; x_wconf 89' lang='lat' dir='ltr'><strong>capti.</strong></span> <span class='ocrx_word' id='word_1_285' title='bbox 1354 4025 1418 4099; x_wconf 85' lang='lat' dir='ltr'><strong>Sed</strong></span> <span class='ocrx_word' id='word_1_286' title='bbox 1446 4047 1553 4118; x_wconf 89' lang='lat' dir='ltr'><strong>neque</strong></span> <span class='ocrx_word' id='word_1_287' title='bbox 1579 4025 1685 4100; x_wconf 89' lang='lat' dir='ltr'><strong>Paulo</strong></span> <span class='ocrx_word' id='word_1_288' title='bbox 1703 4025 1860 4121; x_wconf 89' lang='lat' dir='ltr'><strong>episcopo</strong></span> <span class='ocrx_word' id='word_1_289' title='bbox 1877 4027 1956 4101; x_wconf 80' lang='lat' dir='ltr'><strong>Gra·</strong></span> 
     </span>
     <span class='ocr_line' id='line_1_30' title="bbox 400 4144 1957 4240; baseline 0.001 -20"><span class='ocrx_word' id='word_1_290' title='bbox 400 4144 547 4220; x_wconf 86' lang='lat' dir='ltr'><strong>couiensi</strong></span> <span class='ocrx_word' id='word_1_291' title='bbox 576 4165 725 4239; x_wconf 89' lang='lat' dir='ltr'><strong>parsum,</strong></span> <span class='ocrx_word' id='word_1_292' title='bbox 754 4144 811 4236; x_wconf 91' lang='lat' dir='ltr'><strong>qui</strong></span> <span class='ocrx_word' id='word_1_293' title='bbox 840 4147 875 4220; x_wconf 88' lang='lat' dir='ltr'><strong>et</strong></span> <span class='ocrx_word' id='word_1_294' title='bbox 902 4144 974 4240; x_wconf 92' lang='lat' dir='ltr'><strong>ipse</strong></span> <span class='ocrx_word' id='word_1_295' title='bbox 1001 4147 1097 4221; x_wconf 85' lang='lat' dir='ltr'><strong>uelut</strong></span> <span class='ocrx_word' id='word_1_296' title='bbox 1124 4144 1326 4240; x_wconf 86' lang='lat' dir='ltr'><strong>praecipuus</strong></span> <span class='ocrx_word' id='word_1_297' title='bbox 1360 4145 1500 4221; x_wconf 90' lang='lat' dir='ltr'><strong>Henrici</strong></span> <span class='ocrx_word' id='word_1_298' title='bbox 1526 4145 1825 4222; x_wconf 85' lang='lat' dir='ltr'><strong>Wrntislaviensis</strong></span> <span class='ocrx_word' id='word_1_299' title='bbox 1854 4147 1957 4222; x_wconf 90' lang='lat' dir='ltr'><strong>Ducis</strong></span> 
     </span>
     <span class='ocr_line' id='line_1_31' title="bbox 400 4265 1957 4364; baseline 0.002 -24"><span class='ocrx_word' id='word_1_300' title='bbox 400 4265 624 4357; x_wconf 88' lang='lat' dir='ltr'><strong>adversarius,</strong></span> <span class='ocrx_word' id='word_1_301' title='bbox 654 4267 754 4340; x_wconf 90' lang='lat' dir='ltr'><strong>rebus</strong></span> <span class='ocrx_word' id='word_1_302' title='bbox 781 4265 937 4340; x_wconf 90' lang='lat' dir='ltr'><strong>omuibus</strong></span> <span class='ocrx_word' id='word_1_303' title='bbox 964 4268 1099 4358; x_wconf 87' lang='lat' dir='ltr'><strong>exutus,</strong></span> <span class='ocrx_word' id='word_1_304' title='bbox 1129 4266 1272 4362; x_wconf 83' lang='lat' dir='ltr'><strong>captivis</strong></span> <span class='ocrx_word' id='word_1_305' title='bbox 1299 4266 1454 4342; x_wconf 87' lang='lat' dir='ltr'><strong>addictus</strong></span> <span class='ocrx_word' id='word_1_306' title='bbox 1470 4268 1508 4362; x_wconf 78' lang='grc'><strong>8),</strong></span> <span class='ocrx_word' id='word_1_307' title='bbox 1542 4272 1577 4343; x_wconf 87' lang='lat' dir='ltr'><strong>et</strong></span> <span class='ocrx_word' id='word_1_308' title='bbox 1603 4267 1779 4362; x_wconf 88' lang='lat' dir='ltr'><strong>aliquanto</strong></span> <span class='ocrx_word' id='word_1_309' title='bbox 1806 4270 1957 4364; x_wconf 89' lang='lat' dir='ltr'><strong>tempore</strong></span> 
     </span>
     <span class='ocr_line' id='line_1_32' title="bbox 400 4386 1952 4486; baseline 0.002 -25"><span class='ocrx_word' id='word_1_310' title='bbox 400 4389 494 4463; x_wconf 88' lang='lat' dir='ltr'><strong>velut</strong></span> <span class='ocrx_word' id='word_1_311' title='bbox 520 4387 677 4482; x_wconf 88' lang='lat' dir='ltr'><strong>captivus</strong></span> <span class='ocrx_word' id='word_1_312' title='bbox 704 4386 841 4462; x_wconf 89' lang='lat' dir='ltr'><strong>babitus</strong></span> <span class='ocrx_word' id='word_1_313' title='bbox 868 4389 931 4480; x_wconf 91' lang='lat' dir='ltr'><strong>est,</strong></span> <span class='ocrx_word' id='word_1_314' title='bbox 961 4388 1174 4482; x_wconf 86' lang='lat' dir='ltr'><strong>captivitatis</strong></span> <span class='ocrx_word' id='word_1_315' title='bbox 1201 4388 1431 4465; x_wconf 86' lang='lat' dir='ltr'><strong>calamitatem</strong></span> <span class='ocrx_word' id='word_1_316' title='bbox 1458 4390 1561 4464; x_wconf 85' lang='lat' dir='ltr'><strong>tertia</strong></span> <span class='ocrx_word' id='word_1_317' title='bbox 1587 4391 1654 4465; x_wconf 87' lang='lat' dir='ltr'><strong>iarn</strong></span> <span class='ocrx_word' id='word_1_318' title='bbox 1681 4391 1753 4466; x_wconf 81' lang='lat' dir='ltr'><strong>vioe</strong></span> <span class='ocrx_word' id='word_1_319' title='bbox 1780 4393 1952 4486; x_wconf 88' lang='lat' dir='ltr'><strong>expertus.</strong></span> 
     </span>
     <span class='ocr_line' id='line_1_33' title="bbox 401 4508 1956 4607; baseline 0.004 -27"><span class='ocrx_word' id='word_1_320' title='bbox 401 4509 443 4581; x_wconf 94' lang='lat' dir='ltr'><strong>In</strong></span> <span class='ocrx_word' id='word_1_321' title='bbox 472 4510 558 4583; x_wconf 89' lang='lat' dir='ltr'><strong>bona</strong></span> <span class='ocrx_word' id='word_1_322' title='bbox 584 4508 704 4584; x_wconf 91' lang='lat' dir='ltr'><strong>deinde</strong></span> <span class='ocrx_word' id='word_1_323' title='bbox 730 4508 909 4585; x_wconf 90' lang='lat' dir='ltr'><strong>rebellium</strong></span> <span class='ocrx_word' id='word_1_324' title='bbox 936 4509 1096 4601; x_wconf 91' lang='lat' dir='ltr'><strong>militum,</strong></span> <span class='ocrx_word' id='word_1_325' title='bbox 1126 4511 1161 4585; x_wconf 95' lang='lat' dir='ltr'><strong>et</strong></span> <span class='ocrx_word' id='word_1_326' title='bbox 1188 4509 1247 4603; x_wconf 90' lang='lat' dir='ltr'><strong>qui</strong></span> <span class='ocrx_word' id='word_1_327' title='bbox 1274 4509 1464 4588; x_wconf 87' lang='lat' dir='ltr'><strong>Wladislao</strong></span> <span class='ocrx_word' id='word_1_328' title='bbox 1491 4513 1623 4586; x_wconf 87' lang='lat' dir='ltr'><strong>Loktek</strong></span> <span class='ocrx_word' id='word_1_329' title='bbox 1650 4511 1736 4586; x_wconf 89' lang='lat' dir='ltr'><strong>Daci</strong></span> <span class='ocrx_word' id='word_1_330' title='bbox 1755 4511 1956 4607; x_wconf 81' lang='lat' dir='ltr'><strong>Guyaviensi</strong></span> 
     </span>
     <span class='ocr_line' id='line_1_34' title="bbox 399 4628 1955 4723; baseline 0.003 -20"><span class='ocrx_word' id='word_1_331' title='bbox 399 4651 435 4704; x_wconf 90' lang='lat' dir='ltr'><strong>so</strong></span> <span class='ocrx_word' id='word_1_332' title='bbox 462 4628 675 4721; x_wconf 79' lang='lat' dir='ltr'><strong>addixerant,</strong></span> <span class='ocrx_word' id='word_1_333' title='bbox 705 4631 851 4723; x_wconf 91' lang='lat' dir='ltr'><strong>autqui</strong></span> <span class='ocrx_word' id='word_1_334' title='bbox 880 4631 1105 4706; x_wconf 90' lang='lat' dir='ltr'><strong>inditionem</strong></span> <span class='ocrx_word' id='word_1_335' title='bbox 1141 4630 1280 4707; x_wconf 91' lang='lat' dir='ltr'><strong>Henrioi</strong></span> <span class='ocrx_word' id='word_1_336' title='bbox 1317 4631 1609 4708; x_wconf 82' lang='lat' dir='ltr'><strong>Wratislarieusis</strong></span> <span class='ocrx_word' id='word_1_337' title='bbox 1645 4633 1748 4708; x_wconf 85' lang='lat' dir='ltr'><strong>Ducis</strong></span> <span class='ocrx_word' id='word_1_338' title='bbox 1785 4634 1955 4708; x_wconf 89' lang='lat' dir='ltr'><strong>detracta·</strong></span> 
     </span>
     <span class='ocr_line' id='line_1_35' title="bbox 397 4750 1954 4848; baseline 0.003 -24"><span class='ocrx_word' id='word_1_339' title='bbox 397 4751 481 4824; x_wconf 87' lang='lat' dir='ltr'><strong>baut</strong></span> <span class='ocrx_word' id='word_1_340' title='bbox 506 4750 694 4842; x_wconf 90' lang='lat' dir='ltr'><strong>concedere,</strong></span> <span class='ocrx_word' id='word_1_341' title='bbox 724 4773 784 4846; x_wconf 91' lang='lat' dir='ltr'><strong>per</strong></span> <span class='ocrx_word' id='word_1_342' title='bbox 810 4751 939 4827; x_wconf 85' lang='lat' dir='ltr'><strong>Slesiae</strong></span> <span class='ocrx_word' id='word_1_343' title='bbox 965 4755 1000 4827; x_wconf 91' lang='lat' dir='ltr'><strong>et</strong></span> <span class='ocrx_word' id='word_1_344' title='bbox 1018 4751 1157 4827; x_wconf 89' lang='lat' dir='ltr'><strong>Henrici</strong></span> <span class='ocrx_word' id='word_1_345' title='bbox 1177 4751 1470 4828; x_wconf 83' lang='lat' dir='ltr'><strong>Wratislauiensis</strong></span> <span class='ocrx_word' id='word_1_346' title='bbox 1489 4753 1592 4828; x_wconf 89' lang='lat' dir='ltr'><strong>Ducis</strong></span> <span class='ocrx_word' id='word_1_347' title='bbox 1609 4753 1739 4829; x_wconf 89' lang='lat' dir='ltr'><strong>milites</strong></span> <span class='ocrx_word' id='word_1_348' title='bbox 1754 4755 1783 4848; x_wconf 77' lang='grc'><strong>9)</strong></span> <span class='ocrx_word' id='word_1_349' title='bbox 1803 4754 1954 4829; x_wconf 87' lang='lat' dir='ltr'><strong>animad-</strong></span> 
     </span>
     <span class='ocr_line' id='line_1_36' title="bbox 399 4872 1954 4968; baseline 0.003 -22"><span class='ocrx_word' id='word_1_350' title='bbox 399 4893 531 4948; x_wconf 82' lang='lat' dir='ltr'><strong>uersum</strong></span> <span class='ocrx_word' id='word_1_351' title='bbox 572 4872 644 4961; x_wconf 87' lang='lat' dir='ltr'><strong>ast;</strong></span> <span class='ocrx_word' id='word_1_352' title='bbox 686 4875 721 4947; x_wconf 93' lang='lat' dir='ltr'><strong>et</strong></span> <span class='ocrx_word' id='word_1_353' title='bbox 761 4872 837 4967; x_wconf 87' lang='lat' dir='ltr'><strong>egri</strong></span> <span class='ocrx_word' id='word_1_354' title='bbox 876 4895 990 4948; x_wconf 92' lang='lat' dir='ltr'><strong>eorum</strong></span> <span class='ocrx_word' id='word_1_355' title='bbox 1030 4873 1237 4968; x_wconf 85' lang='lat' dir='ltr'><strong>peruastati,</strong></span> <span class='ocrx_word' id='word_1_356' title='bbox 1279 4875 1315 4950; x_wconf 88' lang='lat' dir='ltr'><strong>ot</strong></span> <span class='ocrx_word' id='word_1_357' title='bbox 1351 4874 1464 4951; x_wconf 87' lang='lat' dir='ltr'><strong>curiae</strong></span> <span class='ocrx_word' id='word_1_358' title='bbox 1500 4897 1614 4950; x_wconf 90' lang='lat' dir='ltr'><strong>eorum</strong></span> <span class='ocrx_word' id='word_1_359' title='bbox 1650 4876 1815 4968; x_wconf 89' lang='lat' dir='ltr'><strong>aedesque</strong></span> <span class='ocrx_word' id='word_1_360' title='bbox 1842 4876 1954 4952; x_wconf 91' lang='lat' dir='ltr'><strong>incen-</strong></span> 
     </span>
    </p>
   </div>
   <div class='ocr_carea' id='block_1_3' title="bbox 399 5167 1955 5460">
    <p class='ocr_par' dir='ltr' id='par_1_3' title="bbox 399 5167 1955 5460">
     <span class='ocr_line' id='line_1_37' title="bbox 508 5167 1955 5249; baseline 0.003 -20"><span class='ocrx_word' id='word_1_361' title='bbox 508 5168 530 5247; x_wconf 85' lang='lat'><strong>¹)</strong></span> <span class='ocrx_word' id='word_1_362' title='bbox 553 5171 748 5232; x_wconf 84' lang='lat' dir='ltr'><strong>Praemislaus</strong></span> <span class='ocrx_word' id='word_1_363' title='bbox 769 5171 830 5232; x_wconf 77' lang='lat' dir='ltr'><strong>Ed.</strong></span> <span class='ocrx_word' id='word_1_364' title='bbox 854 5171 941 5248; x_wconf 72' lang='lat' dir='ltr'><strong>Dipo.</strong></span> <span class='ocrx_word' id='word_1_365' title='bbox 985 5167 1012 5248; x_wconf 74' lang='lat'><strong>²)</strong></span> <span class='ocrx_word' id='word_1_366' title='bbox 1035 5171 1283 5234; x_wconf 79' lang='lat' dir='ltr'><strong>Iiossoskouicze</strong></span> <span class='ocrx_word' id='word_1_367' title='bbox 1318 5170 1390 5231; x_wconf 87' lang='lat' dir='ltr'><strong>Ood.</strong></span> <span class='ocrx_word' id='word_1_368' title='bbox 1418 5172 1511 5233; x_wconf 80' lang='lat' dir='ltr'><strong>Roar.</strong></span> <span class='ocrx_word' id='word_1_369' title='bbox 1551 5169 1578 5249; x_wconf 83' lang='lat'><strong>³)</strong></span> <span class='ocrx_word' id='word_1_370' title='bbox 1601 5171 1740 5233; x_wconf 85' lang='lat' dir='ltr'><strong>Szieuior</strong></span> <span class='ocrx_word' id='word_1_371' title='bbox 1772 5171 1844 5236; x_wconf 78' lang='lat' dir='ltr'><strong>Ood.</strong></span> <span class='ocrx_word' id='word_1_372' title='bbox 1867 5174 1955 5234; x_wconf 70' lang='lat' dir='ltr'><strong>Roas.</strong></span> 
     </span>
     <span class='ocr_line' id='line_1_38' title="bbox 406 5269 1955 5356; baseline 0.003 -23"><span class='ocrx_word' id='word_1_373' title='bbox 406 5269 433 5350; x_wconf 84' lang='lat'><strong>⁴)</strong></span> <span class='ocrx_word' id='word_1_374' title='bbox 457 5274 595 5336; x_wconf 84' lang='lat' dir='ltr'><strong>Suieuior</strong></span> <span class='ocrx_word' id='word_1_375' title='bbox 620 5273 692 5339; x_wconf 81' lang='lat' dir='ltr'><strong>God.</strong></span> <span class='ocrx_word' id='word_1_376' title='bbox 716 5277 808 5336; x_wconf 82' lang='lat' dir='ltr'><strong>Roar.</strong></span> <span class='ocrx_word' id='word_1_377' title='bbox 844 5271 870 5352; x_wconf 62' lang='grc' dir='ltr'><strong>ὁ)</strong></span> <span class='ocrx_word' id='word_1_378' title='bbox 892 5275 1000 5336; x_wconf 82' lang='lat' dir='ltr'><strong>ducatu</strong></span> <span class='ocrx_word' id='word_1_379' title='bbox 1026 5273 1097 5336; x_wconf 79' lang='lat' dir='ltr'><strong>Ood.</strong></span> <span class='ocrx_word' id='word_1_380' title='bbox 1115 5273 1189 5336; x_wconf 77' lang='lat' dir='ltr'><strong>Aac.</strong></span> <span class='ocrx_word' id='word_1_381' title='bbox 1226 5271 1254 5356; x_wconf 82' lang='lat'><strong>⁶)</strong></span> <span class='ocrx_word' id='word_1_382' title='bbox 1277 5277 1368 5336; x_wconf 89' lang='lat' dir='ltr'><strong>Ducis</strong></span> <span class='ocrx_word' id='word_1_383' title='bbox 1391 5277 1476 5337; x_wconf 82' lang='lat' dir='ltr'><strong>deest·</strong></span> <span class='ocrx_word' id='word_1_384' title='bbox 1496 5279 1531 5337; x_wconf 81' lang='lat' dir='ltr'><strong>ia</strong></span> <span class='ocrx_word' id='word_1_385' title='bbox 1561 5275 1630 5340; x_wconf 69' lang='grc' dir='ltr'><strong>θοι).</strong></span> <span class='ocrx_word' id='word_1_386' title='bbox 1654 5275 1727 5338; x_wconf 79' lang='lat' dir='ltr'><strong>Aut.</strong></span> <span class='ocrx_word' id='word_1_387' title='bbox 1754 5273 1780 5354; x_wconf 78' lang='grc'><strong>7)</strong></span> <span class='ocrx_word' id='word_1_388' title='bbox 1804 5279 1955 5340; x_wconf 85' lang='lat' dir='ltr'><strong>adventum</strong></span> 
     </span>
     <span class='ocr_line' id='line_1_39' title="bbox 399 5376 1817 5460; baseline 0.004 -24"><span class='ocrx_word' id='word_1_389' title='bbox 399 5376 459 5438; x_wconf 80' lang='lat' dir='ltr'><strong>Ed.</strong></span> <span class='ocrx_word' id='word_1_390' title='bbox 482 5377 570 5454; x_wconf 82' lang='lat' dir='ltr'><strong>Lipa.</strong></span> <span class='ocrx_word' id='word_1_391' title='bbox 596 5376 623 5458; x_wconf 67' lang='grc' dir='ltr'><strong>ὃ)</strong></span> <span class='ocrx_word' id='word_1_392' title='bbox 646 5384 749 5454; x_wconf 85' lang='lat' dir='ltr'><strong>captas</strong></span> <span class='ocrx_word' id='word_1_393' title='bbox 772 5385 803 5440; x_wconf 85' lang='lat' dir='ltr'><strong>ab</strong></span> <span class='ocrx_word' id='word_1_394' title='bbox 823 5379 967 5440; x_wconf 89' lang='lat' dir='ltr'><strong>abductus</strong></span> <span class='ocrx_word' id='word_1_395' title='bbox 993 5379 1064 5442; x_wconf 73' lang='lat' dir='ltr'><strong>dod.</strong></span> <span class='ocrx_word' id='word_1_396' title='bbox 1087 5381 1180 5444; x_wconf 77' lang='lat' dir='ltr'><strong>Roar.</strong></span> <span class='ocrx_word' id='word_1_397' title='bbox 1205 5377 1234 5460; x_wconf 76' lang='lat'><strong>⁹)</strong></span> <span class='ocrx_word' id='word_1_398' title='bbox 1257 5381 1366 5444; x_wconf 88' lang='lat' dir='ltr'><strong>milites</strong></span> <span class='ocrx_word' id='word_1_399' title='bbox 1389 5387 1420 5445; x_wconf 88' lang='lat' dir='ltr'><strong>et</strong></span> <span class='ocrx_word' id='word_1_400' title='bbox 1441 5383 1601 5443; x_wconf 85' lang='lat' dir='ltr'><strong>exercitum</strong></span> <span class='ocrx_word' id='word_1_401' title='bbox 1627 5377 1698 5444; x_wconf 77' lang='lat' dir='ltr'><strong>(lod.</strong></span> <span class='ocrx_word' id='word_1_402' title='bbox 1721 5383 1817 5444; x_wconf 80' lang='lat' dir='ltr'><strong>Roar.</strong></span> 
     </span>
    </p>
   </div>
   <div class='ocr_carea' id='block_1_4' title="bbox 0 0 2100 6272">
    <p class='ocr_par' dir='ltr' id='par_1_4' title="bbox 0 0 2100 6272">
     <span class='ocr_line' id='line_1_40' title="bbox 0 0 2100 6272; baseline 0 1"><span class='ocrx_word' id='word_1_403' title='bbox 0 0 2100 6272; x_wconf 95' lang='lat' dir='ltr'><strong> </strong></span> 
     </span>
    </p>
   </div>
  </div>
 </body>
</html>
