4140 6298
366 564 440 638 278
970 585 1082 636 umus
1108 585 1301 637 susumus.
1653 507 1716 656 (Α.
1736 559 1783 638 D.
1803 563 1915 660 1241.)

364 771 534 868 regionem
568 766 707 846 uastant
741 771 776 845 et
808 771 956 845 exurunt
975 771 1011 864 ¹).
1048 769 1181 845 Exinde
1208 769 1501 845 Rathiborieneem
1532 791 1623 843 oram
1651 769 1788 862 adeunt,
1815 771 1851 845 et
1876 769 1914 846 in

364 887 557 968 Bolesicslro
572 891 600 985 ²)
617 889 744 966 ¹diebus
772 893 846 968 octo
873 892 1046 983 demorati,
1079 892 1115 966 in
1141 891 1324 966 hlorauiam
1360 914 1436 967 cum
1464 913 1587 986 magne
1613 892 1711 967 caede
1738 893 1910 968 secedunt.

363 1016 490 1110 dorpus
517 1013 619 1087 Ducis
653 1013 794 1088 Honrici
830 1017 906 1108 post
932 1013 1003 1089 dios
1030 1015 1155 1108 plures,
1192 1013 1369 1088 Thartaris
1395 1012 1628 1088 Rathiboriam
1654 1013 1857 1089 abeuntibus
1871 1011 1911 1108 ³),

364 1135 406 1211 ad
433 1135 644 1230 sepulturam
671 1135 875 1227 quaesitum,
906 1135 985 1209 dum
1013 1135 1103 1209 iuter
1129 1136 1303 1226 cadavera,
1332 1157 1370 1211 eo
1397 1135 1485 1229 quod
1510 1134 1601 1210 tosta
1627 1136 1785 1210 truncum
1812 1137 1911 1226 esset,

364 1255 490 1334 dinosci
517 1280 585 1332 non
612 1260 735 1352 posset,
772 1257 893 1334 relicta
929 1279 990 1332 sua
1015 1257 1158 1333 Ducissa
1193 1255 1294 1332 Anna
1329 1257 1466 1352 signum
1501 1257 1614 1348 dante,
1651 1257 1740 1348 qnod
1766 1255 1802 1330 in
1830 1257 1913 1351 pods

364 1381 458 1455 laevo
486 1401 546 1454 sex
573 1378 698 1474 digitos
733 1380 884 1471 haberet,
921 1379 1058 1454 tandem
1097 1379 1267 1474 repertum
1294 1381 1348 1454 ost
1373 1379 1408 1453 ot
1435 1377 1694 1454 Wratislauiam
1720 1377 1912 1468 deductum,

364 1501 400 1575 in
428 1499 569 1575 ecclesia
596 1499 712 1575 Sancti
740 1500 852 1576 Iacobi
880 1501 969 1595 apud
995 1502 1133 1577 Fratres
1166 1499 1321 1592 minores,
1359 1499 1480 1575 solutis
1506 1499 1671 1591 omnibus,
1709 1521 1796 1591 quae
1823 1499 1914 1576 tanti

364 1621 532 1716 Principis
558 1621 592 1696 et
619 1621 772 1696 athletae
808 1621 871 1696 Del
907 1622 1018 1697 funeri
1054 1622 1213 1698 solvenda
1247 1622 1355 1712 erant,
1392 1620 1429 1696 in
1465 1619 1558 1696 chori
1593 1619 1701 1696 modio
1727 1621 1911 1716 sepultum.

364 1745 407 1818 In
434 1743 547 1820 eodem
574 1742 712 1838 insuper
739 1743 855 1818 Sancti
882 1743 994 1817 Iacchi
1022 1742 1222 1819 monasterio
1248 1765 1385 1837 corpora
1418 1741 1598 1836 Pomponis
1623 1741 1781 1837 Magistri
1808 1745 1911 1817 Prus-

364 1865 435 1939 sias
470 1866 506 1941 et
540 1865 701 1938 Fratrum
737 1886 883 1956 suorum,
925 1864 1108 1941 Clementis
1143 1863 1288 1959 palatini
1323 1863 1579 1959 illogoviensiS,
1620 1862 1760 1938 Sulislai
1795 1863 1913 1939 hetris

363 1985 556 2064 Wlodimiri
584 1984 728 2080 paletini
759 1984 998 2078 cracoviensis,
1037 1985 1182 2061 Ounradi
1218 1984 1462 2076 Ounradouica,
1500 1985 1665 2080 Stephani
1701 1985 1741 2061 do
1767 1984 1914 2062 Wirhua

365 2110 400 2182 ot
427 2107 491 2182 lilii
518 2107 571 2181 sui
599 2106 766 2199 Andreae,
795 2107 989 2199 clementis,
1018 2108 1165 2182 Thomas
1190 2105 1431 2203 Pyotrhouicc,
1464 2105 1558 2182 Petri
1583 2105 1682 2182 Kuaa
1708 2107 1743 2182 et
1769 2106 1913 2182 aliorum

366 2229 506 2303 humata
533 2229 624 2303 sunt.
670 2227 813 2303 Femina
848 2227 1024 2305 benedicta
1058 2227 1225 2324 Hedvigis
1252 2226 1390 2304 Henrici
1418 2249 1495 2303 cum
1520 2229 1627 2302 barba
1651 2226 1755 2303 Ducis
1782 2226 1913 2303 Wrati·

364 2349 541 2427 slaviensie
568 2349 699 2442 relicta,
728 2351 808 2424 dum
834 2351 877 2424 ad
904 2372 939 2426 se
967 2349 1108 2425 nuntius
1134 2349 1256 2442 tristis,
1285 2348 1481 2425 occisionem
1506 2347 1571 2423 filii
1598 2347 1736 2424 Henrici
1754 2349 1790 2424 et
1807 2347 1915 2424 totius

364 2472 417 2546 sui
443 2471 614 2548 exercitus
640 2471 854 2563 denuntians
884 2472 1035 2566 perlatus
1062 2473 1161 2564 esset,
1190 2493 1321 2546 omnem
1349 2470 1454 2546 animi
1481 2469 1628 2546 materni
1654 2470 1782 2544 motum
1800 2469 1837 2543 in
1855 2492 1914 2564 po-

363 2595 490 2670 testate
516 2592 648 2686 habuit,
685 2594 721 2669 ot
756 2593 878 2668 nedum
914 2592 1098 2668 lachrimas
1125 2591 1247 2685 emisit,
1285 2593 1342 2668 sod
1375 2615 1437 2667 nec
1462 2591 1598 2668 tristem
1632 2591 1767 2666 uultum
1793 2591 1913 2686 gessit.

364 2714 542 2791 Ducissam
568 2713 707 2809 insuper
732 2714 867 2789 Annam
894 2713 959 2789 filii
986 2714 1039 2788 sui
1066 2713 1205 2789 Henrici
1232 2713 1397 2806 relictam,
1425 2714 1461 2789 ot
1479 2711 1754 2788 sanctimoniales
1771 2713 1844 2788 tam
1861 2711 1915 2786 in·

365 2835 461 2932 genti
488 2837 607 2912 dolore
627 2835 784 2929 afflictas,
814 2837 853 2911 ut
879 2859 964 2931 peno
992 2838 1141 2911 mortuae
1167 2836 1393 2926 crederentur,
1421 2835 1543 2911 adetn
1569 2835 1605 2910 et
1630 2832 1790 2910 lamentis
1806 2833 1835 2928 ⁴)
1860 2855 1914 2908 co·

364 2957 514 3051 hibebat,
552 2979 702 3034 asserens
729 2979 844 3034 casum
871 2957 977 3034 cladis
1003 2957 1098 3032 illius
1126 2979 1170 3034 ox
1195 2956 1259 3032 Dei
1285 2958 1472 3049 uoluntate,
1506 2953 1684 3049 quaesibi
1711 2957 1791 3030 ante
1817 2954 1913 3031 inno·

364 3081 490 3173 tuerat,
518 3080 764 3176 procedentem,
791 3082 889 3175 grate
916 3079 1030 3176 potius
1057 3101 1157 3174 quam
1184 3080 1325 3156 moleste
1351 3077 1435 3154 ferri
1461 3080 1625 3174 oportere.
1662 3077 1757 3154 Func
1783 3100 1915 3170 quoque

365 3203 525 3278 exultans
551 3201 687 3297 spiritu,
716 3202 847 3278 eleuata
873 3201 910 3277 iu
936 3203 1043 3278 Deum
1070 3201 1244 3278 deuotione
1272 3201 1504 3296 depromebat:
1532 3197 1690 3276 Glorihco
1715 3199 1762 3294 to,
1790 3197 1913 3294 iuquit,

365 3323 627 3401 clementissime
661 3326 763 3416 Deus,
800 3325 889 3417 qnod
924 3325 1029 3400 talem
1065 3323 1175 3398 filium
1201 3325 1237 3400 te
1264 3324 1410 3399 donante
1445 3322 1630 3419 genuerim,
1666 3319 1726 3416 qui
1760 3320 1915 3396 inomni

365 3446 437 3522 vita
464 3469 526 3522 sua
552 3445 703 3522 debitum
730 3469 861 3541 sempor
893 3446 976 3520 mihi
1003 3445 1177 3541 praestitit
1203 3447 1372 3538 honorem,
1411 3444 1612 3520 charitatem
1638 3446 1674 3521 et
1699 3443 1916 3534 famulatum,

366 3589 473 3662 neque
500 3588 650 3661 unquam
686 3567 860 3663 praestitit
886 3591 921 3642 se
948 3566 1032 3641 mihi
1067 3568 1129 3642 out
1160 3567 1339 3643 molestum
1366 3568 1427 3641 aut
1452 3567 1616 3642 offensum
1631 3565 1672 3661 ⁸).
1717 3565 1826 3657 Quem
1852 3563 1918 3639 etsi

366 3711 425 3784 pro
452 3686 642 3764 conditione
678 3687 832 3762 mortalis
867 3687 968 3762 huius
994 3689 1030 3762 et
1056 3687 1199 3763 caducas
1225 3685 1317 3763 vitae
1344 3687 1496 3782 optarem
1533 3707 1664 3782 semper
1695 3684 1779 3760 mihi
1807 3683 1918 3760 uivere

365 3813 401 3884 et
427 3808 628 3884 incolumem
663 3829 748 3900 esso,
786 3808 896 3904 magis
931 3811 1045 3884 tamen
1084 3805 1206 3904 deligo,
1245 3808 1372 3904 glorior
1407 3810 1442 3882 et
1468 3808 1597 3898 exulto,
1635 3807 1723 3899 quod
1759 3827 1819 3901 per
1847 3805 1918 3881 eius

366 3929 566 4025 sanguinem
602 3951 662 4023 pro
689 3932 723 4004 te
749 3931 785 4005 et
810 3931 871 4004 tua
907 3929 1070 4025 religiono
1097 3931 1250 4022 offusum,
1290 3929 1442 4004 redditus
1477 3930 1530 4004 est
1564 3927 1631 4004 tibi
1666 3949 1727 4003 suo
1753 3926 1914 4019 Creatori,

367 4051 461 4128 cuius
487 4049 635 4124 animam
662 4052 807 4146 supplex
834 4053 869 4127 et
896 4053 1068 4146 prostrata
1094 4053 1174 4128 tuae
1202 4050 1372 4127 maiestati
1399 4049 1576 4126 humiliter
1602 4049 1805 4125 commendo.
1838 4049 1914 4126 cor-

366 4194 430 4269 pus
465 4171 614 4248 Boleslai
650 4171 715 4245 filii
751 4171 887 4267 Dipoldi
923 4171 1128 4248 Marchiouis
1163 4172 1330 4249 Menariae
1366 4172 1401 4246 in
1436 4171 1616 4267 Lubens⁶)
1651 4169 1915 4247 monasterioin

366 4315 599 4370 conversorum
635 4294 735 4368 choro
770 4295 941 4389 sepultum
973 4296 1046 4383 est;
1082 4315 1183 4389 super
1219 4297 1351 4371 caetera
1386 4315 1524 4390 corpora
1558 4291 1730 4385 fidelium,
1767 4313 1855 4386 quae
1880 4291 1916 4366 in

367 4414 487 4511 praelii
522 4415 594 4489 loco
627 4415 823 4508 sepulturae
859 4415 1020 4490 mandata
1046 4417 1138 4508 sunt,
1175 4415 1317 4492 ecclesia
1351 4415 1388 4490 in
1414 4416 1503 4490 hanc
1537 4413 1641 4490 etiam
1676 4413 1764 4490 diem
1791 4412 1918 4488 deusne

367 4535 572 4611 constructa.
599 4535 712 4636 (bladis
739 4538 852 4612 autmn
879 4535 1097 4612 Tharteriooe
1124 4537 1322 4632 magnitudo
1349 4538 1385 4612 et
1415 4535 1580 4612 acerbitas
1607 4534 1712 4610 stiam
1737 4557 1782 4611 ox
1808 4532 1919 4610 litoris

368 4655 498 4731 Summi
524 4655 698 4732 Pontificio
725 4659 837 4752 potest
863 4657 1078 4753 deprehendi.
1124 4658 1181 4732 Ita
1206 4657 1296 4734 onim
1323 4658 1358 4731 in
1385 4657 1497 4733 literis
1533 4655 1740 4752 apostolicis,
1778 4655 1919 4732 (trucem

368 4779 481 4864 datam
509 4800 569 4873 pro
596 4776 744 4854 subsidio
770 4777 930 4856 Poloniee
957 4780 1075 4856 contra
1101 4779 1285 4855 Tharteros
1311 4778 1605 4874 continentibus⁷)
1631 4777 1796 4873 scriptum
1822 4799 1919 4872 ropa-

367 4898 490 4974 rimus:
518 4899 621 4975 Porro
648 4898 742 4976 uaria
768 4901 848 4975 sunt
874 4902 910 4976 ot
936 4899 1068 4977 diuersa
1094 4903 1129 4976 et
1155 4900 1333 4976 admodum
1360 4899 1571 4997 grauissima,
1600 4919 1685 4993 quae
1711 4898 1784 4975 sine
1810 4897 1918 4974 inter-

368 5020 534 5118 positione
560 5019 711 5096 animum
739 5023 891 5097 nostrum
918 5023 1086 5118 premunt,
1114 5021 1282 5114 videlicet,
1310 5043 1436 5120 urgens
1462 5020 1637 5118 negotium
1662 5021 1786 5098 Terrae
1812 5020 1917 5097 Sana·

476 5314 502 5395 ¹)
524 5317 693 5382 incendunt.
709 5317 770 5380 Ed.
793 5316 880 5395 Lapa.
915 5315 1097 5396 Ἣονείίαη
1120 5317 1286 5391 Golesiclro,
1309 5317 1496 5380 territorium
1507 5310 1706 5400 (opaviam)
1727 5317 1765 5379 iro
1778 5317 1919 5380 minio

367 5421 529 5483 croccae
549 5425 576 5484 ct
599 5421 727 5486 Filoeicc
748 5423 850 5486 eitum
889 5420 917 5501 ὅ)
940 5423 1115 5484 adeuntibus
1142 5421 1212 5486 coo.
1234 5421 1300 5485 Ia’e.
1340 5417 1367 5504 ⁴)
1388 5423 1544 5498 lachrymis
1566 5421 1625 5484 Ed.
1647 5423 1733 5499 Lipe.
1773 5417 1801 5501 ι)
1823 5419 1917 5484 misu-

270 5531 274 5542 '
370 5542 443 5589 sum.
471 5524 543 5590 God.
565 5527 660 5594 Rocr.
699 5523 878 5612 ⁸)Lubeusi
904 5525 975 5592 Ood.
1001 5529 1095 5598 Rocr.
1135 5524 1163 5617 7)
1186 5527 1405 5595 continentibus
1427 5527 1505 5591 dccet
1523 5511 1562 5594 ¹r'o
1587 5525 1657 5591 ooo.
1679 5523 1753 5592 Aac.
