4246 6274
395 567 444 641 50
1013 588 1124 642 umus
1148 587 1321 684 'sumnus
1661 565 1722 663 (Α.
1753 563 1798 644 D.
1827 564 1933 660 1158.)

394 796 525 869 nenses,
555 775 707 852 Bavoros
727 773 762 871 ¹),
791 774 951 869 Saxones,
980 777 1216 874 Lothoringos,
1244 778 1440 868 Misnenses,
1469 779 1504 853 et
1523 778 1609 870 quod
1629 799 1769 874 magnae
1796 798 1931 853 execra-

393 897 496 974 tionis
523 899 656 994 poterat
682 897 798 990 videri,
827 897 917 993 ipsos
943 899 1046 975 etiarn
1063 901 1213 1000 Moravos
1240 903 1275 976 et
1300 901 1475 992 Bohemos,
1503 899 1604 975 unius
1630 923 1714 997 pene
1732 899 1933 977 cinctionis

393 1043 469 1096 curn
495 1020 630 1094 Polonis
658 1022 691 1094 et
717 1019 864 1116 linguae,
893 1023 1009 1097 contra
1036 1023 1178 1098 Polonos
1205 1022 1343 1098 vidisses
1370 1023 1495 1098 infesta
1512 1046 1606 1098 arma
1632 1023 1791 1099 induisse.
1819 1024 1932 1118 Impe-

393 1144 486 1217 rator
512 1141 627 1235 itaque
653 1141 843 1218 Fridericus
871 1145 986 1218 contra
1012 1145 1155 1220 Polonos
1189 1145 1396 1240 procinctum
1412 1145 1439 1241 ²)
1476 1168 1629 1238 movens,
1667 1169 1741 1222 cum
1778 1143 1935 1220 inanimis

393 1263 498 1359 copiis
533 1267 575 1340 ad
612 1264 751 1340 fluvium
786 1266 907 1340 Odram
942 1289 1016 1342 cum
1053 1289 1176 1362 magna
1212 1267 1413 1344 difficultate
1450 1268 1659 1363 penetravit,
1688 1269 1722 1344 et
1749 1267 1933 1343 Undecimo

392 1387 555 1462 delendas
582 1387 788 1483 Septembris
816 1389 938 1464 Odram
964 1412 1040 1464 cum
1066 1390 1157 1465 omni
1184 1390 1333 1466 exercitu
1360 1393 1491 1486 praeter
1517 1391 1705 1486 opinionem
1732 1391 1933 1465 Polonorum

394 1509 628 1586 transvadavit
643 1509 682 1604 Π).
735 1511 911 1594 Boleslaus
938 1511 1068 1604 itaque,
1097 1513 1303 1608 hlpeczslaus
1330 1515 1365 1589 et
1390 1513 1557 1589 Henrious
1583 1513 1782 1589 Polouorum
1809 1513 1931 1602 Duces,

395 1631 547 1724 quamvis
575 1634 609 1707 et
636 1632 702 1727 ipsi
730 1655 804 1708 cunr
831 1657 965 1710 suorum
992 1621 1141 1709 militurn
1177 1635 1457 1712 exercitatissimo
1490 1639 1603 1712 robore
1629 1634 1827 1731 Imperatori
1856 1633 1933 1707 Fri·

393 1754 503 1829 derico
531 1755 762 1846 occurrissent,
790 1755 879 1830 vires
906 1759 1019 1832 tamen
1047 1779 1124 1833 suas
1151 1758 1327 1850 metiendo,
1356 1759 1434 1832 dum
1453 1758 1530 1834 illas
1557 1759 1725 1834 constaret
1751 1756 1935 1833 hostilibus

392 1877 499 1952 multo
526 1875 699 1952 inferiores
726 1880 761 1953 et
787 1878 947 1975 dispares,
977 1881 1105 1956 hostem
1126 1903 1168 1956 ex
1186 1880 1317 1956 insidiis
1343 1883 1377 1957 et
1404 1881 1610 1976 paludinosis
1638 1883 1673 1955 et
1699 1879 1824 1972 iniquis
1851 1877 1934 1954 locis

391 2000 550 2075 lacessere
578 1999 726 2076 contenti
744 1999 782 2096 ⁴),
812 2001 848 2076 in
867 2002 1042 2078 discrimen
1062 2003 1227 2079 notorium
1254 2004 1428 2081 universae
1456 1983 1762 2079 dimicationis'non
1780 2001 1933 2078 veniunt.

393 2121 525 2196 Turmis
552 2145 682 2214 quoque
709 2123 857 2199 militum
884 2127 919 2200 et
945 2125 1027 2200 belli
1053 2127 1246 2202 muneribus
1280 2127 1368 2203 inter
1394 2150 1430 2204 ee
1457 2127 1612 2222 partitis,
1640 2127 1675 2201 in
1703 2127 1776 2202 loca
1802 2125 1936 2200 diversa

393 2245 528 2336 abeunt,
556 2245 659 2336 atque
685 2268 728 2320 ex
757 2245 826 2320 illis
853 2247 965 2323 hostes
992 2248 1159 2324 incautius
1187 2249 1383 2344 praedatum
1421 2252 1481 2325 aut
1517 2249 1712 2345 pabulatum
1740 2267 1936 2344 progressos

393 2367 453 2441 aut
479 2367 628 2462 capiunt,
657 2370 717 2443 aut
743 2367 952 2445 interimunt.
994 2370 1114 2446 Omnia
1149 2372 1285 2467 insuper
1321 2374 1403 2464 loca,
1432 2395 1491 2467 per
1518 2395 1601 2466 quae
1628 2371 1847 2467 Imperatoris
1873 2391 1934 2445 ex-

393 2487 517 2564 ercitus
544 2489 749 2565 transiturus
776 2494 860 2582 erat,
889 2494 924 2568 et
939 2491 966 2588 ⁶)
994 2493 1042 2567 eis
1069 2493 1248 2586 viciniora,
1287 2495 1376 2570 inter
1402 2517 1487 2588 quae
1514 2497 1624 2569 castra
1650 2495 1683 2569 et
1710 2493 1833 2589 oppida
1860 2515 1935 2566 rnu-

393 2610 476 2704 nita,
504 2611 661 2687 videlicet
687 2611 825 2709 Glogovv
850 2616 884 2690 et
912 2615 1060 2707 Bithom,
1089 2616 1168 2712 igne
1194 2617 1315 2693 iniecto
1343 2619 1561 2692 consumunt:
1606 2639 1692 2710 quae
1719 2639 1772 2692 res
1799 2615 1833 2690 in
1862 2637 1934 2689 ma·

394 2754 479 2828 guas
515 2732 754 2826 difficultates,
792 2739 976 2812 commeatu
1013 2740 1048 2812 et
1075 2739 1198 2833 pabulo
1234 2738 1425 2831 deficiente,
1462 2739 1713 2834 imperatorium
1748 2736 1935 2814 exercitum

394 2855 541 2930 induxit.
586 2857 628 2930 Iu
655 2855 800 2953 singulis
828 2881 956 2954 quoque
984 2860 1119 2936 stativis
1153 2883 1295 2958 magnus
1330 2885 1488 2955 equorum
1523 2883 1680 2937 numerus
1715 2861 1804 2936 fame
1839 2861 1934 2935 tabe-

378 2977 504 3052 iactus
539 2977 760 3072 subsistebat,
798 2981 1055 3077 frequentesque
1091 2983 1215 3060 milites
1242 3007 1285 3058 en
1311 2984 1424 3059 ordine
1451 2983 1598 3077 equestri
1624 2985 1663 3062 ad
1692 2983 1842 3079 peditum
1870 3005 1935 3056 nu·
1967 3074 1969 3078 Ι

394 3121 520 3175 rnerum
549 3100 673 3175 redacti
701 3105 817 3190 eront;
846 3126 905 3179 nec
932 3105 1189 3200 pabulatoresb
1216 3105 1288 3180 sine
1315 3105 1492 3182 manifesto
1519 3106 1667 3201 periculo
1694 3105 1734 3180 ad
1756 3104 1936 3180 remotiora

393 3222 466 3297 loca
492 3222 646 3317 progredi
673 3225 829 3318 poterant
855 3227 1035 3320 quaerendi
1063 3227 1178 3323 pabuli
1205 3228 1335 3324 gratia,
1364 3227 1558 3323 periculosis
1584 3227 1716 3303 insidiis
1743 3229 1803 3302 aut
1829 3225 1936 3301 truci·

393 3343 504 3434 dandi,
532 3346 593 3418 aut
618 3345 791 3441 capiendi;
828 3351 942 3424 crebra
968 3372 1098 3443 quoque
1125 3349 1272 3446 priorum
1300 3373 1387 3425 mors
1414 3352 1448 3426 et
1475 3349 1653 3426 trucidatio
1680 3350 1827 3442 reliquos
1855 3349 1937 3424 adeo

394 3468 572 3558 terruerat,
600 3469 639 3541 nt
666 3467 702 3542 in
729 3468 874 3566 singulis
901 3471 1016 3564 silvis,
1045 3471 1137 3546 rubis
1173 3475 1233 3548 aut
1264 3473 1395 3548 silvetis
1432 3473 1571 3548 insidias
1598 3473 1798 3548 Polonorum
1827 3469 1935 3546 consi-

394 3591 482 3663 stere
518 3591 723 3665 vererentur.
777 3590 926 3669 necessu
961 3596 996 3670 et
1031 3595 1174 3690 amplior
1211 3595 1372 3671 exercitui
1407 3617 1560 3671 caesareo
1586 3594 1769 3691 pernicies:
1817 3593 1937 3669 mollia

395 3711 484 3786 enirn
511 3713 546 3785 et
572 3712 717 3788 delicata
742 3711 961 3790 Almanorum
988 3739 1134 3812 corpora,
1163 3719 1197 3793 et
1224 3717 1293 3792 vini
1320 3719 1379 3792 aut
1406 3717 1564 3794 cervisiae
1591 3741 1634 3792 ex
1660 3718 1782 3794 hordeo
1809 3717 1935 3808 coctae,

394 3856 534 3925 quorum
562 3833 597 3908 in
623 3834 762 3911 Polonia
797 3859 877 3912 usus
913 3862 977 3912 non
1015 3842 1085 3931 est,
1122 3841 1275 3930 assueta,
1309 3863 1352 3915 ex
1379 3840 1512 3914 assiduo
1548 3863 1710 3934 aquarum
1745 3840 1874 3914 haustu
1900 3837 1937 3912 in

396 3955 620 4050 dysenteriam
656 3959 814 4054 prolapsa
849 3962 948 4047 sunt;
994 3961 1139 4054 adeoque
1175 3961 1401 4057 dysentericus
1436 3964 1569 4038 morbus
1596 3961 1632 4035 in
1658 3984 1772 4037 eorum
1799 3982 1938 4056 corpora

393 4078 553 4173 vulgatus
579 4080 669 4171 erat,
707 4081 745 4154 ut
779 4079 936 4155 maiorem
975 4085 1104 4176 partem
1140 4083 1284 4158 caesarei
1321 4083 1487 4160 exercitus
1521 4107 1560 4160 ea
1596 4084 1701 4179 pestis
1736 4082 1936 4179 pervaserit.

393 4199 540 4292 Gumque
574 4201 741 4297 grassatio
777 4201 848 4276 eius
882 4204 978 4277 nulla
1014 4205 1105 4296 arto,
1143 4205 1312 4299 nullisque
1347 4206 1459 4280 herbis
1494 4208 1555 4280 aut
1589 4205 1751 4281 antidotis
1788 4204 1938 4281 inhiberi

394 4325 524 4418 posset,
553 4347 664 4400 ornnes
694 4320 716 4400 a
742 4323 881 4400 (laesere
909 4327 1128 4403 reversionem
1163 4327 1381 4422 flagitabant,
1420 4351 1527 4420 neque
1563 4328 1598 4402 in
1634 4329 1723 4403 malo
1759 4327 1937 4424 auspicato

394 4445 483 4520 bello
509 4447 688 4521 censebant
714 4469 789 4520 curn
817 4469 879 4521 sua
905 4443 1051 4542 pernicie
1079 4450 1113 4522 et
1140 4448 1281 4523 interitu
1307 4449 1561 4525 immorandum.
1605 4450 1725 4525 (laesar
1752 4450 1818 4526 etsi
1845 4450 1938 4525 voci·

394 4566 509 4661 busb,
538 4567 850 4662 precationibusque
879 4569 943 4660 his,
973 4571 1029 4644 sed
1057 4570 1092 4645 et
1114 4593 1247 4646 suornm
1275 4570 1436 4645 mortibus
1463 4573 1498 4646 et
1524 4571 1793 4667 aegritudinibus
1823 4595 1937 4648 move·

393 4689 497 4780 retur,
524 4689 647 4783 pudore
673 4692 796 4783 tamen,
825 4714 867 4766 me
885 4694 1038 4786 coeptum
1065 4693 1192 4766 bellum
1219 4691 1339 4767 leviter
1364 4693 1544 4786 omitteret,
1572 4695 1825 4770 retrahebatur:
1855 4695 1939 4788 quid

393 4810 506 4885 tamen
534 4811 667 4905 ageret,
704 4813 764 4886 aut
799 4835 898 4903 quern
934 4813 1081 4888 fructum
1117 4837 1159 4888 ex
1187 4815 1274 4888 bello
1310 4813 1498 4889 huiusmodi
1534 4839 1668 4911 sperare
1703 4817 1829 4912 possit,
1860 4841 1938 4892 cum

393 4932 510 5007 Poloni
537 4933 572 5006 in
599 4932 702 5008 aciem
738 4957 805 5008 non
841 4935 1031 5029 prodirent,
1069 4935 1204 5010 assidua
1239 4937 1464 5031 perplexitate
1499 4939 1735 5034 urgebatur).
1781 4939 1848 5015 Sed
1876 4963 1940 5016 nec

393 5053 636 5151 expugnationi
663 5056 845 5131 castrorum
873 5059 932 5131 aut
959 5057 1091 5132 urbium
1118 5057 1289 5132 intendere
1315 5060 1465 5153 poterat:
1501 5059 1625 5156 quippe
1651 5064 1751 5137 urbes
1778 5085 1876 5138 rarae
1903 5065 1940 5137 et

501 5349 524 5428 ¹)
546 5352 675 5414 Bavares
698 5353 758 5413 Ed.
780 5353 874 5414 Dobr.
910 5349 1118 5428 ⁹)exercitum
1141 5351 1200 5414 Ed.
1222 5351 1315 5414 Dobr.
1354 5352 1381 5432 ³)
1403 5359 1604 5418 transnatavit.
1628 5357 1688 5419 Ed.
1711 5357 1806 5421 Dolor.
1843 5357 1870 5440 ⁴)
1894 5363 1938 5424 la·

393 5463 542 5518 cessantes
565 5458 624 5517 Ed.
646 5458 741 5518 Dobr.
778 5453 805 5536 ⁵)
828 5458 865 5516 ab
886 5457 945 5518 Ed.
968 5458 1060 5519 Dobr.
1106 5455 1133 5536 ε)
1155 5459 1341 5533 pabulatione
1363 5459 1421 5520 Ed.
1437 5462 1530 5522 Dobr.
1569 5460 1737 5542 ⁷>vocibus
1758 5469 1936 5542 procacibus

394 5563 454 5628 Ed.
477 5551 570 5626 Dobr.
605 5560 823 5646 ⁸)cugebatur.
849 5561 920 5626 Ood.
944 5563 1034 5626 Rosr.
