4192 6272
133 523 196 617 (Α.
219 523 266 600 D.
287 523 414 624 1282.)
552 583 558 594 ,
751 550 862 602 nunna
889 549 1082 604 susumus.
1612 535 1688 606 465

132 755 205 808 cern
234 735 439 810 Lestkonem
467 735 645 825 celebrata,
675 735 711 808 in
738 736 950 826 cracoviam,
987 739 1023 810 et
1049 758 1184 811 snorum
1220 739 1256 812 et
1282 738 1522 831 Hungarorum
1551 737 1688 832 agmine

130 855 343 948 comitatum,
372 857 518 932 feliciter
545 857 723 932 revertisse
745 857 779 951 ¹).

156 1221 273 1296 lamus
299 1223 506 1298 venenantur
532 1225 565 1296 ln
591 1225 766 1313 l’oloniuvn,
793 1223 978 1297 boloniam
1005 1227 1040 1297 ot
1065 1225 1245 1303 linarium
1277 1225 1402 1314 saevit,
1430 1243 1526 1318 quern
1555 1227 1660 1317 postis

824 1346 1014 1437 insequitur.

238 1582 291 1658 Ad
319 1584 483 1659 intestina
509 1586 545 1659 et
571 1586 713 1660 externa
740 1586 832 1659 bellu
858 1585 966 1660 fernes
993 1585 1169 1677 horrenda,
1198 1609 1264 1660 non
1292 1585 1328 1660 in
1355 1587 1529 1661 Polonium
1562 1588 1683 1674 solnm,

128 1705 188 1778 ssd
218 1705 254 1778 et
272 1704 300 1798 ²)
328 1706 363 1778 in
389 1706 596 1796 Bnhorniauu,
626 1705 829 1797 Alinaniam,
859 1709 1073 1799 caeterasque
1092 1707 1245 1800 regiones
1266 1707 1475 1782 horribiliter
1493 1709 1687 1783 desaeviens

131 1827 291 1902 accessit.
334 1827 425 1921 Quae
452 1829 534 1902 adso
561 1828 612 1902 sui
641 1828 820 1902 atrocitate
847 1829 999 1921 agrestes
1027 1831 1062 1902 et
1089 1829 1203 1922 plures
1230 1851 1248 1902 e
1276 1829 1375 1922 plebe
1402 1828 1535 1922 integro
1553 1829 1688 1905 biennio

130 1947 273 2038 afflixit,
302 1951 341 2022 ut
368 1951 510 2024 mortem
538 1951 572 2024 et
600 1949 782 2044 perniciem
809 1949 909 2023 fannis
937 1949 1090 2038 vitaturi,
1119 1951 1260 2041 laribus,
1289 1951 1449 2024 uxoribus
1475 1953 1510 2024 et
1537 1951 1687 2046 pignori·

130 2071 195 2144 bus
223 2069 365 2161 relictis,
407 2070 514 2163 aliqui
541 2070 576 2144 in
604 2071 836 2166 Hungoriann,
877 2070 1018 2144 nonnuli
1054 2071 1089 2144 in
1126 2070 1304 2160 Russiam,
1342 2070 1465 2164 stipem
1501 2073 1688 2164 quaesituri

130 2191 352 2286 diffugerent.
379 2191 445 2266 Sed
472 2191 647 2284 utrobique
674 2191 840 2267 crudelior
866 2191 944 2266 illos
963 2191 1069 2285 pestis
1087 2193 1121 2264 et
1140 2191 1305 2286 pernicies
1324 2191 1491 2284 possedit:
1520 2193 1579 2283 qui
1597 2195 1687 2268 enim

127 2311 164 2386 in
191 2313 408 2408 Hungurinm
435 2313 654 2403 diverterunt,
692 2316 734 2387 ab
772 2313 959 2406 Hungaris,
1003 2313 1157 2386 Comanis
1192 2313 1275 2386 tunc
1311 2313 1462 2386 barbaris
1498 2316 1715 2390 venundati

129 2434 234 2521 sunt;
262 2433 319 2526 qui
347 2456 425 2510 vero
452 2434 611 2509 Russiam
626 2432 665 2529 3),
694 2434 811 2508 traditi
839 2433 1015 2508 Thartuvis
1044 2457 1102 2528 pro
1129 2433 1276 2508 tributo:
1306 2434 1551 2527 utaliquando
1579 2437 1686 2510 satius

129 2553 248 2646 fuerit,
277 2555 378 2630 famis
405 2558 512 2630 morte
539 2555 576 2630 in
602 2539 744 2630 Pelopia
771 2555 922 2650 defungi,
950 2577 1051 2645 quam
1080 2555 1304 2630 miserabilem
1332 2558 1367 2629 et
1394 2559 1589 2651 perpetuum
1616 2578 1683 2632 ser-

128 2677 277 2751 vitutem
304 2677 394 2772 apud
420 2679 579 2752 barbaras
606 2677 762 2752 notiones
788 2676 949 2770 experiri.
978 2676 1134 2752 Nefanda
1159 2678 1195 2752 et
1220 2676 1419 2750 execrabilis
1437 2678 1686 2769 Ruthenorum,

130 2799 244 2892 magis
271 2801 385 2873 tannen
400 2798 428 2894 ⁴)
454 2801 714 2890 Hungnrorum,
752 2799 810 2889 qui
837 2820 952 2873 verum
980 2797 1084 2870 vitum
1111 2799 1310 2885 observant,
1339 2798 1505 2888 conditio,
1534 2801 1622 2890 quod
1649 2801 1685 2874 in

130 2941 230 2994 suam
256 2919 419 2996 ditionem
446 2920 606 2994 attidem
634 2919 804 3015 fugientes
831 2919 970 3009 viciuos,
999 2918 1194 2993 calamitate
1220 2918 1383 3010 addictos,
1412 2920 1567 3014 ampliori
1595 2922 1685 2996 culn·

130 3041 255 3116 mitade
291 3041 401 3133 (nulla
427 3040 735 3131 commiseratione,
772 3063 858 3133 quns
884 3040 988 3114 etiarn
1015 3039 1126 3114 brutis
1161 3042 1201 3114 et
1232 3041 1406 3134 pecoribus
1443 3041 1552 3116 inesse
1588 3044 1684 3132 solet,

130 3163 294 3256 ostensu),
322 3161 394 3237 iure
421 3161 572 3256 hospitii,
601 3161 673 3238 iure
700 3161 854 3257 gentium
883 3163 1105 3254 pessundato,
1144 3183 1209 3235 non
1237 3161 1413 3256 indignum
1442 3165 1606 3255 potarunt
1632 3163 1685 3240 iu·

130 3283 277 3374 volvere,
307 3283 443 3359 Saevior
469 3283 646 3376 aliquanto
672 3283 780 3358 fames
805 3283 971 3358 Bohemos
998 3284 1155 3374 vexabat,
1184 3305 1252 3373 qua
1279 3283 1396 3376 pressi,
1425 3286 1550 3358 matres
1577 3285 1685 3378 pieta·

129 3403 178 3478 tis
205 3405 343 3496 oblitae,
372 3427 474 3495 quum
500 3405 604 3480 etism
631 3405 765 3479 belluae
792 3427 859 3478 non
886 3406 968 3477 sunt
994 3404 1115 3477 solitus
1143 3403 1336 3498 negligere,
1365 3405 1476 3479 foetus
1504 3427 1602 3496 suos,
1634 3407 1685 3480 la-

131 3548 220 3600 mem
247 3527 454 3618 exclusuros,
484 3526 687 3600 mandebant
703 3524 743 3619 6).
784 3524 898 3600 Famis
940 3526 1067 3598 malum
1093 3524 1246 3618 vulgatis
1273 3525 1309 3597 in
1336 3525 1547 3619 corporibus,
1576 3527 1685 3602 esuris

130 3649 194 3720 aut
211 3646 335 3738 herbis
365 3650 585 3740 arborumque
625 3646 718 3720 foliis
745 3649 781 3720 et
808 3645 1100 3740 superfluitatibus
1135 3644 1262 3719 nocivis
1297 3645 1400 3736 cibis,
1440 3647 1563 3720 morbis
1590 3649 1684 3723 tube-

129 3768 234 3843 factis
261 3770 297 3842 et
325 3768 471 3862 infectis,
500 3768 698 3844 saevissima
724 3767 875 3842 omniurn
901 3766 1062 3860 epidimia
1089 3769 1205 3842 secuta
1230 3767 1283 3841 cst
1297 3766 1338 3860 ⁶).
1524 3859 1527 3866 Ι

183 4136 390 4229 spontancus
422 4083 558 4211 lluntius
586 4138 740 4210 exclusus
766 4135 945 4225 iluugurin,
973 4136 1006 4206 in
1032 4135 1196 4208 Polonlmn
1225 4133 1373 4223 veniens,
1400 4095 1632 4209 humanissimo

787 4329 790 4332 .
823 4261 994 4330 tractatur.
1062 4311 1065 4317 i

237 4479 418 4574 Philippus
445 4479 620 4574 opiscopus
647 4475 827 4554 Firmanus
860 4481 895 4555 et
928 4480 1135 4574 apostolicus
1173 4479 1208 4553 iu
1237 4479 1434 4574 Hungariae
1460 4483 1495 4555 ot
1521 4481 1680 4558 Poloniao

130 4601 255 4694 Regna
280 4600 442 4689 Nuntius,
472 4623 493 4674 a
518 4601 707 4677 Wladislao
742 4601 940 4696 Hungariae
975 4601 1070 4694 Rege
1106 4602 1142 4674 st
1168 4600 1239 4674 suis
1267 4601 1488 4694 ignominiose
1514 4604 1684 4676 tractatus

130 4725 169 4796 ct
195 4721 364 4811 exclusus,
393 4720 567 4794 Poloniam
594 4722 742 4813 advenit,
771 4724 806 4796 ot
832 4724 903 4796 tarn
931 4743 951 4794 a
978 4722 1070 4796 Duce
1096 4721 1265 4796 Lestlrone
1284 4721 1402 4815 Nigro,
1422 4743 1523 4813 quam
1542 4725 1584 4797 ab
1608 4724 1683 4796 uni-

129 4841 237 4916 versis
263 4841 423 4931 ecclesiis,
451 4863 527 4916 cum
555 4864 677 4936 magno
704 4843 828 4916 honore
856 4843 1017 4935 exceptus
1044 4843 1106 4914 est.
1145 4842 1190 4914 nt
1218 4863 1277 4936 per
1312 4865 1410 4916 ornne
1436 4845 1589 4936 tompus,
1619 4865 1693 4935 qno.

127 4963 165 5036 in
193 4962 353 5038 Poloniae
380 4961 552 5058 provincia
578 4963 824 5053 demorabatur,
853 4963 1007 5038 omnibus
1034 4961 1231 5038 necessariis
1267 4985 1288 5035 a
1315 4962 1532 5056 pontificibus
1549 4964 1682 5038 abunde

130 5085 344 5177 procuratus,
374 5083 532 5158 maximis
559 5083 715 5160 laudibus
728 5083 902 5160 Pelopiae
929 5085 1050 5176 Duces,
1080 5082 1257 5177 pontifices
1284 5085 1318 5158 et
1346 5082 1516 5159 nationem
1544 5085 1679 5160 Poloni-

243 5359 267 5439 ¹)
289 5378 437 5422 reversum
460 5361 560 5422 fuisse.
585 5361 645 5420 Ed.
658 5361 744 5438 Lipo.
770 5359 799 5439 9)
823 5363 910 5421 etiem
929 5360 991 5422 Ood
1013 5361 1106 5421 Rosr.
1130 5355 1159 5442 ³)
1183 5360 1220 5420 ad
1235 5361 1370 5420 Russiunn
1386 5360 1446 5420 Ed.
1470 5357 1608 5454 Lipa‘)
1623 5379 1684 5422 rnae

134 5467 180 5541 gis
204 5483 290 5540 quam
317 5465 388 5525 t'od.
412 5467 505 5526 Roer.
537 5461 563 5542 ὅ)
586 5467 809 5527 manducabant.
837 5463 908 5526 (lod,
933 5466 1026 5526 Roar.
1059 5461 1085 5542 6)
1109 5470 1155 5524 est
1176 5465 1254 5526 deest
1275 5467 1310 5526 io
1345 5464 1415 5526 Ood.
1439 5464 1539 5544 Act„

181 5601 204 5644 J.
218 5599 310 5651 munos.
324 5599 410 5643 Hlstor.
422 5600 503 5644 Polou.
517 5600 544 5644 n.
557 5599 589 5642 11.
1496 5607 1528 5654 59
