4208 6282
391 527 464 607 mo
1014 553 1126 607 arnna
1152 553 1305 608 snxnus
1671 529 1734 627 (Α.
1755 531 1806 610 D,
1822 532 1929 630 1185.)

387 739 571 836 parochiali
592 740 615 834 ¹)
642 739 678 814 in
704 739 894 836 Repellall
930 740 1087 816 ordinans
1123 743 1158 816 et
1194 763 1307 818 omnes
1342 739 1516 816 canonicas
1551 741 1651 817 horas
1685 743 1787 838 psalli
1815 742 1851 818 in
1878 766 1927 836 ea,

386 885 506 957 resque
532 862 664 938 dininas
689 863 746 958 ogi
775 861 956 938 instituens
971 861 1010 958 ³).

490 987 539 1061 De
557 987 708 1061 Ounrado
734 985 903 1062 Menariae
929 987 1020 1062 Duce
1047 985 1236 1062 Fridericus
1262 986 1443 1062 Bohemioe
1470 987 1561 1082 Dur,
1589 1011 1626 1064 eo
1645 987 1732 1082 quod
1751 988 1930 1064 Bohemiae

387 1110 552 1184 Ducatum
579 1108 643 1185 sibi
671 1108 843 1185 nitebatur
869 1109 1046 1205 surripere,
1085 1109 1248 1185 ultionem
1284 1113 1491 1204 sumpturus,
1531 1112 1670 1186 fratrem
1706 1133 1803 1186 suum
1829 1113 1928 1186 Prae·

388 1229 543 1306 mislaum
560 1230 600 1326 ⁴),
637 1231 715 1306 dato
741 1231 805 1306 sibi
832 1253 875 1307 err
894 1232 1005 1327 pedite
1032 1233 1067 1307 et
1093 1232 1205 1325 equite
1242 1231 1390 1306 exercitu
1427 1232 1568 1326 copioso,
1607 1233 1641 1307 in
1669 1234 1862 1322 moraviam,
1891 1236 1930 1307 ut

387 1353 482 1428 illam
509 1353 653 1428 flaminis
681 1355 715 1428 et
742 1354 860 1449 spoliis
897 1353 1055 1428 lrurniliet
1081 1357 1116 1429 et
1143 1354 1326 1449 disperdat,
1364 1355 1586 1430 transmittit:
1614 1355 1672 1448 quui
1700 1377 1740 1430 oa
1767 1355 1928 1430 incendiis

386 1477 421 1551 et
441 1475 569 1572 rapinis
588 1477 791 1572 pervastata,
820 1477 970 1551 Ouarada
997 1499 1120 1567 secum,
1149 1499 1225 1552 cum
1251 1477 1378 1551 uiribus
1406 1477 1543 1553 inferior
1560 1480 1660 1568 esset,
1688 1477 1843 1573 congredi
1862 1501 1928 1552 non

387 1620 478 1690 auso,
507 1598 542 1673 in
569 1597 764 1673 Beheruiam
791 1598 923 1672 rediit·
946 1599 1011 1673 Sed
1036 1600 1071 1673 et
1098 1599 1325 1673 Theobaldum
1351 1599 1489 1675 fratrem
1516 1622 1613 1675 suum
1639 1600 1830 1674 l'ridericus
1857 1599 1928 1694 ipse

387 1721 427 1796 de
448 1721 608 1797 Bobemia
634 1721 669 1795 in
696 1720 836 1796 exilium
864 1719 946 1816 egit,
974 1721 1175 1796 consortium
1195 1743 1291 1795 suum
1309 1721 1501 1812 eblmrmns,
1530 1727 1565 1796 et
1591 1722 1814 1818 praesentiam
1834 1744 1928 1796 suam

386 1844 451 1918 sibi
480 1846 668 1940 suspectam
696 1843 897 1920 existimans
924 1845 957 1920 et
985 1845 1095 1920 status
1122 1843 1173 1918 sui
1191 1845 1218 1938 ⁵)
1244 1845 1469 1920 turbationem
1497 1847 1691 1922 allaturam.

841 2205 1047 2321 ANNUS
1082 2205 1306 2320 DOMINI
1342 2207 1472 2320 185.

386 2460 578 2534 llscrislma
600 2457 812 2533 llalicrienslr
838 2460 910 2532 ltux
937 2477 956 2532 a
984 2459 1053 2532 ouis
1080 2477 1201 2532 ueneno
1227 2461 1369 2549 necatur,
1396 2462 1431 2531 at
1457 2397 1533 2532 stra
1550 2457 1619 2532 lter
1636 2457 1825 2550 burgariae,
1847 2457 1927 2532 lila-

386 2581 501 2656 dlnlro
529 2583 623 2656 ercle
649 2582 859 2672 incarceruto,
886 2581 988 2654 dlinn
1015 2599 1109 2654 suan
1135 2579 1291 2654 Andrean
1318 2581 1350 2654 in
1376 2581 1527 2655 desolare
1553 2581 1665 2672 mittit,
1692 2580 1746 2673 qu
1768 2581 1927 2655 sacrorn

978 2705 1211 2778 llalloriensen
1240 2704 1335 2798 capit

489 2949 646 3025 Triennio
672 2950 731 3026 rix
758 2950 856 3046 plene
883 2951 1001 3025 exacto
1028 2949 1223 3026 Mscnisleus
1250 2949 1328 3024 Dux
1347 2948 1609 3024 Halicziensisa
1633 2947 1803 3024 Kanimiro
1829 2947 1926 3022 Polo·

386 3095 504 3147 norum
530 3073 622 3148 Duce
648 3075 683 3148 et
708 3073 888 3148 ldonarcha
923 3071 1138 3164 (Wladimiro
1177 3071 1329 3147 condicto
1343 3071 1370 3167 6)
1398 3074 1432 3146 et
1458 3071 1562 3146 eiecto
1598 3073 1699 3164 atque
1733 3071 1768 3145 in
1795 3072 1927 3146 Panno·

387 3194 461 3270 nias
488 3197 578 3290 acto)
613 3194 647 3269 in
677 3195 859 3270 dominium
886 3197 921 3269 et
947 3195 1178 3290 Principatum
1210 3195 1393 3269 Russorum
1429 3195 1618 3285 restitutus,
1655 3193 1725 3268 suis
1760 3192 1928 3268 Ruthenis

385 3318 548 3392 molestus
576 3319 610 3391 et
636 3340 755 3392 exosus
782 3318 890 3412 coepit
926 3339 1009 3408 esse,
1038 3318 1125 3408 quod
1161 3305 1195 3391 et
1232 3339 1344 3391 eorum
1379 3341 1445 3390 non
1482 3301 1611 3391 ferebat
1634 3317 1809 3412 plerosque
1845 3318 1927 3390 abu·

385 3462 443 3514 sus
468 3442 504 3515 et
529 3439 625 3531 vitia,
654 3443 687 3516 et
716 3441 750 3514 in
777 3441 977 3516 Polonorum
1014 3440 1139 3514 milites
1176 3440 1264 3534 apud
1301 3461 1336 3514 se
1371 3439 1602 3530 consistentes,
1641 3462 1758 3535 pamm
1790 3439 1831 3514 de
1858 3438 1929 3512 suis

385 3561 565 3655 confidem,
595 3561 775 3659 largitione
802 3565 836 3638 et
864 3563 977 3658 gretia
1005 3561 1208 3658 propensior,
1239 3585 1339 3654 quam
1367 3561 1402 3636 in
1428 3561 1603 3636 Ruthenos
1629 3561 1816 3637 ridebatur.
1852 3561 1927 3635 Pri·

385 3707 492 3760 mores
519 3685 634 3780 itaque
662 3685 893 3760 ltuthenorum
913 3685 948 3759 in
967 3684 1038 3760 eius
1064 3707 1189 3775 necem,
1218 3683 1254 3757 hi
1276 3684 1483 3779 praesertim,
1512 3683 1570 3778 qui
1596 3683 1790 3760 Wladimiri
1816 3684 1928 3759 exulis

386 3811 515 3904 partem
543 3809 768 3899 sectabantur,
800 3808 1003 3904 conspirant,
1043 3829 1143 3900 quam
1180 3829 1255 3882 curn
1281 3807 1314 3882 ri
1342 3809 1457 3903 aperta
1490 3806 1668 3882 discrimen
1704 3829 1801 3881 snum
1828 3806 1928 3881 reniti

385 3929 518 4006 allicere
545 3929 723 4024 nequirent
750 3929 889 4026 (quippe
915 3929 1111 4004 Msonisleus
1138 3928 1214 4004 fidis
1242 3929 1388 4025 corporis
1415 3929 1607 4005 custodibus
1633 3929 1748 4024 septus
1779 3928 1852 4003 sine
1871 3952 1927 4024 pe·

386 4052 491 4128 riculo
518 4076 539 4129 a
565 4053 776 4128 carnificibus
811 4075 877 4127 non
913 4054 1046 4148 poterat
1081 4051 1192 4146 adiri),
1230 4073 1357 4126 veneno
1385 4053 1470 4127 clam
1504 4051 1680 4148 propinato
1718 4051 1928 4126 innocentem

385 4175 603 4272 extinguunt,
641 4175 906 4269 Polonorumque
943 4174 1119 4266 militibus,
1156 4173 1213 4268 qui
1241 4173 1276 4248 in
1304 4174 1470 4269 obsequiis
1505 4173 1672 4250 Msczislai
1698 4176 1928 4264 versabantur,

386 4297 512 4390 eiectis,
541 4319 616 4374 arce
642 4297 850 4374 Halicaiensi
877 4299 1048 4394 occupata,
1077 4319 1136 4393 pro
1162 4295 1364 4373 Wladimiro
1382 4296 1416 4371 in
1434 4295 1646 4392 Hungariam
1673 4295 1828 4387 mittunt,
1857 4296 1930 4391 ut⁷)

385 4419 559 4516 roceum
586 4420 727 4496 celerius
753 4423 788 4496 et
814 4419 1004 4496 adversario
1031 4421 1174 4511 sublato,
1203 4419 1433 4515 Principatum
1460 4442 1557 4494 suum
1584 4419 1762 4515 repeteret.
1802 4419 1929 4494 Laetus

384 4567 422 4618 eo
449 4543 568 4618 nuntio
595 4541 816 4620 Wladimirus
843 4565 912 4618 rem
941 4541 982 4618 ad
1010 4541 1126 4616 Belam
1154 4541 1351 4642 Hungariae
1378 4539 1505 4636 Regem
1523 4541 1642 4633 defert,
1670 4540 1861 4636 oratque⁹),
1891 4541 1929 4615 ut

384 4665 442 4760 qui
469 4666 603 4742 exulem
632 4666 667 4739 in
695 4665 804 4741 dubiis
830 4667 864 4742 et
892 4665 1009 4740 fractis
1043 4667 1141 4740 rebus
1178 4666 1366 4760 exceperat,
1404 4665 1569 4756 tenuerat,
1607 4665 1750 4756 aluerat,
1787 4664 1929 4738 eundem

384 4789 483 4864 rebus
510 4787 715 4864 confirmatis
734 4789 768 4864 et
786 4787 968 4862 feliciorem
988 4787 1112 4862 sortem
1139 4787 1248 4862 nactis
1269 4787 1323 4882 ¹⁰),
1357 4767 1555 4883 dignaretur
1581 4785 1739 4878 militum,
1768 4808 1927 4880 equorum

386 4913 421 4986 et
447 4913 641 5008 sumptuum
669 4911 710 4987 ad
738 4911 955 5007 repetendum
981 4909 1148 4984 Ducatnm
1175 4909 1322 4986 relocare
1350 4909 1534 5005 praesidio:
1568 4929 1643 4984 cum
1669 4907 1835 4984 Karimiri
1862 4911 1927 4982 Po·

384 5035 537 5110 lonorum
563 5033 667 5109 Ducis
693 5033 794 5110 sciret
821 5033 886 5108 sibi
914 5033 1054 5108 insidias
1080 5033 1115 5108 et
1140 5031 1365 5108 hostilitatem
1393 5031 1576 5124 imminere,
1605 5031 1664 5124 qui
1682 5031 1789 5106 morte
1807 5029 1927 5107 Msczi·

493 5226 517 5302 ¹)
540 5245 576 5288 ex
599 5227 761 5287 redditibus
789 5226 931 5286 ecclesiae
961 5225 1137 5300 parochialis
1171 5223 1241 5287 Ood.
1266 5223 1357 5285 Roar.
1397 5221 1425 5305 ⁹)
1448 5221 1601 5300 anpella
1625 5221 1696 5286 eoa.
1719 5223 1793 5286 Aac.
1832 5221 1860 5300 3)
1881 5222 1925 5283 in·

385 5331 489 5395 stituit.
510 5333 570 5393 Ed.
593 5333 686 5394 Dolor.
726 5328 753 5410 ⁴)
774 5331 1008 5392 Promisliensem
1038 5331 1097 5391 Ed.
1121 5331 1215 5390 Dobr.
1254 5327 1280 5409 ⁵)
1303 5332 1393 5391 statui
1422 5348 1475 5390 suo
1505 5331 1565 5390 Ed.
1587 5331 1681 5391 Dour.
1720 5326 1924 5408 ⁰)prodigato

388 5435 459 5501 Cod.
482 5436 574 5500 Roar.
614 5433 643 5516 l)
666 5443 699 5498 ut
721 5435 798 5498 deest
820 5439 855 5499 a'a
881 5435 951 5498 Ood.
974 5433 1047 5498 Aac.
1087 5427 1287 5516 ⁸)adveniret
1308 5433 1369 5497 Ed.
1392 5435 1485 5498 Βοῦν.
1520 5431 1547 5516 ⁹)
1569 5441 1710 5512 rogatque
1738 5431 1810 5498 σοι).
1833 5430 1924 5498 noar.

389 5541 429 5630 ¹⁰)
451 5550 568 5608 nactum
590 5543 649 5608 Ed.
671 5543 763 5612 Dobr.
