4162 6288
130 528 190 622 (Α.
212 528 408 628 ὓ.1280.)
671 593 679 614 ,
750 555 862 607 arnna
888 554 1082 609 emeramus.

454 961 459 968 “
592 939 800 1055 ANNUS
836 937 1063 1053 bomini
1098 939 1241 1054 1280.

124 1225 268 1298 laona·
296 1226 414 1298 lincam
440 1225 578 1298 hunniae
605 1225 747 1317 hagnam
773 1225 925 1298 l’olcniaa
952 1225 1028 1297 lorti
1047 1225 1195 1316 potantia
1214 1225 1396 1316 ingrannum
1415 1227 1683 1302 exercitualem

122 1344 223 1419 hanla
250 1344 343 1438 lllgrl
370 1347 565 1420 miraculosa
591 1344 752 1437 profligat,
780 1346 935 1437 illumque
963 1345 1187 1437 depopulando
1207 1346 1360 1420 arariam
1387 1364 1491 1438 unqua
1518 1348 1681 1439 leopolim

316 1467 471 1560 seqnitur,
498 1471 534 1541 at
560 1485 633 1540 curn
660 1466 803 1540 maxima
830 1467 1008 1558 apolicmm
1034 1466 1127 1558 copia
1155 1466 1286 1539 domun
1313 1468 1493 1541 revomitur.

231 1705 483 1782 Successionem
511 1727 630 1781 nouam
657 1705 760 1780 Ducis
787 1705 864 1780 noui
891 1705 1071 1780 hosthanis
1105 1705 1205 1799 Nigri
1233 1705 1268 1779 in
1295 1706 1566 1798 cracoviensem,
1597 1707 1681 1782 San·

124 1824 368 1902 domiriensem
395 1830 430 1902 at
456 1827 694 1902 Inublinensem
721 1827 883 1917 Ducatus,
912 1826 989 1901 nori
1017 1827 1138 1918 motus,
1163 1827 1305 1919 novique
1331 1827 1497 1902 bellorum
1524 1827 1683 1904 stridores

122 1948 167 2020 ab
195 1947 355 2022 externis
381 1950 416 2023 et
443 1949 589 2042 propriis
615 1948 708 2024 illico
735 1949 816 2022 sunt
842 1946 1001 2022 insectati
1020 1947 1054 2040 ¹),
1084 1948 1163 2020 dum
1191 1947 1346 2022 fortunae
1372 1947 1552 2022 hosthanis
1582 1947 1681 2042 Nigri

122 2067 158 2139 et
186 2065 226 2140 in
255 2069 310 2142 tot
336 2067 551 2164 Principatua
579 2091 639 2163 pro
666 2090 734 2144 una
760 2067 831 2142 rice
860 2067 1079 2158 successioni,
1117 2089 1138 2140 a
1164 2067 1356 2142 domesticis
1383 2067 1481 2142 iuxta
1506 2089 1545 2144 aa
1572 2069 1682 2143 loren-

122 2188 223 2262 sibus
252 2187 472 2264 inriderctur.
500 2189 652 2264 Primum
679 2189 793 2282 itaque
820 2188 888 2264 heo
914 2188 1149 2264 Ruthenorum
1176 2188 1266 2279 Dux,
1294 2187 1448 2264 Danielis
1475 2187 1555 2264 olim
1576 2187 1682 2283 Regis

122 2307 278 2384 Russiae
303 2309 409 2401 filius,
437 2310 494 2403 qui
524 2311 613 2385 inter
638 2309 874 2384 Ruthenorum
901 2309 1011 2384 Duces
1038 2331 1077 2383 ea
1103 2309 1305 2402 tempestate
1331 2311 1403 2384 tam
1429 2308 1555 2383 militia
1580 2329 1681 2402 quam

121 2429 228 2505 terris
256 2432 292 2506 et
317 2429 476 2506 dominiis
512 2431 623 2526 potior
648 2431 846 2521 hebebatur,
879 2432 915 2502 et
942 2429 1162 2504 multitudine
1188 2429 1343 2524 gentium
1371 2431 1407 2504 et
1433 2452 1534 2524 opum
1560 2430 1679 2519 fretus,

121 2549 165 2624 ad
192 2551 425 2645 occupandum
466 2551 738 2642 cracoviensem,
776 2549 1079 2626 Sandomiriensem
1114 2552 1149 2625 et
1184 2549 1423 2626 Lublinensem
1459 2551 1610 2625 Ducatus
1644 2548 1680 2622 in

121 2670 280 2746 animum
307 2655 455 2746 induxit.
483 2672 718 2764 Oonductoqua
744 2694 788 2748 ex
813 2670 1228 2762 sincerissimorum
1262 2674 1298 2746 et
1323 2667 1541 2766 Iamuiugi's,
1569 2672 1680 2746 caete·

121 2791 242 2885 risque
269 2793 456 2887 gentilibus
471 2792 500 2886 ρ)
526 2795 561 2868 et
587 2792 778 2868 voluntario
804 2796 840 2866 et
867 2791 1069 2868 mercenario
1096 2792 1225 2882 milite,
1255 2791 1365 2866 tribus
1404 2791 1609 2868 exercitibus
1645 2794 1681 2866 at

122 2913 244 3005 pedite
270 2915 305 2987 et
331 2911 445 3005 equite
472 2914 618 3005 refertis,
647 2913 683 2987 in
710 2913 805 3008 graui
833 2912 1051 2988 multitudine
1078 2915 1204 2987 terram
1230 2912 1468 2988 hublinensem
1496 2912 1678 3006 ingressus,

122 3053 199 3107 eam
227 3035 363 3110 uastare
390 3034 625 3129 intempestiue
652 3037 687 3110 et
713 3034 853 3108 hiberno
889 3037 1039 3127 tempore
1075 3035 1190 3125 (tanta
1215 3032 1267 3107 uis
1293 3032 1442 3108 animum
1478 3032 1679 3106 stimulabat

121 3154 295 3249 bellandi)
323 3155 452 3250 coepit:
480 3177 548 3249 qua
574 3155 787 3250 pervastata,
827 3157 952 3229 terram
988 3153 1312 3246 Sandomiriensem,
1349 3153 1463 3232 Wisla
1498 3176 1541 3229 ex
1568 3152 1677 3228 hieme

123 3275 302 3368 glaciebus
328 3278 445 3372 galata
471 3277 651 3371 praebente
678 3275 754 3366 iter,
784 3274 927 3366 introiit,
964 3276 999 3350 et
1035 3297 1204 3366 quaeque
1224 3275 1323 3350 obuia
1348 3274 1533 3370 corripiens
1558 3276 1593 3350 et
1619 3273 1671 3350 af·

120 3394 256 3491 iligens,
285 3397 329 3472 ad
355 3397 626 3474 Sandomirianse
654 3397 801 3472 castrum
829 3398 864 3470 et
890 3395 1051 3490 oppidum
1078 3395 1244 3490 peruenit.
1281 3395 1385 3470 dulus
1421 3394 1675 3490 expugnatione

120 3517 270 3610 tentata,
298 3517 466 3594 militibus
492 3519 628 3594 Polonis
655 3517 791 3613 egregie
819 3517 949 3593 moenia
975 3517 1170 3606 tuentibus,
1208 3517 1287 3592 dum
1313 3538 1407 3593 secus
1434 3539 1534 3608 quam
1561 3538 1676 3611 spera·

122 3641 223 3712 verat
249 3638 471 3732 provenisset,
499 3640 540 3714 od
568 3639 796 3733 praedandum
822 3640 857 3712 et
884 3638 1086 3713 vastandum
1113 3637 1202 3712 uicos
1228 3639 1264 3712 at
1289 3637 1422 3732 oppida,
1451 3639 1486 3712 et
1513 3637 1676 3711 urendum
1751 3638 1755 3644 '

121 3759 218 3834 lecta
243 3780 359 3834 rursus
386 3781 422 3834 se
448 3759 626 3834 convertit.
665 3759 736 3852 Quo
763 3759 852 3853 apud
880 3758 997 3833 uillam
1025 3757 1214 3847 Gosnlicne,
1253 3759 1381 3832 duobus
1417 3756 1676 3832 aSandomiria

124 3877 333 3954 milliaribus
359 3881 515 3974 positam,
543 3880 689 3954 habente
716 3879 861 3970 statiua,
888 3878 1057 3954 exereitus
1083 3877 1282 3970 Pol'oniaus,
1310 3899 1410 3969 quem
1436 3877 1592 3954 Warsius
1618 3899 1674 3952 aa·

124 3999 296 4076 atellanus
322 3999 562 4090 bracariensis,
590 4001 712 4073 Petrus
739 3998 832 4072 filius
858 3998 991 4074 Alberti
1018 3998 1255 4090 cracoviensis,
1283 3999 1318 4072 et
1345 3997 1520 4074 Ianussius
1547 3997 1674 4073 Sando-

121 4117 313 4207 miriensis,
342 4095 486 4211 palatini
515 4119 691 4209 ducebant,
720 4117 756 4191 in
774 4139 856 4192 raro
875 4120 910 4192 et
937 4118 1142 4210 infrequenti
1168 4138 1306 4192 nurnero
1333 4117 1441 4210 (iussu
1467 4116 1558 4192 enim
1575 4118 1673 4192 Last-

119 4237 220 4312 honis
247 4237 347 4332 Nigri
375 4231 482 4313 Ducis'
505 4239 541 4311 in
568 4239 674 4312 alium
701 4237 816 4332 copiae
843 4239 954 4312 locum
981 4241 1221 4331 conuenerant)
1248 4238 1404 4312 occurrit.
1445 4239 1491 4311 Et
1527 4237 1563 4310 in
1600 4238 1671 4313 solo

121 4358 261 4434 coelesti
288 4357 455 4451 praesidio
482 4379 542 4452 spe
568 4358 736 4452 reposita,
774 4380 849 4432 curn
868 4357 1009 4432 hostiles
1036 4358 1148 4452 copias
1175 4358 1360 4432 multifario
1387 4381 1524 4434 numero
1550 4379 1587 4433 se
1613 4381 1672 4433 ex-

120 4479 238 4554 mdere
264 4478 427 4569 riderent,
455 4500 530 4554 curn
557 4480 667 4554 Leone
694 4480 729 4552 et
755 4478 828 4553 eius
854 4478 1005 4554 exercitu
1032 4478 1085 4552 die
1111 4477 1252 4552 Veneris
1278 4478 1382 4554 tertia
1398 4479 1573 4555 Februarii
1593 4501 1671 4554 con·

120 4599 258 4692 higunt,
286 4598 463 4674 temerarie
490 4598 634 4674 dicarem
661 4598 771 4693 magis
799 4621 901 4690 quam
928 4598 1097 4688 animosa,
1135 4597 1202 4672 nisi
1238 4621 1298 4692 pro
1335 4599 1471 4674 Polonis
1497 4601 1532 4674 et
1557 4621 1670 4676 eorum

118 4716 311 4812 recineret
336 4721 408 4792 tam
434 4719 554 4794 audaci
581 4741 682 4810 quam
710 4719 838 4812 insigni
864 4720 1002 4793 fortuna
1019 4717 1182 4793 stetisset.
1210 4718 1401 4795 Gertamine
1417 4719 1584 4814 siquidem
1602 4720 1668 4796 ini·

117 4843 175 4929 to,
203 4838 258 4912 his
284 4838 342 4932 qui
370 4839 460 4934 apud
487 4839 724 4915 Ruthanorum
751 4839 938 4914 exereitum
965 4837 1091 4932 primos
1118 4838 1250 4913 ordines
1277 4839 1454 4930 ducebant,
1484 4863 1544 4934 per
1570 4842 1668 4915 Polo·

117 4979 181 5032 nos
208 4958 336 5050 caesis,
364 4959 512 5054 reliquos
539 4961 678 5056 repente
705 4961 804 5036 tanta
839 4959 1021 5054 trepidatio
1058 4958 1222 5034 divinitus
1258 4960 1293 5034 in
1324 4963 1482 5036 barbaros
1517 4961 1670 5036 immissa

116 5079 314 5172 conterruit,
342 5082 382 5154 ut
407 5079 502 5155 uelut
529 5081 741 5176 lymphatici,
771 5080 930 5176 proiectis
957 5081 1072 5173 armis,
1101 5081 1218 5176 fugam
1246 5103 1360 5157 omnes
1387 5081 1512 5176 passim
1531 5081 1667 5158 inirent.

117 5199 278 5276 Thurtari
305 5221 410 5296 parra
435 5202 470 5276 et
495 5201 588 5278 breui
624 5201 835 5297 oppositione
861 5202 973 5294 facta,
1012 5224 1090 5277 mox
1124 5203 1160 5277 et
1195 5200 1262 5296 ipsi
1299 5202 1335 5276 in
1362 5202 1479 5298 iugum
1506 5205 1667 5300 aguntur.

228 5473 252 5555 ¹)
275 5481 426 5540 consecuti
451 5475 514 5542 Ood
535 5477 629 5544 aaa.
654 5475 682 5560 ⁸)
704 5478 841 5554 gentibus
863 5477 923 5540 Ed.
946 5476 1034 5556 napa.
1059 5475 1087 5558 ³)
1109 5477 1188 5542 iacto
1214 5476 1284 5540 coa.
1306 5477 1400 5542 Roas.
