4162 6288
378 535 453 612 398
981 563 1093 616 creua
1119 563 1314 618 suasurus.
1657 541 1719 636 (Α.
1739 540 1786 619 D.
1807 541 1928 638 laco.)
1990 604 1993 608 .

378 771 477 841 quern
504 747 702 824 Sanctorum
729 747 882 825 Gemasii
909 751 944 826 et
969 749 1139 825 Prothosii
1175 751 1363 844 martyrum
1397 751 1538 827 cadebat
1563 749 1711 847 gloriosa
1736 751 1926 842 celebritas,

378 873 413 945 et
439 869 505 945 sibi
531 871 701 946 salubrem
728 873 763 945 et
789 870 933 962 felicem,
962 872 997 946 et
1023 869 1193 946 Rutheuis
1213 871 1235 966 ¹)
1262 871 1404 946 fatalem
1430 873 1484 964 (eo
1511 871 1675 966 siquidem
1692 871 1747 948 die
1764 895 1840 948 cnm
1859 873 1927 948 Ro·

378 1015 476 1067 mano
503 992 738 1067 Rulhenorum
765 993 867 1083 Duce,
896 991 1034 1084 suisque
1061 991 1256 1088 ingentibus
1282 992 1397 1087 copiis,
1426 993 1469 1067 ad
1487 993 1647 1088 oppidum
1672 993 1861 1070 Zaaichost
1878 994 1928 1069 fe·

377 1114 492 1190 liciter
517 1113 746 1208 superioribus
773 1113 871 1188 annis
889 1116 1140 1209 pugnauerant)
1159 1115 1230 1189 fore
1245 1114 1284 1208 ²).
1313 1115 1459 1190 Sabbato
1485 1115 1601 1208 itaque
1627 1115 1827 1192 Sanctorum
1844 1115 1929 1194 (ler-

378 1235 462 1311 vasii
490 1238 525 1310 et
551 1235 721 1310 Prothasii
741 1234 795 1310 die
813 1236 1039 1327 illucescente,
1068 1239 1103 1310 et
1121 1234 1295 1330 palatinus
1312 1235 1539 1312 Gramriensis
1557 1237 1711 1328 Polonos,
1741 1240 1776 1313 st
1793 1237 1930 1313 Swarrm

378 1357 566 1447 Ruthenos,
595 1355 631 1430 in
657 1356 763 1431 aciem
792 1357 955 1451 producit.
987 1359 1034 1431 Et
1060 1357 1230 1433 Rutheuis
1257 1357 1392 1451 quidem
1418 1357 1622 1455 sagittarum
1649 1357 1801 1451 imbrem,
1829 1359 1934 1434 Polo·

379 1477 433 1552 uis
468 1478 541 1552 tela
575 1477 721 1572 primum
757 1477 977 1569 iacientibus,
1015 1477 1150 1552 infestis
1185 1477 1308 1552 animis
1343 1499 1540 1554 concursum
1575 1481 1628 1555 est
1662 1482 1697 1555 ot
1731 1479 1856 1555 acrilm
1886 1480 1930 1554 ab

379 1598 533 1692 utrisque
560 1602 769 1694 pugnatum:
805 1599 956 1694 superior
982 1599 1119 1674 tandem
1146 1599 1235 1675 acies
1261 1600 1461 1674 Polonorum
1487 1621 1561 1676 essa
1586 1600 1707 1696 coepit,
1734 1603 1770 1677 et
1796 1599 1832 1674 in
1860 1623 1930 1677 me·

379 1719 451 1794 dios
477 1721 590 1796 hostes
617 1720 760 1810 inrecta,
798 1720 979 1796 maximam
1009 1721 1044 1793 in
1071 1719 1224 1795 hostibus
1260 1722 1409 1815 stragem
1444 1719 1562 1796 edidit.
1608 1721 1743 1796 Suarno
1769 1720 1836 1798 etsi
1863 1743 1930 1796 uon

378 1840 482 1915 Ducis
508 1841 628 1933 solum,
666 1842 724 1916 sed
752 1843 787 1916 et
814 1841 934 1914 militis
966 1863 1067 1934 opera
1094 1863 1186 1932 usus,
1223 1841 1390 1936 praelium
1417 1844 1451 1917 et
1478 1843 1632 1918 labantes
1668 1863 1804 1918 suornm
1839 1841 1930 1919 acies

378 1963 415 2038 iu
441 1962 574 2057 aliquot
599 1961 682 2038 locis
709 1961 928 2054 restituisset,
958 1964 999 2036 ad
1026 1965 1215 2038 extremum
1242 1966 1357 2037 tamen
1383 1964 1418 2038 et
1446 1963 1528 2059 ipse,
1557 1984 1673 2039 caesas
1690 1966 1726 2039 et
1745 1964 1931 2040 melecius

378 2107 514 2160 suorum
540 2083 629 2160 acies
656 2083 790 2174 ridens,
828 2084 863 2158 in
890 2083 1019 2180 fugam,
1048 2107 1090 2158 ne
1117 2084 1153 2157 in
1180 2085 1380 2159 Polonorum
1406 2083 1503 2160 riuus
1529 2083 1660 2161 reniret
1686 2107 1813 2178 manus,
1852 2107 1929 2180 pro·

378 2206 479 2281 siliit.
524 2205 655 2281 Passim
681 2205 801 2281 deinde
828 2206 944 2282 caedes
972 2204 1058 2296 fieri,
1087 2205 1241 2280 omnibus
1267 2203 1436 2280 Ruthenis
1462 2205 1498 2281 in
1525 2206 1642 2301 fugam
1669 2205 1785 2298 versis,
1813 2209 1932 2301 coepta

379 2331 440 2418 est,
469 2330 504 2403 et
530 2350 596 2402 non
625 2326 796 2422 pauciores
823 2327 858 2401 in
885 2328 980 2421 iuga,
1009 2349 1111 2420 qnam
1138 2326 1173 2400 in
1201 2327 1383 2402 certamine
1411 2326 1597 2423 (fugientes
1624 2327 1725 2419 enim,
1754 2326 1877 2402 Poloni¹
1892 2325 1927 2400 in

379 2449 511 2541 aliquot
537 2448 698 2523 milliaria
724 2449 1025 2542 persequebantur)
1048 2447 1267 2542 interempti;
1304 2469 1446 2543 magnus
1473 2450 1508 2524 et
1534 2447 1744 2543 captiuorum
1769 2447 1839 2522 fuit
1865 2469 1928 2522 nu-

379 2593 501 2662 merus,
530 2571 651 2664 quibos
677 2569 797 2645 Poloni
823 2569 941 2644 satiati
967 2569 1077 2660 caede,
1106 2572 1334 2664 pepercerant.
1363 2570 1482 2644 Castra
1504 2569 1664 2664 posthaec
1694 2570 1930 2645 Ruthenornm

379 2692 488 2767 omnis
514 2691 707 2786 opulentiae
743 2691 856 2786 plena,
894 2690 1028 2785 direpta
1065 2694 1157 2781 sunt,
1195 2693 1230 2766 et
1265 2689 1365 2766 biduo
1392 2691 1429 2764 in
1456 2690 1651 2765 certaminis
1686 2692 1758 2766 loco
1793 2689 1928 2765 stativis

379 2812 517 2903 habitis,
547 2812 736 2888 Saornonis
761 2813 854 2887 terra
880 2812 1054 2906 populata,
1083 2811 1296 2905 incensaque,
1331 2810 1491 2886 uictorem
1518 2812 1719 2886 Polonorum
1746 2811 1932 2887 exereitum

380 2939 416 3009 et
443 2932 667 3028 multiplicem
694 2933 876 3028 spoliorum
903 2931 1015 3008 vanae
1042 2932 1265 3026 supellectilis
1292 2933 1450 3027 praedam
1475 2933 1687 3024 referentem,
1715 2955 1760 3008 ex
1786 2954 1855 3025 qna
1881 2933 1930 3006 lo·

381 3055 574 3150 onpletatus
610 3057 674 3146 est,
713 3054 886 3148 palatinus
921 3053 1149 3129 cracoviensis
1184 3075 1287 3129 orans
1320 3055 1355 3128 et
1382 3053 1464 3149 ipse,
1503 3055 1591 3148 quod
1616 3075 1671 3129 res
1697 3050 1846 3148 ductnb
1872 3074 1930 3128 suo

381 3179 416 3252 ot
443 3175 603 3270 auspiciis
630 3175 776 3252 feliciter
801 3178 901 3270 gesta
927 3174 1042 3265 luerit,
1072 3174 1246 3250 Poloniam
1272 3174 1421 3250 reduxit.
1452 3175 1547 3250 Haec
1572 3177 1686 3250 autern
1712 3175 1826 3250 clades
1850 3174 1930 3249 adeo

381 3298 559 3373 Ruthenos
586 3297 764 3388 exterruit,
802 3296 1008 3388 domuitque,
1047 3299 1086 3370 ut
1113 3297 1314 3372 Pelenerum
1350 3298 1458 3372 terras
1489 3296 1649 3390 posthaec
1674 3295 1774 3371 anuis
1801 3294 1929 3385 multis,

381 3441 554 3510 nunquam
582 3418 744 3492 auderent
771 3417 979 3511 contingere.
1025 3417 1182 3491 Omnium
1216 3419 1330 3491 autem
1366 3415 1700 3508 hominum-indicio,
1737 3417 1931 3510 triumphus

381 3539 454 3634 ipse
469 3542 495 3633 ⁴)
523 3541 606 3613 tunc
632 3539 674 3612 de
700 3537 870 3612 Rutheuis
897 3537 1038 3627 relatus,
1067 3561 1134 3612 uon
1160 3537 1317 3611 humanis
1341 3537 1479 3628 viribus,
1508 3559 1584 3612 cum
1610 3537 1725 3613 hostes
1751 3538 1930 3632 plusquam

382 3661 416 3734 in
445 3660 632 3754 quadruplo
660 3659 859 3734 excedentes
885 3657 1076 3748 habuerint,
1106 3657 1164 3732 sed
1190 3659 1262 3732 sola
1288 3657 1528 3752 propitiatione
1554 3657 1669 3733 dirius
1695 3660 1731 3733 et
1760 3657 1931 3753 suffragiis

381 3781 552 3856 Ecclesiae
578 3803 638 3875 pro
665 3781 768 3874 geute
795 3778 964 3868 Polonica,
993 3778 1143 3854 sedulius
1169 3781 1205 3854 et
1231 3779 1415 3874 impensius
1441 3780 1524 3854 tunc
1550 3778 1736 3871 sacrificiis,
1764 3779 1929 3874 precibus,

382 3901 556 3976 lachrimis
581 3903 616 3976 et
642 3899 928 3975 obsecrationibus
955 3897 1207 3994 interpellante,
1236 3899 1381 3974 maxime
1407 3901 1522 3974 tumen
1549 3899 1680 3976 meritis
1706 3902 1827 3976 beatae
1844 3900 1930 3974 llin-

383 4045 445 4116 gae
471 4020 620 4098 Boleslai
647 4021 749 4096 Ducis
776 4020 951 4111 consortis,
979 4020 1128 4095 creditus
1154 4022 1208 4096 est
1233 4021 1435 4115 provenisse.
1468 4019 1530 4096 oui
1556 4019 1667 4096 oranti
1693 4023 1729 4096 ct
1754 4019 1929 4096 incolumi·

381 4147 500 4234 tatem
528 4142 768 4236 uictoriamque
795 4143 997 4216 Polonorum
1021 4142 1116 4237 genti
1143 4141 1184 4216 de
1211 4142 1301 4216 coelo
1328 4141 1400 4214 dari
1429 4141 1675 4236 interpellanti,
1711 4143 1777 4216 duo
1803 4141 1870 4216 viri
1895 4140 1930 4215 in

384 4265 472 4338 albis
511 4263 722 4338 uestimentis
737 4263 765 4357 ⁶)
801 4263 1005 4354 astiterunt,
1047 4285 1188 4354 quorum
1224 4263 1358 4338 oraculo
1393 4264 1434 4338 de
1469 4264 1586 4338 lutura
1620 4261 1761 4338 uictoria
1796 4261 1931 4337 Polonis

384 4387 520 4479 proptor
546 4407 624 4460 suas
651 4383 907 4500 intercessiones
941 4383 1152 4474 conferenda,
1184 4383 1306 4458 certior
1331 4385 1423 4460 fecta
1448 4387 1512 4476 est,
1540 4385 1575 4460 et
1601 4383 1639 4457 hi
1665 4381 1782 4458 Sancti
1807 4367 1929 4460 Gerra·

386 4505 458 4580 sius
485 4509 521 4580 et
546 4505 745 4582 Prothasius
771 4528 792 4581 a
819 4503 993 4580 nonnullis
1020 4503 1203 4580 aestimati.

436 4852 585 4926 tucrum
613 4852 769 4941 santhoh,
797 4851 884 4946 quod
911 4855 1025 4926 contra
1051 4856 1149 4942 pactu
1175 4851 1344 4926 boleslaus
1371 4849 1609 4941 reducerent,
1640 4869 1683 4924 ex
1709 4849 1882 4926 munerun

591 4973 783 5046 barchiouir
809 4972 1106 5064 brandeburgensis
1134 4976 1170 5046 et
1195 4973 1339 5047 boleslai
1364 4972 1412 5046 cn
1438 4972 1536 5046 bucin
1563 4973 1720 5046 entitur.

489 5178 603 5254 Paetis
629 5181 665 5255 et
691 5177 906 5272 ordinationi,
944 5201 1030 5271 quae
1056 5177 1234 5255 Boleslaus
1261 5177 1343 5253 Pius
1369 5175 1586 5254 (ialissiensis
1612 5180 1648 5254 et
1673 5175 1811 5253 Maioris
1836 5175 1930 5253 Polo·

494 5403 519 5482 ¹)
542 5407 686 5466 Ruthenis
715 5424 785 5468 vero
819 5401 891 5467 Ood.
913 5405 1005 5466 Reor.
1045 5402 1072 5483 Ω)
1095 5404 1159 5466 lore
1189 5405 1267 5468 dcccl
1295 5407 1332 5466 c'a
1364 5403 1434 5470 God.
1457 5403 1530 5470 Aac.
1569 5401 1599 5483 ³)
1622 5405 1730 5466 ducatu
1763 5402 1833 5467 God.
1858 5401 1929 5464 Aac.

389 5504 416 5586 ⁴)
437 5509 495 5570 iste
520 5507 591 5575 Ood.
613 5511 705 5576 sorr.
744 5506 975 5594 brechinensis
998 5510 1076 5581 dccet
1096 5509 1133 5576 io
1158 5507 1230 5578 coa
1252 5505 1326 5576 aar.
