4162 6288
400 551 475 624 402
1003 563 1116 623 arama
1142 571 1336 624 snernrus.
1666 547 1734 646 (Α.
1756 547 1802 622 D.
1822 549 1949 647 laea.)
1990 621 1993 625 .
2069 615 2070 632 ,

403 756 549 844 ,tionem
576 753 665 846 fidei,
695 754 888 849 promisisse
915 755 1108 847 dinosceris,
1138 757 1311 830 obseruare
1330 755 1541 850 postmodum
1567 777 1634 829 non
1652 755 1789 846 curasti,
1818 755 1855 828 in
1872 754 1946 829 ani·

403 899 496 965 ,unae
523 878 602 951 tuae
629 875 827 970 periculum,
865 876 971 971 ipsius
999 877 1158 950 iniuriam
1185 875 1275 968 fidei,
1303 875 1473 952 Ecclesiae
1500 876 1690 972 praedictae
1716 878 1947 969 conmmptum

265 1059 269 1064 .
402 1001 458 1086 ,et
493 997 706 1091 opprobrium
743 998 821 1070 Iesu
857 997 995 1071 christi.
1042 999 1150 1091 Super
1189 1019 1255 1088 quo
1294 999 1390 1071 tanto
1430 997 1660 1072 uehementius
1694 997 1945 1086 contristamur,
2069 1065 2070 1068 ,

402 1121 548 1210 ,quanto
576 1117 761 1194 ferventius
788 1140 888 1212 super
914 1118 1027 1192 omnia
1053 1118 1161 1193 cordis
1187 1117 1293 1193 nostri
1320 1118 1557 1193 desiderabilia
1583 1119 1746 1213 cupimus,
1774 1120 1814 1191 ut
1833 1119 1948 1192 cultus

402 1239 570 1327 ,eiusdem
597 1238 675 1314 fidei
702 1239 838 1334 longius
865 1239 1037 1332 latiusque
1063 1239 1205 1314 diffusus
1231 1239 1427 1315 continuum
1454 1243 1589 1328 austere
1616 1240 1757 1314 Domino
1783 1239 1949 1333 suscipiat

402 1360 678 1448 ,incrementum
723 1360 884 1434 Volentee
912 1360 1020 1455 igitur
1057 1360 1251 1454 apostolicis
1277 1361 1367 1454 apud
1394 1363 1428 1435 te
1455 1383 1555 1455 super
1582 1362 1663 1436 haec
1689 1360 1847 1434 insistere
1875 1383 1947 1433 mo·

402 1481 514 1572 ,nitis,
545 1484 579 1555 et
606 1482 646 1555 ad
675 1480 862 1572 veritatem,
891 1503 976 1573 quae
1003 1481 1157 1554 Christus
1183 1483 1246 1571 est,
1275 1481 1427 1575 paternis
1453 1482 1489 1555 te
1516 1481 1786 1575 persuasionibus
1812 1502 1947 1555 reuoca·
2069 1581 2070 1584 Ἴ

401 1625 467 1694 ,re,
496 1624 535 1676 ao
561 1606 748 1697 sperantes,
776 1603 864 1692 quod
890 1603 926 1676 te
952 1603 1101 1695 grauiter
1127 1604 1244 1678 contra
1269 1603 1376 1677 Deum
1403 1603 1437 1675 et
1464 1603 1536 1676 eius
1553 1603 1739 1677 Ecclesiam
1765 1601 1947 1694 deliquisse

400 1723 643 1814 ,considerans
681 1722 845 1816 condigne
881 1723 1054 1816 poeniteas
1086 1726 1122 1796 et
1147 1745 1292 1798 errorem
1327 1725 1423 1797 tuum
1460 1723 1625 1818 corrigere
1661 1723 1797 1798 studeas
1824 1745 1884 1816 por
1910 1726 1947 1796 te

401 1844 553 1938 ,ipsum,
591 1844 860 1938 magnitudinem
897 1847 990 1917 tuam
1027 1846 1225 1918 monendam
1266 1844 1424 1919 duximus
1460 1844 1626 1920 attontiue
1662 1847 1697 1920 et
1731 1845 1945 1932 hortandam,
2069 1855 2070 1874 *

399 1967 588 2056 ,quatenus
614 1965 656 2038 ad
683 1968 778 2039 tuam
806 1965 998 2039 memoriam
1024 1988 1194 2056 reuocans,
1217 1967 1344 2058 quanto
1370 1965 1492 2056 studio,
1522 1967 1716 2057 quantaque
1742 1965 1945 2040 sollicitudi-

399 2108 463 2174 ,ne
490 2085 579 2160 circa
604 2085 848 2160 exaltationem
875 2089 970 2161 tuam
997 2088 1100 2161 Sedes
1126 2086 1322 2181 apostolica
1349 2087 1564 2178 laboraverit,
1601 2086 1814 2162 considerans
1841 2087 1946 2161 etiam

399 2205 507 2297 ,quod
533 2227 600 2280 non
627 2205 813 2280 Ecclesiam
841 2205 898 2280 sed
934 2209 968 2280 to
1004 2204 1114 2299 ipsum
1151 2204 1287 2298 decipis,
1324 2207 1421 2278 tuum
1449 2205 1484 2278 in
1510 2207 1575 2280 hac
1611 2209 1706 2298 parte
1742 2204 1945 2298 promissum

398 2325 657 2414 ,damnabiliter
684 2350 750 2401 non
778 2328 951 2417 servando,
982 2326 1181 2419 perditionis
1208 2327 1297 2400 viam
1321 2349 1388 2418 qua
1405 2326 1581 2420 gradieris,
1601 2348 1667 2400 nen
1686 2326 1820 2401 differas
1848 2325 1945 2400 abin·

398 2469 504 2540 ,rare,
532 2449 567 2521 et
594 2446 640 2536 id,
677 2448 764 2539 quod
800 2447 840 2522 de
873 2447 979 2540 ipsius
1015 2447 1244 2522 obseruatione
1279 2447 1355 2522 fidoi
1384 2449 1419 2520 et
1445 2447 1636 2541 praedictae
1662 2447 1832 2522 Ecclesiae
1867 2449 1945 2520 obe·

398 2567 558 2660 ,dientia,
587 2568 776 2643 iuramento
804 2568 967 2662 praestito
995 2569 1190 2661 promisisti,
1228 2567 1471 2642 inuiolabiliter
1497 2570 1670 2644 obseruare
1698 2589 1866 2662 procures,
1894 2567 1946 2640 ita

399 2689 508 2782 ,quod
534 2711 594 2764 nos
620 2691 757 2764 tuorum
784 2689 1005 2763 laudabilium
1032 2712 1169 2784 operum
1196 2690 1294 2764 odore
1321 2693 1489 2783 percepto,
1527 2689 1636 2762 multa
1666 2689 1787 2763 exinde
1814 2687 1945 2782 perfusi

363 2849 365 2852 ·
399 2810 565 2900 ,laetitia
594 2809 705 2884 dulcia
730 2810 836 2904 ipsius
863 2809 1033 2886 Ecclesiae
1053 2812 1165 2901 ubera,
1193 2831 1279 2902 quae
1305 2811 1435 2904 copiose
1462 2809 1586 2882 dudum
1613 2810 1650 2884 in
1677 2811 1859 2883 multorum
1887 2811 1943 2882 bo-

399 2929 614 3017 ,neficiorum
641 2931 854 3025 perceptione
872 2930 1008 3022 suxisti,
1037 2931 1112 3020 tibi,
1141 2931 1210 3004 tuis
1228 2931 1443 3025 exigentibus
1462 2931 1603 3022 meritis,
1632 2931 1847 3004 affectuosius
1865 2951 1943 3022 por·

400 3051 582 3144 ,rigamus
631 3051 791 3144 Alioquin
827 3052 1074 3126 venerabilibus
1100 3051 1263 3126 fratribus
1291 3053 1416 3126 nostris
1442 3051 1670 3126 Olomucnenei
1697 3055 1733 3125 et
1758 3050 1942 3127 Wratisla·

398 3171 524 3260 ,rlensi
551 3172 726 3267 episcopis,
756 3171 867 3246 literis
893 3173 1019 3248 nostris
1040 3173 1063 3265 ¹)
1090 3173 1310 3267 iniungimus
1344 3175 1383 3246 ut
1409 3176 1444 3246 te
1470 3173 1511 3246 ad
1539 3172 1573 3246 id
1600 3195 1659 3266 per
1686 3193 1862 3246 censuram
1889 3193 1941 3246 ec·

399 3292 653 3384 ,clesiaaticam
682 3293 910 3388 appellatione
936 3297 1075 3386 remota,
1104 3295 1319 3388 compellant,
1347 3294 1500 3368 inuocato
1527 3293 1746 3368 nibilominus
1772 3295 1891 3368 contra
1907 3295 1943 3368 te

398 3413 547 3500 ,auxilio
574 3414 704 3490 brachii
730 3413 921 3505 saecularis,
950 3415 1247 3489 nonobstantibus
1269 3415 1439 3507 aliquibus
1466 3414 1577 3490 litatis
1595 3414 1801 3509 apostolicis,
1829 3414 1941 3488 ouius-

398 3555 560 3626 ,oumque
586 3536 713 3612 tenoris
740 3536 902 3626 existant,
932 3559 991 3629 per
1018 3558 1102 3627 quas
1129 3537 1267 3612 effectus
1304 3535 1530 3630 praesentium
1566 3535 1719 3631 impediri
1746 3537 1861 3611 valed
1887 3535 1941 3609 vel

396 3655 556 3748 ,differri
585 3660 621 3731 et
647 3657 888 3734 constitutione
915 3657 955 3732 de
983 3657 1113 3732 duabus
1139 3657 1240 3733 dietis
1267 3658 1359 3732 edita
1385 3657 1421 3732 in
1448 3656 1594 3732 Concilio
1621 3657 1783 3753 generali.
1817 3657 1941 3730 Datum

397 3777 590 3873 „Laterani
618 3779 700 3855 Idus
726 3777 913 3872 Februarii,
942 3778 1166 3854 Pontificatus
1192 3778 1299 3853 nostri
1326 3778 1424 3854 Anno
1450 3779 1586 3855 tartio.“

874 4144 985 4218 letoni
1010 4144 1148 4218 aarum
1174 4147 1280 4218 tarrae
1307 4148 1452 4220 restant.

495 4381 541 4454 Et
568 4383 631 4455 sub
657 4383 769 4457 eodem
797 4405 885 4457 anno
901 4383 927 4476 ²)
955 4385 1074 4460 Poloni
1101 4385 1138 4458 in
1164 4407 1290 4480 magna
1319 4383 1539 4459 multitudine
1573 4385 1764 4478 glomerati,
1801 4383 1936 4460 uastant

391 4501 500 4574 terras
526 4501 681 4594 Euseiae,
718 4503 752 4577 et
779 4503 1014 4580 Ruthenorum
1040 4503 1215 4599 Principes
1241 4508 1342 4596 atque
1369 4505 1548 4596 exercitus,
1582 4524 1656 4578 curn
1684 4505 1755 4579 illis
1783 4507 1935 4581 decerne·

391 4620 471 4714 rel)
497 4622 669 4714 audentes,
697 4624 894 4720 confligunt.

863 4955 1015 5028 cruciferi
1042 4974 1062 5027 a
1088 4955 1257 5030 Parthenia
1285 4957 1471 5030 caeduntur.

493 5155 633 5233 Fratres
660 5157 821 5234 cruciferi
856 5159 1086 5235 aPruthenia
1121 5161 1273 5236 barbaris
1309 5161 1480 5236 hostilitet
1515 5161 1634 5254 invasi,
1671 5163 1768 5256 gram
1783 5162 1811 5257 ⁴)
1838 5165 1933 5240 caede

390 5307 801 5328 ὓ--ᾑ--κ-ου--κ--ι--κ

499 5382 522 5462 ¹)
544 5387 638 5448 literis
664 5389 868 5462 praesentibus
904 5385 973 5449 Ood.
997 5389 1088 5449 Roar.
1129 5384 1155 5466 ⁹)
1178 5395 1308 5464 tempore
1323 5405 1324 5409 ¹
1339 5394 1370 5449 et
1399 5405 1474 5450 anno
1508 5387 1578 5452 Occi.
1600 5389 1693 5452 Roar.
1733 5385 1932 5466 ³)decertare

394 5487 465 5548 Ged.
487 5489 580 5552 Roar.
619 5488 646 5569 ⁴)
668 5493 771 5565 grandi
797 5491 867 5554 Ood.
891 5493 983 5554 Roar.
