4246 6274
403 537 450 608 36
662 507 665 514 ’
1016 553 1128 605 amns
1155 553 1324 616 comune.
1677 523 1739 625 (A.
1760 529 1813 631 D:
1827 529 1934 626 1150.)

401 745 474 818 tum
499 764 600 835 quam
627 740 771 816 maxime
798 739 985 836 improbare
1011 742 1046 815 ot
1071 741 1219 817 avortere
1246 741 1384 815 conatus
1415 739 1545 832 fuisset,
1586 739 1796 835 Principibus
1822 742 1934 815 tamon

401 867 436 940 et
463 863 627 939 militibus
661 861 837 938 Almaniae
870 862 913 937 ad
948 865 1086 957 penates
1104 862 1127 956 ¹)
1163 865 1198 938 ct
1224 861 1381 958 coniuges
1414 861 1521 937 redire
1554 862 1803 954 anhelantibus,
1840 863 1934 937 nullo

402 987 499 1082 pacto
526 986 658 1079 poterat
684 983 858 1058 infirmari.
891 983 1056 1076 Motisqua
1082 984 1190 1059 altera
1217 983 1271 1057 die
1298 981 1428 1075 castris,
1465 983 1636 1058 (luuradus
1670 983 1746 1058 Rex
1772 1005 1846 1058 cum
1873 1005 1933 1058 suo

405 1106 553 1182 exercitu
588 1109 623 1182 et
654 1105 841 1183 Wladislao
868 1107 1066 1181 Polonorum
1092 1106 1182 1180 Duce
1210 1092 1252 1179 'in
1279 1128 1338 1202 spe
1372 1128 1433 1180 sua
1468 1105 1649 1197 ludificato,
1679 1105 1715 1179 in
1741 1102 1934 1180 Almaniam

403 1229 515 1321 rediit,
544 1228 621 1323 etl)
647 1230 824 1304 Boleslaus
849 1229 1049 1304 Polonornm
1074 1228 1153 1303 Dux
1178 1227 1304 1304 bellum
1331 1227 1451 1324 ingens
1477 1227 1548 1304 sino
1575 1226 1787 1303 dimicatione
1809 1229 1843 1302 et
1860 1227 1934 1302 sine

404 1350 517 1443 armis,
545 1351 615 1426 solo
642 1353 717 1426 astu
744 1353 779 1427 et
805 1350 982 1447 prudentia
1008 1349 1194 1443 conficiens,
1222 1373 1365 1448 magnus
1383 1352 1419 1426 et
1435 1357 1553 1448 gratum
1571 1349 1606 1424 in
1627 1349 1698 1425 suis
1716 1352 1750 1426 et
1768 1347 1935 1444 exierisll

405 1471 514 1570 coepit
539 1473 665 1550 haberi.

854 1833 1060 1948 ANNUS
1095 1833 1318 1948 DOMINI
1352 1835 1484 1950 nso

408 2083 571 2158 cunradus
598 2086 638 2157 ab
667 2083 835 2158 aduersam
861 2085 1072 2159 ualitudinem
1098 2085 1230 2177 saepius
1256 2084 1439 2176 lagidedun
1466 2084 1646 2158 subsidium
1663 2083 1838 2158 wladislao
1857 2085 1939 2158 terra

805 2225 867 2279 nou
893 2209 1014 2297 uolens,
1042 2211 1148 2281 cordos
1174 2208 1223 2280 illi
1249 2207 1373 2281 reditus
1400 2207 1542 2300 largitur.

509 2448 655 2524 Maximo
681 2450 716 2524 ed
742 2447 926 2544 periculoso
952 2449 1051 2541 bello,
1080 2449 1116 2523 in
1142 2451 1230 2542 quod
1257 2449 1445 2525 uniuersam
1471 2448 1663 2524 Almaniam
1691 2411 1726 2524 ei
1745 2449 1939 2525 Bohemiam

408 2573 582 2648 constabat
617 2593 710 2646 arma
745 2571 935 2666 sumpsisse,
964 2594 985 2646 a
1012 2571 1168 2648 Poloniae
1202 2573 1320 2667 Regno
1355 2571 1490 2668 ingenio
1516 2574 1551 2648 et
1577 2573 1756 2668 prudentia
1790 2572 1940 2648 Bolaslai

407 2695 606 2771 Polonorum
632 2692 734 2767 Ducis
760 2695 908 2788 depulso,
936 2694 1140 2786 tranquillae
1167 2695 1254 2789 apud
1281 2696 1421 2770 Polonos
1446 2717 1499 2772 ros
1525 2698 1631 2786 erant,
1660 2694 1831 2791 Principes
1857 2716 1939 2790 quo-

409 2839 473 2911 que
498 2815 655 2891 Poloniae
688 2817 748 2890 aut
782 2815 856 2890 iura
888 2816 1071 2892 reddebant
1106 2815 1257 2911 populis,
1295 2818 1355 2891 aut
1390 2817 1581 2892 uenationes
1615 2819 1819 2892 tractabant.
1865 2817 1941 2891 Non

409 2939 536 3034 ¹quieuit
562 2940 674 3014 tamen
700 2934 879 3014 Wladislai
905 2938 1063 3014 Poloniae
1098 2937 1200 3014 Ducis
1234 2937 1414 3031 instantia,
1452 2939 1534 3032 quin
1560 2939 1748 3014 Gunradum
1775 2939 1940 3014 Murano-

409 3084 484 3136 rum
510 3061 637 3156 Regem
663 3059 700 3134 in
726 3082 845 3136 nouam
880 3060 1125 3156 expeditionem
1151 3059 1308 3135 Polouiae
1344 3060 1551 3136 inferendam
1578 3051 1790 3151 accenderet3
1826 3082 1941 3136 conse-

411 3185 572 3276 cutusque
590 3182 711 3257 fuisset
727 3182 936 3258 chdislans
962 3184 1162 3258 Polonorum
1188 3183 1266 3256 Dux
1292 3205 1427 3257 suarum
1454 3182 1663 3259 molitionum
1685 3185 1849 3274 ellectum,
1877 3183 1944 3257 uisi

411 3305 547 3381 interim
573 3305 761 3382 cunradum
788 3306 916 3401 Regem,
933 3305 1082 3381 ualitudo
1101 3306 1242 3381 adversa
1268 3305 1499 3402 oppressisset,
1528 3305 1622 3382 cuius
1649 3305 1800 3381 diutinus
1815 3305 1842 3401 4)
1868 3307 1956 3380 lan·.

411 3450 495 3524 gnon
521 3426 748 3504 wladislaum
773 3427 898 3503 Ducem
925 3426 1124 3502 instantiam
1150 3449 1245 3502 suam
1270 3429 1441 3504 remittere
1468 3427 1587 3524 coegit.
1615 3429 1804 3504 Nonnullae
1830 3430 1943 3503 tamon

412 3549 635 3646 possessiones
662 3552 696 3624 et
721 3549 849 3625 reditus
875 3549 1062 3625 Wladislao
1088 3551 1171 3626 Duci
1207 3552 1327 3626 caesar
1362 3551 1506 3647 largitus
1533 3553 1595 3642 est,
1634 3573 1697 3646 quo
1724 3553 1759 3625 et
1785 3549 1943 3644 aequani-

413 3672 498 3778 mius
523 3669 771 3748 restitutionem
797 3691 902 3763 suam,
928 3673 1123 3764 bellumque
1149 3675 1266 3747 contra
1289 3672 1462 3749 Poloniam
1488 3673 1742 3748 instaurandum
1768 3674 1881 3764 ferret,
1909 3674 1945 3748 ot

411 3795 581 3870 honestati
608 3797 708 3888 atque
735 3793 916 3871 conditioni
943 3817 1022 3870 suae
1048 3817 1231 3890 oengusum
1258 3797 1383 3870 statum
1405 3797 1532 3890 ageret.
1560 3795 1624 3870 Sed
1651 3799 1685 3871 ct
1712 3795 1820 3870 filium
1846 3817 1943 3890 pree-

413 3916 478 3991 iuti
504 3915 684 3992 Wladislai
710 3916 812 3992 Ducis
839 3917 1106 4012 minorennom⁶)
1132 3917 1320 3992 Gunradum
1347 3917 1489 4008 nomine,
1518 3920 1703 4013 propterea,
1732 3919 1819 4011 quod
1846 3917 1880 3990 iu
1898 3917 1943 3991 ti-

308 4121 311 4130 ,
413 4039 469 4113 bia
495 4039 652 4114 deformis
679 4042 767 4115 esset
793 4041 828 4114 et
854 4041 895 4113 ob
922 4039 956 4114 id
982 4038 1155 4134 loripedis
1182 4061 1362 4135 cognomen
1390 4041 1539 4131 sortitus,
1568 4039 1680 4114 abbati
1707 4039 1868 4114 Fuldensi
1888 4061 1943 4113 as-

412 4161 609 4237 servandum
637 4163 672 4236 el
699 4163 769 4235 tam
796 4161 907 4236 literis
942 4183 1043 4251 quam
1079 4161 1225 4235 moribus
1260 4159 1484 4254 imbuendum,
1521 4164 1561 4236 ut
1595 4176 1750 4236 successu
1785 4161 1946 4256 temporis

411 4283 585 4380 religionis
611 4306 686 4357 curn
713 4305 803 4357 amor
830 4283 973 4377 caperet,
1001 4281 1183 4358 commisit:
1221 4284 1361 4377 uteu'que
1396 4283 1484 4358 enim
1517 4305 1636 4379 parens
1670 4283 1742 4358 eius
1769 4283 1878 4379 ipsum
1905 4285 1946 4358 ob

413 4404 655 4520 deformitatem
682 4404 839 4480 tibiarum
867 4404 1065 4480 monasterio
1092 4405 1200 4501 magis
1226 4428 1327 4496 quam
1354 4406 1486 4481 saeculo
1514 4405 1714 4482 destinabat.

719 4771 902 4864 doguplmlo
930 4772 1079 4865 episcopo
1105 4772 1314 4846 Posuonieusi
1341 4771 1487 4864 succedit
1513 4771 1639 4846 liaeus.

515 5013 734 5108 Boguphalus
768 5011 1004 5088 Posnaniensis
1038 5013 1211 5110 episcopus
1246 5035 1321 5090 curn
1356 5014 1454 5089 annis
1489 5015 1615 5089 duobus
1651 5015 1801 5107 sedisset,
1840 5015 1945 5106 senio,

413 5134 576 5210 incertum
602 5138 663 5228 est,
691 5137 861 5212 conlectus
887 5159 930 5211 an
959 5138 1080 5228 morbo,
1117 5135 1187 5212 lato
1214 5139 1411 5232 absumptus
1438 5139 1473 5211 et
1499 5136 1534 5212 in
1556 5137 1778 5240 vPosnaniensi
1805 5137 1947 5213 ecclesia

521 5412 544 5491 ¹)
566 5421 686 5489 penates
709 5434 777 5476 snos
799 5417 858 5476 Ed.
881 5417 975 5477 Βοῦν.
1014 5413 1040 5494 ⁹)
1063 5417 1105 5476 sic
1131 5416 1201 5478 Ood.
1224 5419 1315 5478 Rosr.
1354 5413 1381 5496 3)
1402 5418 1479 5479 inter
1502 5434 1569 5479 suos
1586 5423 1616 5480 et
1633 5422 1749 5480 exteros
1772 5417 1831 5481 Ed.
1854 5417 1948 5485 Dobr.

416 5513 443 5600 ι)
465 5519 616 5583 diuturnus
638 5521 697 5586 Ed.
719 5523 813 5583 Dobr.
852 5518 877 5602 ⁵)
900 5524 1039 5585 minorem
1061 5528 1131 5585 natu
1155 5522 1213 5584 Ed.
1237 5523 1331 5584 Βοῦν.
