<?xml version="1.0" encoding="UTF-8"?>
<!DOCTYPE html PUBLIC "-//W3C//DTD XHTML 1.0 Transitional//EN"
    "http://www.w3.org/TR/xhtml1/DTD/xhtml1-transitional.dtd">
<html xmlns="http://www.w3.org/1999/xhtml" xml:lang="en" lang="en">
 <head>
  <title>
</title>
<meta http-equiv="Content-Type" content="text/html;charset=utf-8" />
  <meta name='ocr-system' content='tesseract 3.04.00' />
  <meta name='ocr-capabilities' content='ocr_page ocr_carea ocr_par ocr_line ocrx_word'/>
</head>
<body>
  <div class='ocr_page' id='page_1' title='image "./operaomnia02paulgoog_0446.png"; bbox 0 0 4162 6288; ppageno 0'>
   <div class='ocr_carea' id='block_1_1' title="bbox 0 253 3 1124">
    <p class='ocr_par' dir='ltr' id='par_1_1' title="bbox 0 253 3 1124">
     <span class='ocr_line' id='line_1_1' title="bbox 0 253 3 1124; baseline 0 0"><span class='ocrx_word' id='word_1_1' title='bbox 0 253 3 1124; x_wconf 95' lang='lat' dir='ltr'> </span> 
     </span>
    </p>
   </div>
   <div class='ocr_carea' id='block_1_2' title="bbox 396 485 2051 638">
    <p class='ocr_par' dir='ltr' id='par_1_2' title="bbox 396 485 2051 638">
     <span class='ocr_line' id='line_1_2' title="bbox 396 485 2051 638; baseline 0.002 -27"><span class='ocrx_word' id='word_1_2' title='bbox 396 541 472 612; x_wconf 89' lang='lat'>430</span> <span class='ocrx_word' id='word_1_3' title='bbox 812 485 816 498; x_wconf 25' lang='grc'>,</span> <span class='ocrx_word' id='word_1_4' title='bbox 997 559 1109 612; x_wconf 79' lang='lat' dir='ltr'>omna</span> <span class='ocrx_word' id='word_1_5' title='bbox 1136 561 1329 638; x_wconf 70' lang='lat' dir='ltr'>sensurus.</span> <span class='ocrx_word' id='word_1_6' title='bbox 1671 541 1733 634; x_wconf 83' lang='grc' dir='ltr'>(Α.</span> <span class='ocrx_word' id='word_1_7' title='bbox 1753 539 1799 614; x_wconf 83' lang='lat' dir='ltr'>D.</span> <span class='ocrx_word' id='word_1_8' title='bbox 1820 541 1939 634; x_wconf 84' lang='grc'>1273.)</span> <span class='ocrx_word' id='word_1_9' title='bbox 2048 617 2051 622; x_wconf 86' lang='lat'><em>.</em></span> 
     </span>
    </p>
   </div>
   <div class='ocr_carea' id='block_1_3' title="bbox 395 745 1940 843">
    <p class='ocr_par' dir='ltr' id='par_1_3' title="bbox 395 745 1940 843">
     <span class='ocr_line' id='line_1_3' title="bbox 395 745 1940 843; baseline 0.001 -24"><span class='ocrx_word' id='word_1_10' title='bbox 395 769 461 819; x_wconf 83' lang='lat' dir='ltr'>uox</span> <span class='ocrx_word' id='word_1_11' title='bbox 487 769 530 820; x_wconf 87' lang='lat' dir='ltr'>ex</span> <span class='ocrx_word' id='word_1_12' title='bbox 556 755 632 820; x_wconf 78' lang='lat' dir='ltr'>aere</span> <span class='ocrx_word' id='word_1_13' title='bbox 658 747 701 818; x_wconf 91' lang='lat' dir='ltr'>ad</span> <span class='ocrx_word' id='word_1_14' title='bbox 728 769 814 835; x_wconf 90' lang='lat' dir='ltr'>eum,</span> <span class='ocrx_word' id='word_1_15' title='bbox 853 745 974 820; x_wconf 94' lang='lat' dir='ltr'>bonine</span> <span class='ocrx_word' id='word_1_16' title='bbox 1002 769 1045 819; x_wconf 88' lang='lat' dir='ltr'>en</span> <span class='ocrx_word' id='word_1_17' title='bbox 1073 747 1153 820; x_wconf 90' lang='lat' dir='ltr'>mali</span> <span class='ocrx_word' id='word_1_18' title='bbox 1183 747 1307 840; x_wconf 83' lang='lat' dir='ltr'>Angeli</span> <span class='ocrx_word' id='word_1_19' title='bbox 1328 746 1360 840; x_wconf 89' lang='grc' dir='ltr'>Ι)’,</span> <span class='ocrx_word' id='word_1_20' title='bbox 1399 749 1531 840; x_wconf 86' lang='lat' dir='ltr'>prolata</span> <span class='ocrx_word' id='word_1_21' title='bbox 1566 749 1730 824; x_wconf 70' lang='lat' dir='ltr'><strong>scribatur</strong></span> <span class='ocrx_word' id='word_1_22' title='bbox 1746 749 1774 843; x_wconf 76' lang='lat'>²)</span> <span class='ocrx_word' id='word_1_23' title='bbox 1801 773 1839 823; x_wconf 93' lang='lat' dir='ltr'>eo</span> <span class='ocrx_word' id='word_1_24' title='bbox 1867 751 1940 842; x_wconf 90' lang='lat' dir='ltr'>ipso</span> 
     </span>
    </p>
   </div>
   <div class='ocr_carea' id='block_1_4' title="bbox 395 867 2079 961">
    <p class='ocr_par' dir='ltr' id='par_1_4' title="bbox 395 867 2079 961">
     <span class='ocr_line' id='line_1_4' title="bbox 395 867 2079 961; baseline 0.003 -23"><span class='ocrx_word' id='word_1_25' title='bbox 395 869 431 940; x_wconf 92' lang='lat' dir='ltr'>in</span> <span class='ocrx_word' id='word_1_26' title='bbox 457 870 606 958; x_wconf 89' lang='lat' dir='ltr'>tempore</span> <span class='ocrx_word' id='word_1_27' title='bbox 632 867 801 940; x_wconf 80' lang='lat' dir='ltr'>sonuisse:</span> <span class='ocrx_word' id='word_1_28' title='bbox 839 868 909 941; x_wconf 86' lang='lat' dir='ltr'>Vae</span> <span class='ocrx_word' id='word_1_29' title='bbox 936 867 997 940; x_wconf 93' lang='lat' dir='ltr'>tibi</span> <span class='ocrx_word' id='word_1_30' title='bbox 1028 869 1133 940; x_wconf 88' lang='lat' dir='ltr'>Paule</span> <span class='ocrx_word' id='word_1_31' title='bbox 1161 869 1324 961; x_wconf 89' lang='lat' dir='ltr'>episcope,</span> <span class='ocrx_word' id='word_1_32' title='bbox 1362 869 1471 940; x_wconf 90' lang='lat' dir='ltr'>satius</span> <span class='ocrx_word' id='word_1_33' title='bbox 1502 873 1613 942; x_wconf 71' lang='lat' dir='ltr'>mcum</span> <span class='ocrx_word' id='word_1_34' title='bbox 1640 874 1750 944; x_wconf 90' lang='lat' dir='ltr'>actum</span> <span class='ocrx_word' id='word_1_35' title='bbox 1779 875 1881 956; x_wconf 88' lang='lat' dir='ltr'>esset,</span> <span class='ocrx_word' id='word_1_36' title='bbox 1910 871 1938 943; x_wconf 92' lang='lat' dir='ltr'>si</span> <span class='ocrx_word' id='word_1_37' title='bbox 2078 887 2079 892; x_wconf 75' lang='grc'>’</span> 
     </span>
    </p>
   </div>
   <div class='ocr_carea' id='block_1_5' title="bbox 392 988 1983 2171">
    <p class='ocr_par' dir='ltr' id='par_1_5' title="bbox 392 988 1983 2171">
     <span class='ocr_line' id='line_1_5' title="bbox 395 988 1938 1084; baseline 0.003 -25"><span class='ocrx_word' id='word_1_38' title='bbox 395 991 494 1060; x_wconf 88' lang='lat' dir='ltr'>natus</span> <span class='ocrx_word' id='word_1_39' title='bbox 520 1009 587 1059; x_wconf 92' lang='lat' dir='ltr'>non</span> <span class='ocrx_word' id='word_1_40' title='bbox 615 988 756 1062; x_wconf 84' lang='lat' dir='ltr'>luisses!</span> <span class='ocrx_word' id='word_1_41' title='bbox 786 989 887 1062; x_wconf 86' lang='lat' dir='ltr'>Visus</span> <span class='ocrx_word' id='word_1_42' title='bbox 913 990 965 1062; x_wconf 87' lang='lat' dir='ltr'>est</span> <span class='ocrx_word' id='word_1_43' title='bbox 992 991 1027 1062; x_wconf 93' lang='lat' dir='ltr'>et</span> <span class='ocrx_word' id='word_1_44' title='bbox 1053 1011 1073 1061; x_wconf 88' lang='lat' dir='ltr'>a</span> <span class='ocrx_word' id='word_1_45' title='bbox 1101 989 1244 1079; x_wconf 90' lang='lat' dir='ltr'>quodam</span> <span class='ocrx_word' id='word_1_46' title='bbox 1271 989 1429 1082; x_wconf 90' lang='lat' dir='ltr'>religioso</span> <span class='ocrx_word' id='word_1_47' title='bbox 1457 1011 1514 1082; x_wconf 90' lang='lat' dir='ltr'>per</span> <span class='ocrx_word' id='word_1_48' title='bbox 1541 989 1688 1081; x_wconf 88' lang='lat' dir='ltr'>quietem</span> <span class='ocrx_word' id='word_1_49' title='bbox 1707 993 1820 1084; x_wconf 92' lang='lat' dir='ltr'>lupus,</span> <span class='ocrx_word' id='word_1_50' title='bbox 1848 1012 1938 1064; x_wconf 90' lang='lat' dir='ltr'>erec·</span> 
     </span>
     <span class='ocr_line' id='line_1_6' title="bbox 394 1107 1939 1204; baseline 0.003 -25"><span class='ocrx_word' id='word_1_51' title='bbox 394 1107 440 1180; x_wconf 86' lang='lat' dir='ltr'>tie</span> <span class='ocrx_word' id='word_1_52' title='bbox 467 1107 634 1200; x_wconf 81' lang='lat' dir='ltr'>prioribus</span> <span class='ocrx_word' id='word_1_53' title='bbox 661 1108 695 1180; x_wconf 93' lang='lat' dir='ltr'>in</span> <span class='ocrx_word' id='word_1_54' title='bbox 723 1129 856 1181; x_wconf 89' lang='lat' dir='ltr'>sursum</span> <span class='ocrx_word' id='word_1_55' title='bbox 885 1110 1035 1200; x_wconf 90' lang='lat' dir='ltr'>pedibus,</span> <span class='ocrx_word' id='word_1_56' title='bbox 1072 1132 1186 1184; x_wconf 89' lang='lat' dir='ltr'>vocem</span> <span class='ocrx_word' id='word_1_57' title='bbox 1214 1111 1395 1182; x_wconf 87' lang='lat' dir='ltr'>burnanam</span> <span class='ocrx_word' id='word_1_58' title='bbox 1431 1112 1547 1183; x_wconf 89' lang='lat' dir='ltr'>contra</span> <span class='ocrx_word' id='word_1_59' title='bbox 1574 1112 1716 1184; x_wconf 89' lang='lat' dir='ltr'>Paulum</span> <span class='ocrx_word' id='word_1_60' title='bbox 1744 1112 1939 1204; x_wconf 88' lang='lat' dir='ltr'>episcopum</span> 
     </span>
     <span class='ocr_line' id='line_1_7' title="bbox 394 1229 1937 1330; baseline 0.003 -29"><span class='ocrx_word' id='word_1_61' title='bbox 394 1230 620 1302; x_wconf 77' lang='lat' dir='ltr'><strong>exclamasse:</strong></span> <span class='ocrx_word' id='word_1_62' title='bbox 649 1229 719 1302; x_wconf 87' lang='lat' dir='ltr'>Vae</span> <span class='ocrx_word' id='word_1_63' title='bbox 746 1229 809 1302; x_wconf 89' lang='lat' dir='ltr'>tibi</span> <span class='ocrx_word' id='word_1_64' title='bbox 837 1231 942 1303; x_wconf 89' lang='lat' dir='ltr'>Paule</span> <span class='ocrx_word' id='word_1_65' title='bbox 968 1231 1131 1330; x_wconf 88' lang='lat' dir='ltr'>episcope,</span> <span class='ocrx_word' id='word_1_66' title='bbox 1161 1231 1317 1321; x_wconf 89' lang='lat' dir='ltr'>quoniam</span> <span class='ocrx_word' id='word_1_67' title='bbox 1345 1231 1465 1323; x_wconf 78' lang='lat' dir='ltr'>cepisti</span> <span class='ocrx_word' id='word_1_68' title='bbox 1491 1234 1526 1304; x_wconf 91' lang='lat' dir='ltr'>et</span> <span class='ocrx_word' id='word_1_69' title='bbox 1553 1231 1722 1305; x_wconf 89' lang='lat' dir='ltr'>occidisti!</span> <span class='ocrx_word' id='word_1_70' title='bbox 1759 1232 1833 1325; x_wconf 73' lang='lat' dir='ltr'>Qua</span> <span class='ocrx_word' id='word_1_71' title='bbox 1860 1253 1937 1306; x_wconf 83' lang='lat' dir='ltr'>uoce</span> 
     </span>
     <span class='ocr_line' id='line_1_8' title="bbox 393 1349 1938 1443; baseline 0.001 -21"><span class='ocrx_word' id='word_1_72' title='bbox 393 1352 429 1422; x_wconf 88' lang='lat' dir='ltr'>et</span> <span class='ocrx_word' id='word_1_73' title='bbox 454 1349 618 1422; x_wconf 89' lang='lat' dir='ltr'>relatione</span> <span class='ocrx_word' id='word_1_74' title='bbox 646 1351 857 1438; x_wconf 73' lang='lat' dir='ltr'>conterritus,</span> <span class='ocrx_word' id='word_1_75' title='bbox 887 1352 1068 1443; x_wconf 91' lang='lat' dir='ltr'>plurimum</span> <span class='ocrx_word' id='word_1_76' title='bbox 1097 1355 1132 1425; x_wconf 88' lang='lat' dir='ltr'>et</span> <span class='ocrx_word' id='word_1_77' title='bbox 1158 1352 1323 1425; x_wconf 89' lang='lat' dir='ltr'>contritus</span> <span class='ocrx_word' id='word_1_78' title='bbox 1350 1356 1433 1440; x_wconf 91' lang='lat' dir='ltr'>erat,</span> <span class='ocrx_word' id='word_1_79' title='bbox 1461 1375 1537 1426; x_wconf 90' lang='lat' dir='ltr'>oum</span> <span class='ocrx_word' id='word_1_80' title='bbox 1563 1352 1698 1426; x_wconf 88' lang='lat' dir='ltr'>fletibus</span> <span class='ocrx_word' id='word_1_81' title='bbox 1725 1356 1761 1425; x_wconf 90' lang='lat' dir='ltr'>et</span> <span class='ocrx_word' id='word_1_82' title='bbox 1778 1353 1938 1426; x_wconf 90' lang='lat' dir='ltr'>lamentis</span> 
     </span>
     <span class='ocr_line' id='line_1_9' title="bbox 393 1471 1936 1566; baseline 0.001 -24"><span class='ocrx_word' id='word_1_83' title='bbox 393 1491 453 1542; x_wconf 92' lang='lat' dir='ltr'>sua</span> <span class='ocrx_word' id='word_1_84' title='bbox 479 1471 607 1543; x_wconf 90' lang='lat' dir='ltr'>scelera</span> <span class='ocrx_word' id='word_1_85' title='bbox 634 1471 668 1542; x_wconf 95' lang='lat' dir='ltr'>in</span> <span class='ocrx_word' id='word_1_86' title='bbox 695 1471 848 1545; x_wconf 87' lang='lat' dir='ltr'>cubiculo</span> <span class='ocrx_word' id='word_1_87' title='bbox 876 1472 1048 1545; x_wconf 78' lang='lat' dir='ltr'>soliterius</span> <span class='ocrx_word' id='word_1_88' title='bbox 1075 1474 1304 1566; x_wconf 79' lang='lat' dir='ltr'>deplangeret,</span> <span class='ocrx_word' id='word_1_89' title='bbox 1334 1473 1463 1546; x_wconf 83' lang='lat' dir='ltr'>audiuit</span> <span class='ocrx_word' id='word_1_90' title='bbox 1490 1475 1633 1546; x_wconf 87' lang='lat' dir='ltr'>alteram</span> <span class='ocrx_word' id='word_1_91' title='bbox 1660 1496 1793 1548; x_wconf 86' lang='lat' dir='ltr'>rocem:</span> <span class='ocrx_word' id='word_1_92' title='bbox 1821 1475 1873 1547; x_wconf 90' lang='lat' dir='ltr'>Ne</span> <span class='ocrx_word' id='word_1_93' title='bbox 1891 1474 1936 1546; x_wconf 93' lang='lat' dir='ltr'>ti-</span> 
     </span>
     <span class='ocr_line' id='line_1_10' title="bbox 394 1590 1935 1687; baseline 0.003 -25"><span class='ocrx_word' id='word_1_94' title='bbox 394 1612 494 1679; x_wconf 89' lang='lat' dir='ltr'>meas,</span> <span class='ocrx_word' id='word_1_95' title='bbox 525 1590 646 1682; x_wconf 89' lang='lat' dir='ltr'>inquit,</span> <span class='ocrx_word' id='word_1_96' title='bbox 676 1593 781 1665; x_wconf 89' lang='lat' dir='ltr'>Paule</span> <span class='ocrx_word' id='word_1_97' title='bbox 807 1592 970 1685; x_wconf 87' lang='lat' dir='ltr'>episcope,</span> <span class='ocrx_word' id='word_1_98' title='bbox 999 1615 1063 1686; x_wconf 90' lang='lat' dir='ltr'>age</span> <span class='ocrx_word' id='word_1_99' title='bbox 1090 1593 1274 1683; x_wconf 87' lang='lat' dir='ltr'>quodlibet,</span> <span class='ocrx_word' id='word_1_100' title='bbox 1303 1594 1337 1665; x_wconf 94' lang='lat' dir='ltr'>in</span> <span class='ocrx_word' id='word_1_101' title='bbox 1365 1615 1452 1666; x_wconf 90' lang='lat' dir='ltr'>anno</span> <span class='ocrx_word' id='word_1_102' title='bbox 1479 1595 1621 1687; x_wconf 89' lang='lat' dir='ltr'>septimo</span> <span class='ocrx_word' id='word_1_103' title='bbox 1649 1593 1847 1668; x_wconf 88' lang='lat' dir='ltr'>moriturus!</span> <span class='ocrx_word' id='word_1_104' title='bbox 1875 1595 1935 1667; x_wconf 82' lang='lat' dir='ltr'>Oui</span> 
     </span>
     <span class='ocr_line' id='line_1_11' title="bbox 392 1710 1936 1808; baseline 0.001 -24"><span class='ocrx_word' id='word_1_105' title='bbox 392 1711 463 1784; x_wconf 82' lang='lat' dir='ltr'>uoci</span> <span class='ocrx_word' id='word_1_106' title='bbox 492 1710 683 1805; x_wconf 91' lang='lat' dir='ltr'>respondit:</span> <span class='ocrx_word' id='word_1_107' title='bbox 729 1712 874 1804; x_wconf 88' lang='lat' dir='ltr'>Optime,</span> <span class='ocrx_word' id='word_1_108' title='bbox 913 1713 1035 1804; x_wconf 87' lang='lat' dir='ltr'>inquit,</span> <span class='ocrx_word' id='word_1_109' title='bbox 1074 1734 1201 1787; x_wconf 90' lang='lat' dir='ltr'>mecum</span> <span class='ocrx_word' id='word_1_110' title='bbox 1238 1717 1318 1806; x_wconf 90' lang='lat' dir='ltr'>aget</span> <span class='ocrx_word' id='word_1_111' title='bbox 1352 1713 1475 1787; x_wconf 82' lang='lat' dir='ltr'>Divina</span> <span class='ocrx_word' id='word_1_112' title='bbox 1502 1715 1621 1808; x_wconf 90' lang='lat' dir='ltr'>pietas,</span> <span class='ocrx_word' id='word_1_113' title='bbox 1660 1715 1688 1787; x_wconf 93' lang='lat' dir='ltr'>si</span> <span class='ocrx_word' id='word_1_114' title='bbox 1716 1715 1823 1788; x_wconf 87' lang='lat' dir='ltr'>vitam</span> <span class='ocrx_word' id='word_1_115' title='bbox 1853 1715 1936 1786; x_wconf 91' lang='lat' dir='ltr'>mihi</span> 
     </span>
     <span class='ocr_line' id='line_1_12' title="bbox 392 1831 1936 1928; baseline 0.001 -24"><span class='ocrx_word' id='word_1_116' title='bbox 392 1853 498 1922; x_wconf 87' lang='lat' dir='ltr'>usque</span> <span class='ocrx_word' id='word_1_117' title='bbox 525 1831 560 1904; x_wconf 94' lang='lat' dir='ltr'>in</span> <span class='ocrx_word' id='word_1_118' title='bbox 587 1831 800 1925; x_wconf 86' lang='lat' dir='ltr'>septennium</span> <span class='ocrx_word' id='word_1_119' title='bbox 829 1834 1056 1924; x_wconf 83' lang='lat' dir='ltr'>protelaverit,</span> <span class='ocrx_word' id='word_1_120' title='bbox 1087 1835 1177 1906; x_wconf 82' lang='lat' dir='ltr'>infra</span> <span class='ocrx_word' id='word_1_121' title='bbox 1203 1835 1289 1906; x_wconf 94' lang='lat' dir='ltr'>illud</span> <span class='ocrx_word' id='word_1_122' title='bbox 1317 1835 1450 1927; x_wconf 89' lang='lat' dir='ltr'>tempus</span> <span class='ocrx_word' id='word_1_123' title='bbox 1473 1836 1514 1908; x_wconf 93' lang='lat' dir='ltr'>de</span> <span class='ocrx_word' id='word_1_124' title='bbox 1533 1836 1704 1909; x_wconf 84' lang='lat' dir='ltr'>forefactis</span> <span class='ocrx_word' id='word_1_125' title='bbox 1718 1835 1747 1928; x_wconf 75' lang='grc'>3)</span> <span class='ocrx_word' id='word_1_126' title='bbox 1775 1837 1857 1910; x_wconf 92' lang='lat' dir='ltr'>meis</span> <span class='ocrx_word' id='word_1_127' title='bbox 1883 1836 1936 1907; x_wconf 92' lang='lat' dir='ltr'>di·</span> 
     </span>
     <span class='ocr_line' id='line_1_13' title="bbox 392 1943 1983 2048; baseline 0.004 -26"><span class='ocrx_word' id='word_1_128' title='bbox 392 1973 460 2044; x_wconf 89' lang='lat' dir='ltr'>gna</span> <span class='ocrx_word' id='word_1_129' title='bbox 487 1953 694 2044; x_wconf 90' lang='lat' dir='ltr'>poenitentia</span> <span class='ocrx_word' id='word_1_130' title='bbox 729 1953 953 2046; x_wconf 86' lang='lat' dir='ltr'>expiationem</span> <span class='ocrx_word' id='word_1_131' title='bbox 979 1943 1202 2028; x_wconf 79' lang='lat' dir='ltr'>obtenturus.</span> <span class='ocrx_word' id='word_1_132' title='bbox 1248 1956 1320 2028; x_wconf 87' lang='lat' dir='ltr'>Hae</span> <span class='ocrx_word' id='word_1_133' title='bbox 1348 1977 1443 2028; x_wconf 86' lang='lat' dir='ltr'>voces</span> <span class='ocrx_word' id='word_1_134' title='bbox 1470 1956 1551 2029; x_wconf 90' lang='lat' dir='ltr'>adeo</span> <span class='ocrx_word' id='word_1_135' title='bbox 1579 1957 1716 2030; x_wconf 85' lang='lat' dir='ltr'>inerunt</span> <span class='ocrx_word' id='word_1_136' title='bbox 1743 1979 1880 2030; x_wconf 91' lang='lat' dir='ltr'>sonorae</span> <span class='ocrx_word' id='word_1_137' title='bbox 1896 1961 1935 2048; x_wconf 85' lang='lat'>⁴),</span> <span class='ocrx_word' id='word_1_138' title='bbox 1981 1951 1983 1954; x_wconf 69' lang='grc'><strong>’</strong></span> 
     </span>
     <span class='ocr_line' id='line_1_14' title="bbox 392 2072 1847 2171; baseline 0.002 -26"><span class='ocrx_word' id='word_1_139' title='bbox 392 2073 431 2145; x_wconf 90' lang='lat' dir='ltr'>ut</span> <span class='ocrx_word' id='word_1_140' title='bbox 457 2072 560 2147; x_wconf 86' lang='lat' dir='ltr'>etiam</span> <span class='ocrx_word' id='word_1_141' title='bbox 589 2076 631 2147; x_wconf 90' lang='lat' dir='ltr'>ab</span> <span class='ocrx_word' id='word_1_142' title='bbox 659 2074 723 2162; x_wconf 92' lang='lat' dir='ltr'>his,</span> <span class='ocrx_word' id='word_1_143' title='bbox 752 2075 809 2164; x_wconf 91' lang='lat' dir='ltr'>qui</span> <span class='ocrx_word' id='word_1_144' title='bbox 839 2076 926 2148; x_wconf 88' lang='lat' dir='ltr'>sores</span> <span class='ocrx_word' id='word_1_145' title='bbox 953 2075 1097 2149; x_wconf 89' lang='lat' dir='ltr'>cubiculi</span> <span class='ocrx_word' id='word_1_146' title='bbox 1126 2078 1357 2165; x_wconf 84' lang='lat' dir='ltr'>observabant,</span> <span class='ocrx_word' id='word_1_147' title='bbox 1389 2079 1543 2170; x_wconf 90' lang='lat' dir='ltr'>patenter</span> <span class='ocrx_word' id='word_1_148' title='bbox 1569 2084 1728 2171; x_wconf 87' lang='lat' dir='ltr'>exceptae</span> <span class='ocrx_word' id='word_1_149' title='bbox 1756 2081 1847 2150; x_wconf 89' lang='lat' dir='ltr'>sunt.</span> 
     </span>
    </p>
   </div>
   <div class='ocr_carea' id='block_1_6' title="bbox 494 2441 1830 2541">
    <p class='ocr_par' dir='ltr' id='par_1_6' title="bbox 494 2441 1830 2541">
     <span class='ocr_line' id='line_1_15' title="bbox 494 2441 1830 2541; baseline 0.001 -31"><span class='ocrx_word' id='word_1_150' title='bbox 494 2441 607 2510; x_wconf 84' lang='lat' dir='ltr'>Terrae</span> <span class='ocrx_word' id='word_1_151' title='bbox 633 2441 849 2541; x_wconf 77' lang='lat' dir='ltr'>Potesttamen</span> <span class='ocrx_word' id='word_1_152' title='bbox 877 2445 911 2510; x_wconf 90' lang='lat' dir='ltr'>et</span> <span class='ocrx_word' id='word_1_153' title='bbox 938 2441 1168 2512; x_wconf 83' lang='lat' dir='ltr'>Protbenoronr</span> <span class='ocrx_word' id='word_1_154' title='bbox 1201 2443 1387 2512; x_wconf 86' lang='lat' dir='ltr'>oltoeibus</span> <span class='ocrx_word' id='word_1_155' title='bbox 1415 2442 1602 2513; x_wconf 82' lang='lat' dir='ltr'>christianis</span> <span class='ocrx_word' id='word_1_156' title='bbox 1629 2443 1830 2530; x_wconf 81' lang='lat' dir='ltr'>populentur.</span> 
     </span>
    </p>
   </div>
   <div class='ocr_carea' id='block_1_7' title="bbox 389 2676 1934 3378">
    <p class='ocr_par' dir='ltr' id='par_1_7' title="bbox 389 2676 1934 3378">
     <span class='ocr_line' id='line_1_16' title="bbox 493 2676 1932 2770; baseline 0.004 -22"><span class='ocrx_word' id='word_1_157' title='bbox 493 2676 675 2750; x_wconf 83' lang='lat' dir='ltr'>Litbuanis</span> <span class='ocrx_word' id='word_1_158' title='bbox 702 2679 810 2750; x_wconf 90' lang='lat' dir='ltr'>terrae</span> <span class='ocrx_word' id='word_1_159' title='bbox 837 2677 1054 2752; x_wconf 83' lang='lat' dir='ltr'>Loblinensis</span> <span class='ocrx_word' id='word_1_160' title='bbox 1080 2679 1263 2752; x_wconf 69' lang='lat' dir='ltr'>vastationi</span> <span class='ocrx_word' id='word_1_161' title='bbox 1290 2679 1553 2770; x_wconf 85' lang='lat' dir='ltr'>intendentibus,</span> <span class='ocrx_word' id='word_1_162' title='bbox 1592 2683 1717 2755; x_wconf 82' lang='lat' dir='ltr'>bestko</span> <span class='ocrx_word' id='word_1_163' title='bbox 1744 2685 1779 2755; x_wconf 91' lang='lat' dir='ltr'>et</span> <span class='ocrx_word' id='word_1_164' title='bbox 1806 2682 1932 2756; x_wconf 78' lang='lat' dir='ltr'>Gunra</span> 
     </span>
     <span class='ocr_line' id='line_1_17' title="bbox 390 2797 1933 2891; baseline 0.004 -22"><span class='ocrx_word' id='word_1_165' title='bbox 390 2798 453 2870; x_wconf 88' lang='lat' dir='ltr'>dus</span> <span class='ocrx_word' id='word_1_166' title='bbox 478 2797 645 2891; x_wconf 72' lang='lat' dir='ltr'>duperiae</span> <span class='ocrx_word' id='word_1_167' title='bbox 672 2801 707 2872; x_wconf 90' lang='lat' dir='ltr'>et</span> <span class='ocrx_word' id='word_1_168' title='bbox 733 2798 899 2872; x_wconf 84' lang='lat' dir='ltr'>Masoviae</span> <span class='ocrx_word' id='word_1_169' title='bbox 934 2800 1062 2888; x_wconf 88' lang='lat' dir='ltr'>Duces,</span> <span class='ocrx_word' id='word_1_170' title='bbox 1101 2801 1209 2873; x_wconf 89' lang='lat' dir='ltr'>terras</span> <span class='ocrx_word' id='word_1_171' title='bbox 1245 2801 1467 2874; x_wconf 89' lang='lat' dir='ltr'>Polesitarum</span> <span class='ocrx_word' id='word_1_172' title='bbox 1503 2803 1538 2875; x_wconf 90' lang='lat' dir='ltr'>et</span> <span class='ocrx_word' id='word_1_173' title='bbox 1569 2802 1817 2876; x_wconf 87' lang='lat' dir='ltr'>Pruthenorum</span> <span class='ocrx_word' id='word_1_174' title='bbox 1853 2803 1933 2876; x_wconf 84' lang='lat' dir='ltr'>lorti</span> 
     </span>
     <span class='ocr_line' id='line_1_18' title="bbox 390 2917 1934 3015; baseline 0.003 -23"><span class='ocrx_word' id='word_1_175' title='bbox 390 2918 544 3011; x_wconf 87' lang='lat' dir='ltr'>potentia</span> <span class='ocrx_word' id='word_1_176' title='bbox 570 2917 725 3011; x_wconf 88' lang='lat' dir='ltr'>ingressi,</span> <span class='ocrx_word' id='word_1_177' title='bbox 756 2918 847 3010; x_wconf 89' lang='lat' dir='ltr'>ipsas</span> <span class='ocrx_word' id='word_1_178' title='bbox 874 2919 963 3012; x_wconf 87' lang='lat' dir='ltr'>igne,</span> <span class='ocrx_word' id='word_1_179' title='bbox 992 2920 1110 3012; x_wconf 89' lang='lat' dir='ltr'>spoliis</span> <span class='ocrx_word' id='word_1_180' title='bbox 1137 2922 1172 2993; x_wconf 91' lang='lat' dir='ltr'>et</span> <span class='ocrx_word' id='word_1_181' title='bbox 1199 2920 1355 2994; x_wconf 86' lang='lat' dir='ltr'>caedibus</span> <span class='ocrx_word' id='word_1_182' title='bbox 1383 2923 1598 3015; x_wconf 86' lang='lat' dir='ltr'>populantur.</span> <span class='ocrx_word' id='word_1_183' title='bbox 1638 2923 1776 2995; x_wconf 87' lang='lat' dir='ltr'>Nullam</span> <span class='ocrx_word' id='word_1_184' title='bbox 1804 2945 1934 3015; x_wconf 86' lang='lat' dir='ltr'>quoqne</span> 
     </span>
     <span class='ocr_line' id='line_1_19' title="bbox 390 3038 1932 3136; baseline 0.004 -26"><span class='ocrx_word' id='word_1_185' title='bbox 390 3038 587 3112; x_wconf 88' lang='lat' dir='ltr'>abarbaris</span> <span class='ocrx_word' id='word_1_186' title='bbox 613 3038 745 3130; x_wconf 80' lang='lat' dir='ltr'>experti</span> <span class='ocrx_word' id='word_1_187' title='bbox 774 3039 1012 3129; x_wconf 82' lang='lat' dir='ltr'>resistentiam,</span> <span class='ocrx_word' id='word_1_188' title='bbox 1051 3063 1211 3133; x_wconf 91' lang='lat' dir='ltr'>magnum</span> <span class='ocrx_word' id='word_1_189' title='bbox 1247 3041 1456 3134; x_wconf 87' lang='lat' dir='ltr'>captivorum</span> <span class='ocrx_word' id='word_1_190' title='bbox 1482 3045 1518 3116; x_wconf 89' lang='lat' dir='ltr'>et</span> <span class='ocrx_word' id='word_1_191' title='bbox 1544 3043 1725 3136; x_wconf 90' lang='lat' dir='ltr'>spoliorum</span> <span class='ocrx_word' id='word_1_192' title='bbox 1758 3066 1932 3117; x_wconf 90' lang='lat' dir='ltr'>numerum</span> 
     </span>
     <span class='ocr_line' id='line_1_20' title="bbox 390 3158 1926 3257; baseline 0.003 -26"><span class='ocrx_word' id='word_1_193' title='bbox 390 3161 425 3231; x_wconf 95' lang='lat' dir='ltr'>in</span> <span class='ocrx_word' id='word_1_194' title='bbox 454 3159 589 3252; x_wconf 89' lang='lat' dir='ltr'>propria</span> <span class='ocrx_word' id='word_1_195' title='bbox 615 3158 794 3252; x_wconf 86' lang='lat' dir='ltr'>deducunt,</span> <span class='ocrx_word' id='word_1_196' title='bbox 823 3163 857 3234; x_wconf 90' lang='lat' dir='ltr'>et</span> <span class='ocrx_word' id='word_1_197' title='bbox 884 3160 1150 3234; x_wconf 87' lang='lat' dir='ltr'>vicissitudinem</span> <span class='ocrx_word' id='word_1_198' title='bbox 1178 3161 1314 3255; x_wconf 83' lang='lat' dir='ltr'>dignen</span> <span class='ocrx_word' id='word_1_199' title='bbox 1343 3162 1379 3235; x_wconf 93' lang='lat' dir='ltr'>in</span> <span class='ocrx_word' id='word_1_200' title='bbox 1405 3164 1592 3236; x_wconf 88' lang='lat' dir='ltr'>Lithuanos</span> <span class='ocrx_word' id='word_1_201' title='bbox 1628 3187 1688 3257; x_wconf 88' lang='lat' dir='ltr'>pro</span> <span class='ocrx_word' id='word_1_202' title='bbox 1722 3165 1834 3239; x_wconf 89' lang='lat' dir='ltr'>terrae</span> <span class='ocrx_word' id='word_1_203' title='bbox 1860 3165 1926 3236; x_wconf 84' lang='lat' dir='ltr'>Lu-</span> 
     </span>
     <span class='ocr_line' id='line_1_21' title="bbox 389 3279 1312 3378; baseline 0 -24"><span class='ocrx_word' id='word_1_204' title='bbox 389 3279 554 3354; x_wconf 89' lang='lat' dir='ltr'>blinensis</span> <span class='ocrx_word' id='word_1_205' title='bbox 581 3279 779 3369; x_wconf 85' lang='lat' dir='ltr'>vastatione,</span> <span class='ocrx_word' id='word_1_206' title='bbox 809 3281 941 3355; x_wconf 86' lang='lat' dir='ltr'>foenore</span> <span class='ocrx_word' id='word_1_207' title='bbox 968 3281 1139 3378; x_wconf 88' lang='lat' dir='ltr'>geminato</span> <span class='ocrx_word' id='word_1_208' title='bbox 1157 3282 1312 3358; x_wconf 89' lang='lat' dir='ltr'>reddunt.</span> 
     </span>
    </p>
   </div>
   <div class='ocr_carea' id='block_1_8' title="bbox 387 3647 1931 3863">
    <p class='ocr_par' dir='ltr' id='par_1_8' title="bbox 387 3647 1931 3863">
     <span class='ocr_line' id='line_1_22' title="bbox 387 3647 1931 3742; baseline 0.003 -22"><span class='ocrx_word' id='word_1_209' title='bbox 387 3647 520 3720; x_wconf 86' lang='lat' dir='ltr'>llltrros</span> <span class='ocrx_word' id='word_1_210' title='bbox 548 3649 759 3720; x_wconf 87' lang='lat' dir='ltr'>enbltlouen</span> <span class='ocrx_word' id='word_1_211' title='bbox 787 3650 967 3722; x_wconf 85' lang='lat' dir='ltr'>bueutuurn</span> <span class='ocrx_word' id='word_1_212' title='bbox 995 3669 1126 3722; x_wconf 84' lang='lat' dir='ltr'>suornm</span> <span class='ocrx_word' id='word_1_213' title='bbox 1152 3652 1249 3723; x_wconf 76' lang='lat' dir='ltr'>lineis</span> <span class='ocrx_word' id='word_1_214' title='bbox 1272 3653 1466 3742; x_wconf 71' lang='lat' dir='ltr'>&#39;opoliensis</span> <span class='ocrx_word' id='word_1_215' title='bbox 1498 3651 1668 3724; x_wconf 73' lang='lat' dir='ltr'>boleslaus</span> <span class='ocrx_word' id='word_1_216' title='bbox 1694 3653 1833 3724; x_wconf 78' lang='lat' dir='ltr'>ludione</span> <span class='ocrx_word' id='word_1_217' title='bbox 1860 3672 1931 3725; x_wconf 78' lang='lat' dir='ltr'>con</span> 
     </span>
     <span class='ocr_line' id='line_1_23' title="bbox 698 3771 1622 3863; baseline 0.006 -24"><span class='ocrx_word' id='word_1_218' title='bbox 698 3771 825 3860; x_wconf 83' lang='lat' dir='ltr'>magnis</span> <span class='ocrx_word' id='word_1_219' title='bbox 853 3771 957 3862; x_wconf 85' lang='lat' dir='ltr'>copiis</span> <span class='ocrx_word' id='word_1_220' title='bbox 985 3791 1111 3844; x_wconf 84' lang='lat' dir='ltr'>onnon</span> <span class='ocrx_word' id='word_1_221' title='bbox 1138 3773 1295 3845; x_wconf 81' lang='lat' dir='ltr'>bocetum</span> <span class='ocrx_word' id='word_1_222' title='bbox 1322 3773 1413 3844; x_wconf 89' lang='lat' dir='ltr'>illins</span> <span class='ocrx_word' id='word_1_223' title='bbox 1440 3772 1622 3863; x_wconf 77' lang='lat' dir='ltr'>praedatur.</span> 
     </span>
    </p>
   </div>
   <div class='ocr_carea' id='block_1_9' title="bbox 386 4009 1931 5074">
    <p class='ocr_par' dir='ltr' id='par_1_9' title="bbox 386 4009 1931 5074">
     <span class='ocr_line' id='line_1_24' title="bbox 493 4009 1931 4106; baseline 0.001 -25"><span class='ocrx_word' id='word_1_224' title='bbox 493 4009 657 4098; x_wconf 75' lang='lat' dir='ltr'>Gladium,</span> <span class='ocrx_word' id='word_1_225' title='bbox 696 4033 780 4099; x_wconf 89' lang='lat' dir='ltr'>quas</span> <span class='ocrx_word' id='word_1_226' title='bbox 818 4012 1003 4103; x_wconf 87' lang='lat' dir='ltr'>pertulerat</span> <span class='ocrx_word' id='word_1_227' title='bbox 1030 4013 1072 4084; x_wconf 90' lang='lat' dir='ltr'>ad</span> <span class='ocrx_word' id='word_1_228' title='bbox 1099 4012 1261 4106; x_wconf 90' lang='lat' dir='ltr'>Bogebim</span> <span class='ocrx_word' id='word_1_229' title='bbox 1298 4017 1333 4087; x_wconf 88' lang='lat' dir='ltr'>et</span> <span class='ocrx_word' id='word_1_230' title='bbox 1364 4015 1398 4085; x_wconf 93' lang='lat' dir='ltr'>in</span> <span class='ocrx_word' id='word_1_231' title='bbox 1425 4013 1622 4088; x_wconf 77' lang='lat' dir='ltr'>dublinensi</span> <span class='ocrx_word' id='word_1_232' title='bbox 1650 4035 1717 4102; x_wconf 90' lang='lat' dir='ltr'>ora,</span> <span class='ocrx_word' id='word_1_233' title='bbox 1755 4013 1931 4086; x_wconf 89' lang='lat' dir='ltr'>Boleslaus</span> 
     </span>
     <span class='ocr_line' id='line_1_25' title="bbox 389 4130 1929 4228; baseline 0.003 -26"><span class='ocrx_word' id='word_1_234' title='bbox 389 4130 533 4203; x_wconf 88' lang='lat' dir='ltr'>Pudicus</span> <span class='ocrx_word' id='word_1_235' title='bbox 560 4130 789 4204; x_wconf 71' lang='lat' dir='ltr'>(traconensis</span> <span class='ocrx_word' id='word_1_236' title='bbox 815 4135 851 4206; x_wconf 94' lang='lat' dir='ltr'>et</span> <span class='ocrx_word' id='word_1_237' title='bbox 877 4133 1159 4206; x_wconf 89' lang='lat' dir='ltr'>Sandomiriensis</span> <span class='ocrx_word' id='word_1_238' title='bbox 1186 4135 1264 4207; x_wconf 81' lang='lat' dir='ltr'>ltux</span> <span class='ocrx_word' id='word_1_239' title='bbox 1280 4133 1318 4227; x_wconf 85' lang='lat'>⁵),</span> <span class='ocrx_word' id='word_1_240' title='bbox 1349 4157 1508 4228; x_wconf 90' lang='lat' dir='ltr'>magnum</span> <span class='ocrx_word' id='word_1_241' title='bbox 1535 4137 1570 4207; x_wconf 87' lang='lat' dir='ltr'>et</span> <span class='ocrx_word' id='word_1_242' title='bbox 1597 4133 1818 4227; x_wconf 78' lang='lat' dir='ltr'>principalem</span> <span class='ocrx_word' id='word_1_243' title='bbox 1837 4155 1929 4207; x_wconf 89' lang='lat' dir='ltr'>occa·</span> 
     </span>
     <span class='ocr_line' id='line_1_26' title="bbox 388 4243 1928 4346; baseline 0.003 -24"><span class='ocrx_word' id='word_1_244' title='bbox 388 4251 513 4324; x_wconf 90' lang='lat' dir='ltr'>sionem</span> <span class='ocrx_word' id='word_1_245' title='bbox 541 4251 766 4325; x_wconf 87' lang='lat' dir='ltr'>Wladislaum</span> <span class='ocrx_word' id='word_1_246' title='bbox 795 4252 1006 4345; x_wconf 88' lang='lat' dir='ltr'>Opoliensem</span> <span class='ocrx_word' id='word_1_247' title='bbox 1034 4243 1172 4343; x_wconf 86' lang='lat' dir='ltr'>Ducem,</span> <span class='ocrx_word' id='word_1_248' title='bbox 1200 4255 1287 4346; x_wconf 88' lang='lat' dir='ltr'>quod</span> <span class='ocrx_word' id='word_1_249' title='bbox 1312 4253 1477 4328; x_wconf 90' lang='lat' dir='ltr'>militibus</span> <span class='ocrx_word' id='word_1_250' title='bbox 1504 4254 1777 4329; x_wconf 59' lang='lat' dir='ltr'>maceriensibus</span> <span class='ocrx_word' id='word_1_251' title='bbox 1794 4257 1830 4328; x_wconf 88' lang='lat' dir='ltr'>et</span> <span class='ocrx_word' id='word_1_252' title='bbox 1847 4255 1928 4328; x_wconf 85' lang='lat' dir='ltr'>San-</span> 
     </span>
     <span class='ocr_line' id='line_1_27' title="bbox 388 4371 1926 4451; baseline 0.004 -9"><span class='ocrx_word' id='word_1_253' title='bbox 388 4371 644 4446; x_wconf 88' lang='lat' dir='ltr'>domiriensibus</span> <span class='ocrx_word' id='word_1_254' title='bbox 671 4373 884 4448; x_wconf 91' lang='lat' dir='ltr'>rebellionem</span> <span class='ocrx_word' id='word_1_255' title='bbox 913 4377 947 4448; x_wconf 90' lang='lat' dir='ltr'>et</span> <span class='ocrx_word' id='word_1_256' title='bbox 975 4397 1077 4449; x_wconf 87' lang='lat' dir='ltr'>nouus</span> <span class='ocrx_word' id='word_1_257' title='bbox 1105 4397 1157 4448; x_wconf 88' lang='lat' dir='ltr'>res</span> <span class='ocrx_word' id='word_1_258' title='bbox 1186 4375 1402 4449; x_wconf 88' lang='lat' dir='ltr'>molientibus</span> <span class='ocrx_word' id='word_1_259' title='bbox 1429 4377 1560 4451; x_wconf 79' lang='lat' dir='ltr'>faverat</span> <span class='ocrx_word' id='word_1_260' title='bbox 1586 4379 1621 4450; x_wconf 92' lang='lat' dir='ltr'>et</span> <span class='ocrx_word' id='word_1_261' title='bbox 1656 4376 1850 4450; x_wconf 90' lang='lat' dir='ltr'>rebellionis</span> <span class='ocrx_word' id='word_1_262' title='bbox 1875 4397 1926 4449; x_wconf 92' lang='lat' dir='ltr'>eo·</span> 
     </span>
     <span class='ocr_line' id='line_1_28' title="bbox 387 4495 1928 4586; baseline 0.003 -23"><span class='ocrx_word' id='word_1_263' title='bbox 387 4515 460 4565; x_wconf 91' lang='lat' dir='ltr'>rum</span> <span class='ocrx_word' id='word_1_264' title='bbox 489 4496 676 4585; x_wconf 79' lang='lat' dir='ltr'>receptator</span> <span class='ocrx_word' id='word_1_265' title='bbox 691 4495 720 4586; x_wconf 75' lang='grc'>6)</span> <span class='ocrx_word' id='word_1_266' title='bbox 746 4496 919 4584; x_wconf 82' lang='lat' dir='ltr'>extiterat,</span> <span class='ocrx_word' id='word_1_267' title='bbox 958 4497 1028 4570; x_wconf 86' lang='lat' dir='ltr'>lore</span> <span class='ocrx_word' id='word_1_268' title='bbox 1054 4499 1159 4586; x_wconf 90' lang='lat' dir='ltr'>ratus,</span> <span class='ocrx_word' id='word_1_269' title='bbox 1196 4521 1326 4571; x_wconf 90' lang='lat' dir='ltr'>omnem</span> <span class='ocrx_word' id='word_1_270' title='bbox 1354 4497 1438 4571; x_wconf 88' lang='lat' dir='ltr'>iram</span> <span class='ocrx_word' id='word_1_271' title='bbox 1467 4498 1501 4570; x_wconf 95' lang='lat' dir='ltr'>in</span> <span class='ocrx_word' id='word_1_272' title='bbox 1530 4497 1637 4586; x_wconf 92' lang='lat' dir='ltr'>illum,</span> <span class='ocrx_word' id='word_1_273' title='bbox 1674 4498 1771 4572; x_wconf 84' lang='lat' dir='ltr'>uelut</span> <span class='ocrx_word' id='word_1_274' title='bbox 1797 4519 1928 4570; x_wconf 86' lang='lat' dir='ltr'>suornm</span> 
     </span>
     <span class='ocr_line' id='line_1_29' title="bbox 388 4613 1927 4711; baseline 0.004 -26"><span class='ocrx_word' id='word_1_275' title='bbox 388 4613 642 4706; x_wconf 89' lang='lat' dir='ltr'>Principatnum</span> <span class='ocrx_word' id='word_1_276' title='bbox 670 4615 866 4691; x_wconf 91' lang='lat' dir='ltr'>ambitorem</span> <span class='ocrx_word' id='word_1_277' title='bbox 895 4617 1009 4706; x_wconf 89' lang='lat' dir='ltr'>vertit,</span> <span class='ocrx_word' id='word_1_278' title='bbox 1047 4619 1293 4710; x_wconf 87' lang='lat' dir='ltr'>contractisque</span> <span class='ocrx_word' id='word_1_279' title='bbox 1320 4641 1363 4692; x_wconf 84' lang='lat' dir='ltr'>ex</span> <span class='ocrx_word' id='word_1_280' title='bbox 1390 4619 1544 4692; x_wconf 89' lang='lat' dir='ltr'>omnibus</span> <span class='ocrx_word' id='word_1_281' title='bbox 1571 4617 1641 4690; x_wconf 90' lang='lat' dir='ltr'>suis</span> <span class='ocrx_word' id='word_1_282' title='bbox 1669 4617 1850 4711; x_wconf 85' lang='lat' dir='ltr'>provinciis</span> <span class='ocrx_word' id='word_1_283' title='bbox 1876 4641 1927 4691; x_wconf 90' lang='lat' dir='ltr'>co·</span> 
     </span>
     <span class='ocr_line' id='line_1_30' title="bbox 388 4733 1929 4830; baseline 0.004 -26"><span class='ocrx_word' id='word_1_284' title='bbox 388 4733 465 4825; x_wconf 86' lang='lat' dir='ltr'>pile,</span> <span class='ocrx_word' id='word_1_285' title='bbox 495 4735 682 4808; x_wconf 88' lang='lat' dir='ltr'>ferentibus</span> <span class='ocrx_word' id='word_1_286' title='bbox 710 4735 761 4807; x_wconf 92' lang='lat' dir='ltr'>illi</span> <span class='ocrx_word' id='word_1_287' title='bbox 804 4737 992 4829; x_wconf 87' lang='lat' dir='ltr'>personalia</span> <span class='ocrx_word' id='word_1_288' title='bbox 1028 4738 1192 4830; x_wconf 55' lang='lat' dir='ltr'>solatiai)</span> <span class='ocrx_word' id='word_1_289' title='bbox 1230 4740 1384 4813; x_wconf 88' lang='lat' dir='ltr'>Bolesleo</span> <span class='ocrx_word' id='word_1_290' title='bbox 1412 4740 1471 4812; x_wconf 90' lang='lat' dir='ltr'>Pio</span> <span class='ocrx_word' id='word_1_291' title='bbox 1499 4739 1692 4814; x_wconf 72' lang='lat' dir='ltr'>Calissiensi</span> <span class='ocrx_word' id='word_1_292' title='bbox 1727 4741 1764 4812; x_wconf 95' lang='lat' dir='ltr'>et</span> <span class='ocrx_word' id='word_1_293' title='bbox 1795 4739 1929 4812; x_wconf 87' lang='lat' dir='ltr'>lllaioris</span> 
     </span>
     <span class='ocr_line' id='line_1_31' title="bbox 387 4855 1929 4952; baseline 0.004 -26"><span class='ocrx_word' id='word_1_294' title='bbox 387 4855 556 4944; x_wconf 89' lang='lat' dir='ltr'>Poleniae,</span> <span class='ocrx_word' id='word_1_295' title='bbox 585 4859 620 4928; x_wconf 93' lang='lat' dir='ltr'>et</span> <span class='ocrx_word' id='word_1_296' title='bbox 646 4857 814 4930; x_wconf 84' lang='lat' dir='ltr'>bestlrone</span> <span class='ocrx_word' id='word_1_297' title='bbox 850 4857 955 4949; x_wconf 89' lang='lat' dir='ltr'>Nigro</span> <span class='ocrx_word' id='word_1_298' title='bbox 983 4859 1176 4948; x_wconf 75' lang='lat' dir='ltr'>Siradiensi</span> <span class='ocrx_word' id='word_1_299' title='bbox 1211 4861 1368 4950; x_wconf 90' lang='lat' dir='ltr'>Ducibus,</span> <span class='ocrx_word' id='word_1_300' title='bbox 1406 4863 1531 4934; x_wconf 88' lang='lat' dir='ltr'>terram</span> <span class='ocrx_word' id='word_1_301' title='bbox 1568 4859 1779 4952; x_wconf 88' lang='lat' dir='ltr'>Opoliensem</span> <span class='ocrx_word' id='word_1_302' title='bbox 1808 4860 1929 4932; x_wconf 87' lang='lat' dir='ltr'>infesto</span> 
     </span>
     <span class='ocr_line' id='line_1_32' title="bbox 386 4974 1929 5074; baseline 0.003 -28"><span class='ocrx_word' id='word_1_303' title='bbox 386 4974 521 5069; x_wconf 84' lang='lat' dir='ltr'>agmine</span> <span class='ocrx_word' id='word_1_304' title='bbox 549 4975 583 5048; x_wconf 93' lang='lat' dir='ltr'>in</span> <span class='ocrx_word' id='word_1_305' title='bbox 611 4976 696 5050; x_wconf 88' lang='lat' dir='ltr'>festo</span> <span class='ocrx_word' id='word_1_306' title='bbox 713 4976 739 5069; x_wconf 70' lang='grc' dir='ltr'>Β)</span> <span class='ocrx_word' id='word_1_307' title='bbox 776 4977 973 5052; x_wconf 84' lang='lat' dir='ltr'>Sanctorum</span> <span class='ocrx_word' id='word_1_308' title='bbox 1002 4977 1147 5052; x_wconf 84' lang='lat' dir='ltr'>Simonis</span> <span class='ocrx_word' id='word_1_309' title='bbox 1174 4983 1209 5054; x_wconf 92' lang='lat' dir='ltr'>et</span> <span class='ocrx_word' id='word_1_310' title='bbox 1236 4980 1340 5054; x_wconf 91' lang='lat' dir='ltr'>Iudae</span> <span class='ocrx_word' id='word_1_311' title='bbox 1354 4980 1382 5073; x_wconf 71' lang='grc'>9)</span> <span class='ocrx_word' id='word_1_312' title='bbox 1410 4979 1610 5074; x_wconf 90' lang='lat' dir='ltr'>ingreditur,</span> <span class='ocrx_word' id='word_1_313' title='bbox 1647 4981 1929 5054; x_wconf 78' lang='lat' dir='ltr'>obtestationem</span> 
     </span>
    </p>
   </div>
   <div class='ocr_carea' id='block_1_10' title="bbox 495 5239 2079 5350">
    <p class='ocr_par' dir='ltr' id='par_1_10' title="bbox 495 5239 2079 5350">
     <span class='ocr_line' id='line_1_33' title="bbox 495 5239 2079 5350; baseline 0.002 -22"><span class='ocrx_word' id='word_1_314' title='bbox 495 5266 521 5345; x_wconf 94' lang='lat'>¹)</span> <span class='ocrx_word' id='word_1_315' title='bbox 543 5269 663 5343; x_wconf 82' lang='lat' dir='ltr'>Angeli,</span> <span class='ocrx_word' id='word_1_316' title='bbox 694 5271 853 5343; x_wconf 89' lang='lat' dir='ltr'>incertum,</span> <span class='ocrx_word' id='word_1_317' title='bbox 888 5267 958 5333; x_wconf 79' lang='lat' dir='ltr'>Oocl.</span> <span class='ocrx_word' id='word_1_318' title='bbox 982 5273 1074 5333; x_wconf 78' lang='lat' dir='ltr'>Roer.</span> <span class='ocrx_word' id='word_1_319' title='bbox 1114 5270 1143 5350; x_wconf 64' lang='grc' dir='ltr'>Ω)</span> <span class='ocrx_word' id='word_1_320' title='bbox 1166 5271 1316 5334; x_wconf 84' lang='lat' dir='ltr'>ferebatur</span> <span class='ocrx_word' id='word_1_321' title='bbox 1348 5272 1420 5336; x_wconf 80' lang='lat' dir='ltr'>eoa.</span> <span class='ocrx_word' id='word_1_322' title='bbox 1444 5273 1535 5335; x_wconf 76' lang='lat' dir='ltr'>Beer.</span> <span class='ocrx_word' id='word_1_323' title='bbox 1575 5269 1601 5348; x_wconf 85' lang='lat'>³)</span> <span class='ocrx_word' id='word_1_324' title='bbox 1624 5271 1710 5332; x_wconf 87' lang='lat' dir='ltr'>factis</span> <span class='ocrx_word' id='word_1_325' title='bbox 1744 5271 1815 5335; x_wconf 79' lang='lat' dir='ltr'>coe.</span> <span class='ocrx_word' id='word_1_326' title='bbox 1838 5275 1928 5334; x_wconf 80' lang='lat' dir='ltr'>Rosr.</span> <span class='ocrx_word' id='word_1_327' title='bbox 2078 5239 2079 5276; x_wconf 47' lang='lat'>³</span> 
     </span>
    </p>
   </div>
   <div class='ocr_carea' id='block_1_11' title="bbox 388 5369 1927 5560">
    <p class='ocr_par' dir='ltr' id='par_1_11' title="bbox 388 5369 1927 5560">
     <span class='ocr_line' id='line_1_34' title="bbox 388 5369 1927 5456; baseline -0.001 -19"><span class='ocrx_word' id='word_1_328' title='bbox 388 5369 417 5437; x_wconf 79' lang='lat' dir='ltr'>‘l</span> <span class='ocrx_word' id='word_1_329' title='bbox 440 5389 600 5433; x_wconf 88' lang='lat' dir='ltr'>sonorosae</span> <span class='ocrx_word' id='word_1_330' title='bbox 628 5373 699 5434; x_wconf 81' lang='lat' dir='ltr'>Ood.</span> <span class='ocrx_word' id='word_1_331' title='bbox 722 5375 814 5434; x_wconf 75' lang='lat' dir='ltr'>Itosr.</span> <span class='ocrx_word' id='word_1_332' title='bbox 855 5371 881 5452; x_wconf 69' lang='grc' dir='ltr'>ὅ)</span> <span class='ocrx_word' id='word_1_333' title='bbox 904 5377 971 5435; x_wconf 82' lang='lat' dir='ltr'>Dux</span> <span class='ocrx_word' id='word_1_334' title='bbox 993 5377 1070 5438; x_wconf 81' lang='lat' dir='ltr'>dccet</span> <span class='ocrx_word' id='word_1_335' title='bbox 1092 5379 1126 5436; x_wconf 84' lang='lat' dir='ltr'>ta</span> <span class='ocrx_word' id='word_1_336' title='bbox 1153 5375 1222 5436; x_wconf 78' lang='lat' dir='ltr'>Ood.</span> <span class='ocrx_word' id='word_1_337' title='bbox 1245 5375 1318 5437; x_wconf 83' lang='lat' dir='ltr'>Aut.</span> <span class='ocrx_word' id='word_1_338' title='bbox 1357 5373 1385 5456; x_wconf 78' lang='lat'>⁸)</span> <span class='ocrx_word' id='word_1_339' title='bbox 1408 5381 1578 5450; x_wconf 85' lang='lat' dir='ltr'>acceptator</span> <span class='ocrx_word' id='word_1_340' title='bbox 1604 5374 1675 5436; x_wconf 78' lang='lat' dir='ltr'>Ood.</span> <span class='ocrx_word' id='word_1_341' title='bbox 1697 5375 1791 5438; x_wconf 77' lang='lat' dir='ltr'>Roer.</span> <span class='ocrx_word' id='word_1_342' title='bbox 1831 5373 1927 5452; x_wconf 88' lang='lat' dir='ltr'>⁷)au-</span> 
     </span>
     <span class='ocr_line' id='line_1_35' title="bbox 394 5473 1845 5560; baseline 0.002 -23"><span class='ocrx_word' id='word_1_343' title='bbox 394 5477 466 5540; x_wconf 83' lang='lat' dir='ltr'>xilla</span> <span class='ocrx_word' id='word_1_344' title='bbox 492 5473 562 5538; x_wconf 79' lang='lat' dir='ltr'>Ood.</span> <span class='ocrx_word' id='word_1_345' title='bbox 586 5476 679 5540; x_wconf 71' lang='lat' dir='ltr'>aare.</span> <span class='ocrx_word' id='word_1_346' title='bbox 720 5473 817 5558; x_wconf 77' lang='lat' dir='ltr'>⁸)die</span> <span class='ocrx_word' id='word_1_347' title='bbox 842 5477 913 5547; x_wconf 76' lang='lat' dir='ltr'>ooo.</span> <span class='ocrx_word' id='word_1_348' title='bbox 936 5479 1027 5546; x_wconf 65' lang='lat' dir='ltr'>aare.</span> <span class='ocrx_word' id='word_1_349' title='bbox 1063 5477 1092 5558; x_wconf 78' lang='lat'>⁹)</span> <span class='ocrx_word' id='word_1_350' title='bbox 1117 5480 1242 5546; x_wconf 83' lang='lat' dir='ltr'>Simonis</span> <span class='ocrx_word' id='word_1_351' title='bbox 1266 5485 1296 5544; x_wconf 90' lang='lat' dir='ltr'>et</span> <span class='ocrx_word' id='word_1_352' title='bbox 1316 5480 1407 5546; x_wconf 79' lang='lat' dir='ltr'>ludas</span> <span class='ocrx_word' id='word_1_353' title='bbox 1428 5481 1635 5560; x_wconf 86' lang='lat' dir='ltr'>Apostolorum</span> <span class='ocrx_word' id='word_1_354' title='bbox 1661 5477 1731 5543; x_wconf 73' lang='lat' dir='ltr'>(led.</span> <span class='ocrx_word' id='word_1_355' title='bbox 1753 5480 1845 5542; x_wconf 74' lang='lat' dir='ltr'>Roas.</span> 
     </span>
    </p>
   </div>
   <div class='ocr_carea' id='block_1_12' title="bbox 0 0 2086 6288">
    <p class='ocr_par' dir='ltr' id='par_1_12' title="bbox 0 0 2086 6288">
     <span class='ocr_line' id='line_1_36' title="bbox 0 0 2086 6288; baseline 0 3"><span class='ocrx_word' id='word_1_356' title='bbox 0 0 2086 6288; x_wconf 95' lang='lat' dir='ltr'> </span> 
     </span>
    </p>
   </div>
   <div class='ocr_carea' id='block_1_13' title="bbox 2078 5605 2082 6288">
    <p class='ocr_par' dir='ltr' id='par_1_13' title="bbox 2078 5605 2082 6288">
     <span class='ocr_line' id='line_1_37' title="bbox 2078 5605 2082 6288; baseline 0 0"><span class='ocrx_word' id='word_1_357' title='bbox 2078 5605 2082 6288; x_wconf 95' lang='lat' dir='ltr'> </span> 
     </span>
    </p>
   </div>
  </div>
 </body>
</html>
