4192 6272
160 523 229 626 (Α.
251 524 297 601 D.
317 522 446 627 1288.)
771 551 883 602 ursus
910 551 1103 604 seruulus.
1635 537 1709 607 491

157 737 222 827 tes,
250 736 333 810 tuuc
358 734 422 810 tibi
450 733 629 811 discrimen
656 736 865 812 subeundum
892 737 939 812 sit
965 737 1128 833 grauius„
1157 737 1302 833 Ingenia
1328 738 1426 833 genti
1452 739 1594 830 tumida,
1623 740 1711 815 sedi-

160 856 296 949 ditiosc,
325 857 555 948 fraudulenta,
583 858 746 953 procacia.
776 859 990 951 Praedarum,
1021 859 1203 955 spoliorum
1230 863 1266 935 et
1292 859 1513 954 largitionum
1531 860 1632 953 aridi,
1652 884 1713 936 ua·

156 980 236 1053 tura
261 977 371 1070 taciti,
400 977 521 1053 sedin
548 980 706 1054 externos
733 981 793 1054 aut
821 980 856 1053 in
884 980 1082 1057 domesticos
1110 983 1221 1056 motus
1248 981 1403 1074 inquieti,
1433 981 1468 1054 in
1487 981 1713 1058 libidinemct

155 1101 342 1194 crapulam,
370 1101 585 1194 caeteresque
611 1102 803 1197 uoluptates
831 1101 992 1197 proiecti;
1030 1103 1113 1177 lidos
1139 1103 1223 1177 dicti
1251 1103 1473 1198 promissique
1500 1104 1616 1195 nulla,
1645 1103 1713 1178 nisi

155 1224 325 1316 quatenus
351 1222 501 1318 expedit.
784 1219 787 1228 ’

185 1588 359 1661 ΖιιιιιιιὶιΙ
385 1587 668 1663 wladislaviensis
695 1589 773 1678 ltux,
801 1587 887 1681 quod
914 1593 1057 1661 exteros
1074 1589 1144 1662 suis
1172 1593 1391 1680 praeponeret,
1419 1590 1451 1661 in
1478 1591 1577 1662 exilio
1598 1591 1689 1663 obiit.

266 1827 448 1903 Zemomisl
475 1828 641 1924 superias
668 1828 755 1902 alies
781 1828 1078 1905 Wladislcriensis
1105 1831 1193 1920 Dux,
1219 1828 1311 1903 filius
1337 1829 1503 1906 Kazimiri
1530 1829 1716 1924 deperien-

158 1948 218 2041 sis,
247 1949 476 2024 Lanciciensis
514 1951 549 2024 et
577 1949 778 2025 Sirsdiensis
798 1951 822 2044 ¹)
848 1950 969 2040 Ducis,
999 1951 1096 2024 annis
1124 1950 1296 2025 duodecim
1331 1949 1474 2024 exilium
1510 1952 1550 2024 de
1577 1951 1711 2024 Ducatu

159 2093 232 2162 suo,
262 2071 350 2162 quod
377 2072 520 2146 Polonos
547 2071 658 2162 odire,
686 2070 849 2146 Almanos
884 2073 996 2146 fovere
1032 2074 1066 2146 ct
1103 2071 1181 2146 illos
1217 2071 1353 2146 Polonis
1389 2072 1557 2165 praeferre
1592 2071 1714 2145 solitus

157 2193 243 2283 erat,
272 2191 347 2266 iura
375 2192 575 2267 militarium
615 2194 788 2283 temerare,
830 2193 1055 2268 haereditates
1082 2217 1195 2266 eorurn
1222 2215 1383 2287 occupare
1420 2194 1455 2266 et
1481 2213 1589 2286 genus
1615 2192 1714 2266 Polo·

164 2311 279 2387 nicum
319 2312 494 2389 eliminare
535 2315 575 2389 de
614 2316 705 2389 terra
744 2315 935 2405 nitebatur,
974 2315 1164 2408 perferens,
1202 2313 1311 2408 prima
1350 2312 1502 2388 Octobris
1537 2311 1591 2386 dic
1626 2333 1714 2386 mor·

160 2435 254 2525 tuus,
271 2434 385 2510 nullos
412 2434 534 2510 liberos
561 2435 766 2528 relinquens.
802 2435 905 2510 Cuius
932 2437 1082 2510 Ducatus
1109 2435 1218 2534 portio
1254 2435 1297 2510 ad
1323 2433 1523 2530 superstites
1547 2433 1672 2507 fratres
1687 2431 1715 2527 ²)

163 2555 331 2650 peruenit.

538 2877 539 2882 Ν
644 2921 802 2994 flonetius
829 2924 966 3014 queram
993 2921 1078 3013 Papa
1105 2921 1248 2994 noritur.

266 3161 383 3235 Idibus
410 3159 552 3256 Aprilis,
581 3161 750 3236 Honorius
776 3164 870 3256 Papa
885 3159 911 3256 ³)
939 3162 1101 3255 quartus,
1130 3183 1206 3234 curn
1233 3159 1332 3235 annis
1359 3160 1486 3234 duobus
1513 3158 1656 3235 sedisset
1682 3161 1718 3234 et

160 3281 279 3358 diebus
306 3280 448 3375 aliquot,
477 3283 605 3358 Rornae
632 3283 722 3378 apud
748 3281 907 3357 Sanctam
935 3281 1097 3357 Sabinam
1136 3281 1279 3357 moritur
1305 3283 1340 3355 et
1367 3280 1403 3354 in
1430 3279 1572 3356 ecclesia
1599 3279 1716 3354 Sancti

158 3403 255 3478 Petri
283 3403 459 3499 sepelitur.
487 3404 635 3479 Inclusis
662 3406 775 3479 autern
802 3426 862 3499 pro
889 3404 1051 3480 electione
1078 3403 1220 3478 alterius
1247 3402 1492 3491 dandinalibus,
1521 3403 1556 3477 et
1582 3402 1712 3496 septem

158 3547 204 3600 ex
230 3523 279 3599 eis
306 3524 444 3619 propter
471 3524 633 3620 temporis
660 3526 861 3618 qualitatem
887 3525 1032 3600 calidum
1059 3523 1212 3614 mortuis,
1241 3523 1383 3599 caeteris
1411 3522 1470 3615 qui
1501 3522 1711 3617 supererant,

160 3645 197 3718 in
224 3643 317 3720 ucria
343 3645 417 3721 loos
442 3645 654 3738 abeuntibus
682 3645 879 3721 substitutio
913 3645 1043 3720 Summi
1079 3644 1255 3720 Pontificis
1270 3643 1298 3738 4)
1334 3644 1370 3718 in
1406 3665 1532 3719 anuum
1568 3643 1715 3718 alterum

163 3765 272 3861 fuito
299 3765 503 3842 intermissa.

625 4125 834 4239 ANNUS
869 4125 1097 4240 DOMINI
1132 4125 1274 4240 1288.
1389 4247 1396 4256 ,
1490 4109 1496 4119 ’

190 4372 391 4448 Sircdiensis
417 4374 585 4465 palatinus
613 4375 706 4447 ἰιιιιι
731 4374 904 4447 lectionis
931 4374 1035 4466 lligri,
1062 4374 1205 4447 lusorie
1233 4373 1361 4464 inpune
1388 4374 1588 4463 pervastato,
1616 4371 1691 4442 dnn

187 4495 318 4584 rediret,
344 4514 364 4568 a
390 4493 535 4568 berredo
563 4496 725 4570 llusoriae
752 4497 838 4568 llucc
867 4495 1002 4568 invasus
1031 4494 1198 4580 occiditur,
1226 4499 1260 4568 ct
1286 4494 1400 4568 multis
1428 4493 1545 4585 captio,
1573 4491 1694 4584 praede

839 4621 1053 4709 recuperatur.

267 4853 405 4930 Furoris
432 4857 467 4932 et
494 4854 739 4952 indignationis
775 4856 906 4933 facibus
933 4857 1059 4932 dudum
1086 4858 1203 4932 contra
1230 4855 1421 4931 Ounredum
1448 4853 1618 4930 llasouiae
1644 4854 1716 4927 Ilu-

161 4998 245 5070 cem,
274 4977 414 5054 fratrem
440 4977 639 5072 patruelem,
668 4979 794 5054 Irssllro
821 4979 927 5075 Niger
953 4977 1193 5070 cracoviensis,
1222 4975 1502 5052 Sandomiriensis
1528 4976 1563 5052 et
1590 4973 1718 5065 Siradi·

161 5096 255 5176 ensis
281 5098 361 5173 Dux
388 5101 611 5193 exaestuans,
640 5101 783 5178 alteram
810 5100 847 5176 in
873 5101 974 5176 illum
1009 5102 1044 5178 ot
1079 5101 1187 5176 terras
1223 5120 1302 5174 suas
1338 5095 1609 5193 expeditionem,
1638 5096 1718 5171 dum

274 5375 298 5456 ¹)
321 5383 352 5440 et
373 5376 617 5440 Sandomiriensis
641 5378 701 5442 Ed.
723 5378 810 5457 Irips.
835 5376 862 5458 ρ)
889 5379 927 5441 ad
949 5379 1167 5456 possessionem
1188 5375 1312 5438 fratrum
1335 5376 1526 5452 superstitum
1543 5373 1603 5435 Eoi.
1626 5369 1715 5456 Lipe.

171 5479 199 5561 ³)
222 5481 304 5559 Papa
325 5483 403 5547 dmi
424 5484 460 5548 ill
485 5481 557 5554 dod,
580 5481 652 5558 Aut
677 5479 703 5576 ⁴)
726 5484 825 5570 Papus
851 5482 923 5554 ooo.
947 5485 1039 5548 acor.
1064 5479 1091 5564 ⁶)
1115 5487 1179 5544 erat
1209 5481 1269 5542 Ed.
1292 5481 1381 5558 Lips.
