4208 6282
393 516 465 589 116
1016 531 1128 584 arans
1154 529 1307 584 sexsus.
1446 624 1448 630 y
1663 508 1730 606 (Α.
1752 506 1933 608 ῠ.1183.)

390 722 623 819 transmigrat,
651 724 686 796 ot
703 743 783 797 suae
801 720 932 812 ditioni,
961 720 1170 814 tutoriaeque
1196 721 1268 795 tarn
1295 740 1469 815 personam
1487 740 1595 812 suam,
1624 741 1726 812 quam
1752 720 1932 812 utrumque

391 846 622 942 Principatum
649 867 747 918 suurn
774 844 993 935 commendat,
1031 865 1172 935 eumque
1198 843 1390 918 Ducatuum
1416 843 1450 917 et
1476 865 1587 918 rerum
1622 865 1758 918 suarum
1784 842 1931 918 omnium

392 969 509 1044 scribit
534 970 569 1043 et
595 967 751 1063 designat
778 987 1009 1058 successorem,
1039 965 1075 1038 in
1101 965 1262 1057 illiusque
1297 964 1397 1040 iidem
1424 963 1590 1040 militares
1616 967 1652 1042 et
1677 964 1828 1040 subditos
1854 987 1932 1040 suos

392 1093 503 1167 imaro
529 1088 712 1186 compellit.
740 1088 831 1184 Quae
857 1086 988 1163 nouitas
1015 1086 1078 1164 etsi
1105 1086 1277 1162 Karimiro
1303 1085 1389 1162 Dnci
1416 1087 1618 1182 permolesta
1635 1086 1749 1180 fuerit,
1777 1087 1933 1180 iustaque

393 1215 444 1289 ira
483 1216 518 1290 ot
544 1212 580 1287 in
607 1195 747 1287 fratrem
772 1211 1007 1307 Myesakonem
1034 1211 1159 1287 Ducem
1178 1209 1213 1305 ¹),
1246 1208 1340 1286 cuius
1367 1211 1444 1286 astu
1471 1211 1506 1286 et
1532 1209 1725 1304 ambitione,
1753 1212 1788 1287 et
1814 1209 1850 1285 in
1876 1210 1931 1285 Zi-

393 1359 466 1412 ram
492 1335 665 1427 Comitem,
693 1333 788 1410 cuius
815 1333 957 1429 perfidia
972 1333 1000 1429 ²)
1027 1335 1062 1409 et
1088 1333 1280 1429 deceptione
1306 1356 1377 1410 rem
1403 1335 1540 1410 noverat
1566 1333 1753 1425 conflatam,
1787 1355 1932 1410 mouere·

394 1463 450 1536 tur
465 1457 504 1555 ³),
532 1461 643 1534 motus
668 1459 782 1533 tamen
808 1479 922 1532 omnes
958 1455 1124 1552 sagaciter
1158 1456 1387 1552 comprimere,
1425 1478 1533 1549 neque
1558 1456 1752 1552 Myesakoni
1768 1456 1796 1552 4)
1822 1456 1932 1548 fratri,

394 1605 503 1675 neque
528 1580 691 1658 Lestkoni
718 1579 844 1676 nepoti,
873 1581 931 1654 sed
957 1603 1018 1656 nec
1045 1579 1117 1656 eius
1144 1578 1289 1656 curatori
1320 1579 1417 1654 Zirae
1443 1580 1605 1654 molestus
1637 1601 1709 1656 esse
1735 1578 1853 1671 uoluit,
1883 1581 1933 1654 tu-

394 1705 482 1782 oitus
508 1726 649 1799 quoque,
677 1725 823 1796 quonam
848 1705 920 1778 tam
947 1701 1088 1798 improbi
1115 1705 1150 1778 et
1176 1702 1272 1778 infidi
1294 1705 1433 1778 conatus
1451 1702 1682 1797 reciderent⁵),
1706 1702 1933 1794 dissimulans,

396 1805 559 1924 oportuno
594 1825 737 1922 tempori
776 1824 878 1900 huius
919 1847 998 1901 suae
1038 1824 1180 1902 iniuriae
1214 1826 1426 1920 contemptus
1461 1824 1697 1902 correctionem
1731 1825 1934 1902 destinabat.

396 1949 516 2026 Obruit
543 1951 578 2024 ot
604 1949 692 2024 alius
717 1969 821 2042 aeque
848 1948 1009 2024 molestus
1035 1949 1161 2024 Ducem
1187 1947 1398 2023 Kaaimirum
1424 1950 1486 2024 sub
1512 1949 1626 2024 eodem
1652 1950 1800 2044 tempore
1827 1969 1935 2024 casus:

396 2075 475 2150 dum
503 2072 592 2148 enim
618 2071 711 2146 iilius
738 2093 819 2146 suus
846 2070 1088 2148 adolescentior
1114 2071 1290 2147 Boleslaus
1323 2070 1467 2164 nomine,
1504 2073 1654 2148 arborem
1694 2072 1862 2164 quandam
1889 2071 1936 2147 io·

397 2195 493 2272 caudi
528 2193 641 2291 gratia
675 2193 859 2270 succideret
873 2194 913 2288 ⁶),
942 2193 1057 2289 uipera
1071 2193 1100 2289 7)
1127 2195 1167 2268 de
1194 2193 1312 2290 stipite
1347 2216 1503 2271 corruens
1530 2197 1565 2271 ot
1591 2193 1626 2269 in
1654 2195 1736 2289 gule
1762 2197 1879 2271 tenera
1903 2197 1939 2271 ot

397 2318 543 2395 delicata
568 2317 761 2394 Boleslaum
787 2317 935 2409 laedens,
968 2315 1081 2392 subita
1105 2315 1347 2392 violentatione
1362 2317 1390 2411 Β)
1417 2317 1558 2392 suffocat
1584 2319 1619 2392 et
1645 2316 1829 2412 extinguit,
1858 2317 1939 2393 adeo

398 2441 532 2533 quidem
559 2438 831 2534 praecipitanter,
860 2441 898 2512 ut
925 2438 987 2532 a⁹)
1014 2442 1105 2514 terra
1130 2461 1151 2514 a
1177 2437 1470 2514 circumstantibus
1497 2439 1651 2515 sublatus
1676 2462 1784 2532 neque
1815 2461 1937 2530 uocem,

399 2587 506 2656 neque
532 2561 697 2658 gemitum
724 2561 877 2636 ediderit.
923 2561 1024 2637 Ouios
1051 2563 1122 2636 tam
1149 2560 1297 2636 subitam
1323 2564 1358 2637 et
1383 2585 1451 2636 non
1477 2562 1650 2658 uulgarem
1677 2565 1816 2638 mortem
1844 2563 1940 2657 pater

399 2685 495 2760 illius
520 2686 599 2759 Dux
624 2683 817 2760 Karimirus
843 2684 1000 2759 diuturno
1028 2685 1223 2779 prosecutus
1249 2685 1355 2776 luctu,
1393 2684 1542 2760 honestis
1568 2706 1644 2759 oum
1671 2683 1706 2759 in
1733 2681 1940 2760 draconiousi

399 2807 540 2885 ecelesia
566 2806 692 2882 extulit
726 2806 901 2883 funebriis.
934 2806 1015 2880 Filii
1042 2808 1154 2882 aratam
1181 2805 1330 2882 Boleslai
1367 2807 1556 2899 decessum,
1593 2807 1681 2900 quod
1708 2806 1743 2880 in
1770 2805 1940 2882 meliorem

400 2933 506 3006 uitam
532 2930 732 3022 translatus,
769 2953 835 3005 non
855 2927 897 3024 ¹⁰)
925 2931 1049 3022 absque
1084 2928 1283 3004 Divinitatis
1319 2929 1538 3022 ordinatione,
1574 2929 1628 3005 cui
1663 2928 1781 3024 nequit
1815 2929 1939 3020 resisti,

401 3054 496 3129 illarn
524 3051 706 3148 oppetierit
731 3052 882 3142 mortem,
922 3051 1021 3127 facile
1048 3053 1083 3127 et
1108 3074 1214 3145 aequo
1241 3051 1352 3127 animo
1379 3052 1521 3143 laturus,
1550 3051 1590 3128 de
1616 3051 1942 3148 praeiudiciorum

401 3175 455 3250 iili
482 3174 598 3250 fratris
624 3173 802 3270 Myecaslei
830 3173 926 3248 Senis
953 3173 1089 3249 Maioris
1116 3173 1275 3249 Poloniae
1301 3173 1404 3250 Ducis
1431 3173 1466 3248 in
1493 3174 1694 3270 occupandis
1720 3173 1888 3250 Maeoniae
1907 3175 1942 3248 et

401 3297 557 3373 Guiaviao
584 3296 684 3371 terris
711 3296 874 3372 intulerat
901 3295 1050 3388 ambitio,
1092 3295 1203 3370 animo
1230 3299 1266 3372 et
1292 3295 1415 3391 spiritu
1441 3318 1502 3372 neo
1526 3296 1652 3372 tacitus
1679 3295 1847 3372 interdum
1873 3297 1942 3370 tor-

402 3422 576 3516 quebatur.
623 3419 717 3510 Quod
744 3417 895 3514 plerique
921 3417 1105 3493 consiliarii
1131 3417 1297 3504 Karimiri
1323 3417 1426 3494 Ducis
1457 3418 1639 3514 contigisse
1666 3419 1728 3494 boc
1754 3417 1808 3491 illi
1834 3419 1942 3494 laetu-

403 3545 535 3632 bertur‚
573 3543 607 3616 st
643 3540 842 3632 quibusdam
879 3540 1193 3636 exprobrationibus
1228 3540 1263 3614 in
1299 3563 1374 3616 eum
1411 3541 1474 3632 usi,
1512 3541 1599 3617 iuste
1634 3541 1945 3616 circurnuentuma

401 3665 587 3760 Myeoaslao
614 3664 700 3739 Sene
727 3663 945 3755 disserebant,
974 3665 1013 3736 ut
1031 3663 1241 3758 experiretur
1267 3686 1343 3738 eum
1370 3663 1511 3755 hostem,
1540 3686 1638 3757 quern
1666 3686 1725 3758 pro
1743 3686 1802 3738 suo
1821 3664 1944 3740 scelere

403 3788 536 3864 exulem
564 3785 636 3881 pati
663 3810 729 3860 non
758 3788 900 3881 poterat,
938 3785 1034 3878 quasi
1062 3785 1312 3862 restitutionem
1339 3785 1434 3860 illius
1460 3785 1653 3862 Kcaimirus
1678 3785 1945 3861 dracouiensium

402 3911 482 3983 Dux
508 3909 647 3984 leuitate
673 3907 797 4003 potius,
826 3911 862 3983 et
887 3932 952 3984 non
981 3909 1093 4003 potius
1121 3907 1407 3984 commiseratione
1434 3910 1536 4000 atquo
1563 3907 1776 4004 indulgentia
1793 3909 1947 3983 fraterna

404 4053 597 4126 procurasse
624 4030 803 4106 videretur.

507 4152 657 4228 Gnnrcdo
684 4151 850 4228 Moraviae
877 4154 968 4228 Duce
986 4152 1231 4247 impetitionem
1257 4154 1408 4228 Duoetus
1430 4151 1609 4228 Bobemiee
1627 4153 1811 4244 deserente,
1840 4153 1945 4229 Wan-

403 4277 532 4352 coslaus
560 4275 650 4350 filius
676 4274 807 4369 antiqui
843 4279 878 4350 et
904 4276 1009 4350 frater
1029 4274 1072 4369 ¹¹)
1108 4274 1249 4350 iunioris
1286 4274 1459 4366 Sobieslai,
1497 4297 1517 4349 a
1552 4274 1731 4350 baronibus
1766 4275 1947 4352 Bohemiao

404 4420 514 4474 rerum
541 4398 766 4474 novandarum
794 4397 922 4492 cupidis
951 4399 1110 4474 suffectus
1136 4399 1188 4472 est
1208 4397 1262 4492 112),
1304 4420 1445 4490 quorum
1472 4395 1625 4492 potentia
1651 4399 1770 4487 fretus,
1800 4399 1946 4494 Pragam

404 4521 577 4615 aliquanto
604 4523 753 4615 tompore
780 4521 928 4608 obsedit;
957 4519 1131 4595 conatibus
1158 4523 1271 4594 tamen
1298 4519 1369 4593 suis
1396 4520 1511 4594 nuilus
1537 4521 1685 4611 effectus,
1713 4519 1869 4595 Almanis
1889 4545 1947 4616 pro

405 4643 572 4740 praesidio
598 4643 726 4719 relictis
752 4642 887 4739 egregie
914 4645 1028 4718 urbem
1056 4643 1259 4732 tutantibus,
1289 4642 1470 4736 respondit.
1499 4642 1643 4718 Interim
1670 4642 1863 4718 Friderious
1882 4646 1946 4719 Bo-

406 4766 535 4843 bemiae
562 4768 651 4857 Dur,
688 4767 827 4842 collecto
854 4766 887 4840 in
917 4765 1075 4840 Alunania
1103 4765 1265 4856 exercitu,
1294 4765 1490 4840 Bohomiam
1516 4765 1620 4854 uenit,
1649 4767 1684 4840 et
1710 4765 1947 4842 Wencosiaum

405 4890 580 4966 decernere
599 4886 642 4983 ¹³)
676 4913 742 4965 non
778 4911 895 4963 ausum
936 4889 1026 4981 (erat
1065 4886 1154 4963 enlm
1194 4887 1385 4963 Friderious
1424 4889 1458 4963 et
1495 4889 1649 4983 germani
1683 4888 1736 4963 sui
1771 4887 1948 4964 Adalborti

514 5097 538 5177 ¹)
560 5101 592 5158 in
606 5097 725 5159 fratrem
740 5100 911 5160 Mieoslaum
928 5103 959 5159 et
972 5099 1002 5157 in
1017 5102 1153 5172 nepotem
1168 5097 1330 5158 Lesbonem
1350 5097 1420 5158 Oooi.
1444 5098 1536 5158 Βονν.
1568 5095 1594 5174 ⁹)
1616 5098 1764 5173 praesidio
1779 5098 1839 5158 Ed.
1855 5099 1948 5158 Βοῦν.

408 5201 437 5274 ³)
460 5221 600 5264 accensus
624 5199 685 5264 Ed.
708 5205 801 5264 Βοῦν.
834 5199 862 5281 ⁴)
885 5205 1026 5264 Mieoslao
1053 5201 1122 5263 Ood.
1146 5187 1237 5262 Βονν.
1269 5197 1295 5274 ⁶)
1318 5203 1458 5263 caderent
1480 5205 1539 5264 Ed.
1562 5204 1656 5264 Βοῦν.
1689 5199 1715 5279 ⁸)
1739 5203 1950 5264 conscenderet

410 5307 481 5370 θοοῦ.
504 5309 596 5369 Βονν.
636 5305 661 5385 7)
684 5308 766 5382 ipera
791 5307 861 5370 Ood.
884 5306 957 5367 Aut.
998 5303 1023 5385 8)
1045 5308 1189 5368 violenter
1211 5323 1276 5366 oum
1299 5307 1358 5366 Ed.
1380 5307 1473 5368 Βοῦν.
1505 5305 1531 5386 ⁹)
1556 5308 1592 5368 de
1615 5307 1674 5374 Ed.
1697 5307 1791 5368 Dobr.
1827 5305 1869 5384 ¹⁰)
1891 5325 1948 5367 non

408 5413 485 5474 dccet
508 5414 542 5474 ν’νν
568 5412 638 5474 Ood.
661 5411 735 5472 Aut.
757 5412 835 5473 haud
858 5413 917 5474 Eo.
940 5413 1035 5473 Βοῦν.
1072 5408 1111 5490 11)
1127 5412 1203 5472 filius
1225 5411 1324 5474 fratris
1347 5413 1406 5472 Ed.
1429 5414 1524 5474 Βοῦν.
1559 5410 1598 5491 ¹²)
1622 5413 1760 5475 suffectus
1783 5418 1829 5474 est
1843 5413 1874 5472 in
1888 5413 1947 5473 Dn-

410 5523 506 5582 catom
526 5517 713 5582 Bobemicum
739 5517 809 5582 cod.
832 5518 924 5580 Rorr.
966 5513 1006 5598 ¹³)
1030 5517 1180 5580 decertare
1206 5516 1276 5580 Ood.
1299 5517 1391 5580 Recr.
