4162 6288
421 478 498 552 440
1029 499 1142 553 arene
1169 499 1362 555 snrmuus.
1702 477 1766 576 (Α.
1786 477 1832 556 Ι).
1852 481 1957 578 1277.)
2062 587 2067 594 ¹

418 687 555 764 natione
581 685 800 782 Burgundus,
827 685 1005 782 episcopus
1030 686 1220 763 cadinalis
1255 687 1440 780 Ostiensis,
1478 687 1530 762 uir
1556 710 1699 784 magnae
1734 689 1907 785 religionis
1930 695 1959 767 et

418 810 606 903 doctrinae,
635 810 724 904 apud
751 809 907 884 dretium
942 809 1178 885 Gurdinalibue
1212 811 1369 886 conclaue
1404 811 1673 902 celebrantibus,
1700 812 1829 886 electus
1856 816 1907 884 est
1930 819 1960 888 et

416 931 636 1007 Innocentius
663 931 804 1024 quintus
831 930 1036 1026 appellatus.
1073 930 1137 1026 Qui
1156 933 1233 1026 post
1259 931 1457 1007 electionem
1484 933 1524 1006 de
1551 931 1667 1008 Aretio
1694 955 1770 1007 curn
1796 933 1890 1008 curia
1913 955 1958 1007 re-

416 1053 555 1141 cedens,
584 1053 678 1129 uenit
705 1053 866 1143 Romam,
903 1051 962 1126 ubi
998 1051 1034 1126 in
1061 1052 1202 1128 ecelesia
1237 1053 1351 1127 Sancti
1379 1053 1472 1128 Petri
1493 1054 1515 1148 ¹)
1551 1053 1762 1128 coronatione
1798 1057 1956 1148 suscepta,

413 1175 577 1250 transfert
604 1197 640 1250 se
667 1173 703 1248 in
729 1176 955 1263 Lateranum,
993 1173 1052 1247 ubi
1079 1173 1227 1267 quinque
1266 1175 1401 1248 tantum
1437 1175 1533 1249 modo
1569 1175 1740 1250 mensibus
1775 1176 1812 1248 ct
1839 1175 1957 1250 duobus

414 1296 532 1371 diebus
558 1296 594 1370 in
620 1298 754 1391 Papatu
780 1294 922 1387 exactis,
951 1315 1027 1369 cum
1054 1296 1163 1369 multa
1190 1296 1226 1368 et
1251 1293 1402 1389 insignia
1429 1294 1465 1370 in
1491 1294 1604 1370 animo
1622 1295 1732 1372 facere
1749 1295 1956 1386 destinasset,

413 1421 549 1514 praeter
574 1439 670 1493 suam
696 1419 731 1492 et
757 1417 900 1492 aliorum
927 1437 1021 1510 spem
1048 1417 1190 1490 moritur
1217 1415 1376 1490 uicesima
1402 1417 1547 1491 emunda
1573 1417 1666 1490 Iunii
1692 1416 1757 1508 die,
1785 1419 1821 1491 et
1839 1416 1875 1490 in
1893 1439 1958 1491 me·

412 1561 482 1634 gna
507 1539 621 1635 gratia
655 1537 811 1632 collegii,
838 1540 1015 1631 praesente
1041 1537 1135 1632 Rege
1171 1536 1306 1611 Siciliae
1341 1537 1477 1628 Oarolo,
1515 1537 1550 1611 in
1586 1539 1753 1612 Laterano
1789 1537 1959 1632 sepelitur.

412 1661 581 1737 Vicesima
606 1659 726 1736 deinde
752 1660 787 1734 et
814 1661 931 1734 oetam
957 1658 1039 1732 Iulii
1059 1658 1088 1753 ²)
1115 1658 1168 1732 die
1195 1656 1425 1752 Ottobonus³l
1451 1657 1611 1734 diaconus
1646 1658 1847 1750 Gardinalis,
1875 1660 1983 1746 nati-¹

411 1805 474 1858 one
501 1781 679 1858 Ianuensis
704 1787 739 1856 et
766 1779 958 1855 Innocentii
994 1779 1108 1873 quarti
1144 1802 1258 1874 nepos,
1295 1779 1331 1853 in
1358 1779 1491 1855 Palatio
1525 1780 1746 1856 Lateranensi
1773 1779 1810 1854 in
1836 1782 1960 1874 Papam

413 1902 600 1978 assumitur
634 1904 670 1978 et
696 1901 866 1976 Adrianus
893 1901 1033 1994 quintus
1059 1902 1209 1992 uocatur,
1246 1902 1305 1993 qui
1331 1902 1441 1976 solum
1468 1901 1504 1975 in
1530 1903 1664 1996 Papatu
1690 1925 1757 1976 ano
1784 1922 1900 1976 menso
1924 1903 1957 1976 et

411 2043 529 2101 norem
559 2024 676 2099 diebus
694 2023 830 2115 uirens,
858 2026 1039 2114 antequem
1066 2023 1279 2098 ordinaretur
1313 2022 1349 2096 in
1385 2023 1610 2114 sacerdotem,
1639 2021 1711 2098 sine
1737 2022 1960 2098 coronationis

408 2148 444 2221 et
470 2144 729 2222 consecrationis
756 2167 892 2219 munere
918 2143 1063 2219 Viterbii
1089 2144 1232 2218 moritur
1258 2146 1294 2219 et
1320 2143 1356 2217 in
1384 2143 1586 2218 monasterio
1613 2145 1774 2218 Fratrum
1793 2143 1958 2217 llinomm

408 2267 553 2342 Vitcrbii
579 2266 757 2362 sepelitur.
794 2267 836 2339 In
863 2265 958 2340 cuius
993 2266 1104 2340 locum
1131 2266 1167 2339 in
1194 2265 1261 2340 fine
1290 2265 1412 2340 mensis
1447 2264 1654 2359 Septembris
1679 2267 1803 2340 Petrus
1830 2265 1956 2338 Iuliani

407 2387 517 2464 dictus
544 2388 730 2482 Hispanus,
758 2387 948 2463 cardinalis
983 2387 1160 2482 episcopus
1189 2387 1412 2478 Tusculanus,
1441 2383 1577 2462 natione
1613 2385 1892 2480 PortugaleneiS,
1920 2387 1958 2460 de

405 2509 543 2586 ciuitate
569 2509 743 2585 Ulirrboua
768 2509 874 2600 ortus,
888 2510 924 2584 et
937 2508 1105 2582 Iohannes
1130 2508 1309 2583 vicesimus
1323 2508 1451 2602 primus
1464 2509 1668 2600 nominatus,
1696 2507 1859 2584 suffectus
1884 2508 1955 2582 est:

406 2631 547 2706 clericas
572 2629 784 2723 uniuersalis,
812 2631 871 2705 sed
898 2631 934 2703 in
961 2651 1111 2705 sermone
1138 2651 1296 2724 praeceps
1318 2632 1353 2704 et
1372 2651 1491 2723 parurn
1506 2629 1541 2704 in
1556 2629 1703 2704 moribus
1729 2627 1856 2724 grauis,
1878 2627 1954 2702 reli·

404 2751 509 2848 gioeis
535 2775 666 2847 quoque
692 2752 804 2826 minus
830 2750 1037 2843 fauorabilis,
1065 2751 1217 2827 doctrina
1244 2750 1426 2826 medicinae
1453 2752 1579 2826 multos
1605 2750 1826 2826 antecellens.

531 3063 722 3137 χῐίοοιιίιιιιι
749 3082 824 3156 pera
851 3067 1063 3154 proventuum
1089 3082 1146 3155 por
1171 3063 1290 3155 lapan
1317 3082 1337 3137 a
1365 3064 1450 3136 clero
1477 3062 1629 3135 lolonlec
1656 3062 1808 3154 exigitur.

508 3269 664 3344 Nondum
689 3267 886 3345 Innocentio
912 3271 1005 3364 Papa
1032 3268 1150 3362 quinto
1176 3270 1275 3344 rebus
1301 3267 1458 3343 humanis
1483 3270 1672 3364 absumpto,
1701 3267 1797 3343 misit
1822 3267 1952 3363 prael·

403 3392 459 3465 tus
486 3391 703 3466 Innocentius
731 3391 870 3484 quintus
898 3391 1039 3465 fratrem
1066 3390 1284 3465 Gotbiridum
1320 3390 1584 3480 rheumnioum,
1622 3390 1748 3464 ordinis
1774 3391 1949 3466 Praedica-

400 3513 524 3605 torum,
553 3535 656 3587 unum
683 3535 726 3588 en
752 3511 1020 3607 poenitentiariis
1047 3513 1252 3604 minoribus,
1282 3511 1318 3585 in
1344 3512 1539 3587 Poloniem:
1579 3511 1640 3604 qui
1666 3514 1709 3586 ab
1736 3512 1900 3607 episcopis
1918 3516 1952 3588 et

401 3633 556 3709 universo
593 3635 682 3708 clero
717 3634 877 3708 ecelesiae
912 3633 1089 3708 Polonicae
1123 3633 1314 3709 vicesimam
1344 3635 1475 3727 partem
1508 3633 1697 3724 redituum,
1735 3633 1835 3707 iuxta
1860 3635 1950 3707 rete-

400 3777 471 3829 rem
499 3743 715 3831 ecclesiarum
741 3757 777 3829 et
802 3755 1039 3830 beneficiorum
1065 3757 1202 3847 tanam,
1232 3779 1291 3850 pro
1316 3754 1464 3830 subsidio
1490 3755 1662 3831 Romanae
1684 3755 1855 3831 Ecclesiae
1873 3777 1950 3830 erre·

400 3876 465 3970 git,
494 3897 595 3967 quam
621 3875 819 3952 Innocentio
847 3875 965 3969 quinto
981 3879 1124 3967 mortuo,
1143 3877 1307 3952 succesori
1320 3897 1384 3964 ¹suo
1402 3875 1551 3952 Adriano
1570 3878 1689 3970 quinto
1707 3877 1948 3972 praesentarit.

849 4181 1058 4296 ludus
1093 4181 1319 4297 DOMINI
1354 4179 1489 4296 ruit.

397 4412 568 4487 Boleeleue
596 4413 713 4486 calvus
739 4413 968 4504 tegnicreusia
998 4413 1070 4485 linx
1096 4413 1243 4486 inuidere
1277 4411 1386 4486 edetis
1422 4412 1553 4503 nepotis
1580 4412 1706 4484 leutici
1732 4413 1825 4504 probi
1851 4413 1948 4485 lincis

394 4533 674 4607 wratislaviensis
701 4532 835 4623 diuitiis,
863 4534 955 4604 illan
982 4553 1037 4623 per
1065 4533 1203 4607 iusidias
1230 4535 1390 4624 captivat:
1424 4546 1518 4626 quem
1552 4533 1720 4606 liberaturi
1746 4534 1947 4606 wratislavi·

396 4672 502 4744 enses,
529 4671 602 4726 eun
620 4653 745 4726 auxilio
773 4654 916 4726 ennium
941 4653 1093 4725 boloniae
1119 4655 1240 4725 bacun
1267 4659 1382 4727 contra
1408 4655 1593 4726 boleslaum
1620 4659 1886 4742 annumerent,
1914 4659 1948 4727 et

395 4775 510 4846 allio
537 4775 608 4847 ciui
635 4779 837 4866 superantur,
865 4777 960 4865 cepto
986 4773 1071 4846 unce
1097 4773 1319 4846 Poenentensi.
1357 4774 1497 4846 lenden
1524 4773 1647 4847 donate
1674 4775 1808 4848 ciuitate
1835 4776 1947 4848 Ktecz·

396 4895 458 4967 ato
485 4900 639 4988 perpetro
667 4896 746 4986 llegi
772 4895 962 4982 boloniae,
989 4894 1027 4966 lli
1053 4894 1227 4968 concordia
1254 4914 1310 4987 per
1336 4895 1454 4986 degan
1481 4895 1705 4984 interlineas,
1732 4899 1767 4968 et
1792 4895 1946 4968 donnica:

713 5016 879 5101 liberetur,
908 5015 997 5088 detis
1025 5015 1138 5088 nuliis
1166 5016 1293 5108 oppidis
1318 5017 1397 5090 buci
1415 5017 1633 5108 legnieaenel.

496 5184 767 5281 Amplitudinem
811 5189 883 5260 tem
923 5185 1179 5281 Principetuum
1207 5209 1308 5280 quam
1335 5210 1463 5282 opum,
1496 5209 1563 5282 qua
1598 5185 1767 5264 Henricus
1802 5189 1943 5280 quartus

500 5445 524 5529 ¹)
547 5449 578 5508 in
601 5449 710 5511 Sancte
731 5449 821 5510 Petro
848 5443 910 5509 ch
932 5447 1005 5509 Aoi.
1031 5445 1060 5528 ⁹)
1082 5447 1160 5508 lunii
1182 5449 1242 5509 Ed.
1265 5449 1353 5525 Lips.
1378 5445 1407 5530 ³)
1430 5448 1600 5512 Otlrobaaus
1622 5449 1684 5512 Ed.
1707 5448 1797 5524 Lipc.
