4192 6272
156 537 223 634 (Α.
245 537 291 612 D.
310 536 431 631 1285.)
776 558 887 606 crena
914 555 1108 608 senuimus.
1629 538 1702 608 all

154 748 291 820 bantur.
318 745 388 820 Soli
415 745 561 819 Minores
597 745 718 818 fratres
755 745 901 818 humana
928 745 962 817 et
989 742 1187 837 temporalia
1224 744 1317 817 lucra
1352 743 1492 831 sectati,
1531 767 1597 816 non
1633 743 1706 819 sine

154 890 217 942 sua
243 869 279 941 et
305 865 431 940 ordinis
456 865 510 940 sui
538 867 617 940 nota
644 866 679 939 et
705 863 893 958 ignominia
919 864 1142 958 sempiterna,
1182 887 1248 938 non
1275 865 1365 957 apud
1402 863 1463 938 illa
1489 864 1618 954 solum,
1648 865 1706 940 sed

154 989 258 1064 etiam
287 989 377 1084 apud
405 986 596 1083 praesentia
626 986 791 1061 etintura
817 987 953 1061 saecula
980 985 1214 1061 detestabilem
1242 985 1435 1060 memoriam
1462 985 1621 1076 habituri,
1652 1009 1704 1059 re-

155 1111 243 1205 perti
271 1112 370 1199 sunt,
399 1107 457 1202 qni
486 1107 731 1184 ecclesiasticae
768 1107 966 1202 disciplinae
987 1108 1009 1202 Ι)
1046 1130 1145 1182 neruo
1182 1109 1365 1196 tornareto,
1404 1106 1642 1182 miserabiliter
1669 1130 1706 1183 se

155 1230 330 1324 iniquitati
345 1229 373 1324 ²)
400 1232 435 1306 et
461 1232 605 1325 tyranno
633 1229 779 1304 Henrico
805 1228 909 1319 Duci,
949 1229 1087 1320 eiusque
1123 1228 1331 1302 satellitibus
1359 1230 1394 1302 et
1421 1227 1549 1302 civibus
1575 1229 1705 1304 Wrati·

155 1351 380 1427 slariensibus
415 1373 475 1446 per
509 1349 743 1426 assistentiam
779 1351 1001 1425 addixerant:
1041 1351 1130 1444 apud
1166 1372 1249 1444 piros
1285 1348 1369 1443 plus
1389 1349 1501 1424 valere
1527 1348 1600 1424 visa
1626 1353 1708 1424 sunt

155 1475 307 1546 humana
334 1493 435 1565 quam
462 1471 597 1562 divina,
635 1474 669 1546 et
698 1471 799 1545 iussis
833 1471 1020 1546 salutiferis
1058 1470 1320 1565 praestantiores
1355 1470 1523 1556 victimae.
1563 1471 1708 1546 Tlrornus

154 1598 270 1668 autem
297 1593 473 1688 episcopus
499 1592 792 1670 Wratislaviensis
818 1615 913 1667 suern
949 1594 984 1668 et
1011 1592 1092 1668 cleri
1122 1591 1279 1666 iniuriam
1305 1613 1531 1685 repressores,
1552 1591 1593 1665 ad
1612 1593 1705 1686 Lug·

156 1717 306 1790 dunense
332 1713 518 1788 tloncilinm
546 1714 769 1808 personaliter
795 1737 831 1790 se
849 1714 1013 1801 contulit;
1051 1714 1108 1787 sed
1144 1736 1219 1787 cum
1257 1713 1329 1786 illic
1365 1736 1497 1804 quoque
1535 1715 1708 1807 speratunr

157 1860 224 1910 non
252 1835 445 1911 offendisset
472 1835 666 1926 remedium,
695 1838 772 1908 Dux
800 1835 926 1929 quippe
952 1834 1246 1910 Wratislaviensis
1272 1835 1461 1924 Hernicus,
1493 1834 1604 1908 missis
1632 1857 1707 1928 pro·

156 1957 377 2047 curatoribus,
407 1956 650 2032 absolutionem
677 1981 697 2030 a
723 1957 871 2031 censuris
897 1959 933 2031 et
960 1956 1138 2031 interdicto
1165 1957 1371 2030 Guesnensis
1390 1956 1630 2050 archiepiscopi
1651 1959 1708 2031 ob·

157 2078 275 2168 tinuit,
308 2079 405 2152 nulla
433 2078 664 2152 satisfactione
692 2079 732 2151 de
760 2077 893 2152 damnis
928 2081 963 2152 ct
990 2077 1108 2168 mulis,
1147 2101 1286 2170 quorum
1325 2101 1391 2151 non
1426 2082 1501 2152 erat
1538 2101 1706 2168 numerus,

157 2201 304 2274 Thomas
331 2199 485 2294 episcopo
512 2199 674 2294 impensa,
704 2198 738 2272 in
767 2199 940 2272 Polouiam
967 2222 1010 2273 ex
1037 2199 1202 2292 Lugduuo
1230 2203 1377 2272 moestus
1404 2199 1505 2274 rediit
1536 2201 1571 2274 et
1585 2199 1619 2272 in
1639 2201 1707 2274 Ra·

159 2322 273 2396 thibor
298 2345 319 2395 a
344 2323 435 2395 Iluce
461 2320 632 2395 Kauimiro
649 2319 676 2416 ³)
704 2321 875 2415 Opoliensi
902 2321 1101 2396 recollectus
1128 2320 1308 2394 habitarit.

157 2689 289 2762 beluato
316 2688 477 2760 tortione
504 2687 599 2778 lligro
626 2689 710 2760 buco
739 2689 779 2758 ab
808 2687 960 2778 inperio,
995 2689 1134 2760 barones
1168 2693 1202 2760 et
1238 2689 1361 2762 milites
1394 2689 1526 2762 llinoris
1559 2691 1710 2763 inluniae

159 2808 240 2880 illud
268 2808 413 2882 drursdo
441 2809 604 2882 lusoriae
631 2808 709 2880 ltuci
737 2809 893 2881 deterunt.
921 2809 1014 2882 lliscs
1042 2813 1151 2882 autern
1179 2810 1367 2882 theutonici
1388 2811 1615 2884 trudonienses
1634 2813 1709 2884 dun

160 2931 255 3002 tidem
283 2948 355 3002 orn
383 2949 456 3002 aroc
483 2929 687 3002 cracoviensi
715 2933 749 3002 ot
776 2931 945 3022 coniugam
973 2929 1145 3003 lesttonls
1173 2931 1295 3003 eisdem
1323 2933 1363 3003 ab
1383 2933 1442 3004 ilio
1461 2931 1627 3022 creditum,
1647 2952 1710 3006 sor·

158 3057 283 3136 rorent,
312 3042 477 3124 broialus
504 3071 524 3124 a
550 3052 711 3124 tertione
738 3053 878 3125 labente
904 3053 1124 3144 llnugaromn
1153 3055 1278 3125 auxilia
1305 3057 1484 3146 superatur.
1512 3055 1631 3126 lestko
1658 3074 1710 3128 su·

158 3179 226 3246 ton
253 3174 486 3246 rebellantibus
512 3173 545 3245 in
572 3174 712 3264 gratiam
740 3174 925 3265 surreptis,
954 3174 1049 3246 tidem
1077 3175 1195 3247 cisium
1223 3176 1482 3249 trecanensium
1511 3177 1729 3268 praesagati.

64 3403 67 3410 ,
159 3297 210 3368 ris
238 3296 436 3388 specialitus
463 3312 678 3382 remunerans,
705 3295 788 3386 ipsis
816 3296 947 3387 insuper
974 3297 1141 3370 ciuitatem
1175 3297 1291 3370 muniri
1326 3298 1426 3370 muns
1462 3301 1496 3370 ct
1530 3316 1710 3389 propugna-

606 3417 688 3489 culis
715 3417 892 3508 plenarium
918 3418 1033 3491 tribuit
1061 3423 1271 3510 potestatem.

265 3657 390 3731 Sedala
417 3657 620 3751 paullulum,
649 3659 701 3732 vel
730 3656 842 3751 potius
870 3659 1008 3752 propter
1023 3657 1051 3753 4)
1077 3661 1219 3733 externa
1245 3661 1280 3732 et
1307 3659 1479 3733 burbonae
1498 3660 1587 3734 bella
1605 3659 1714 3734 dilata

159 3781 194 3852 et
220 3778 366 3869 condita,
396 3777 555 3852 militaris
582 3781 699 3852 contra
726 3781 930 3853 hestlronem
958 3780 1103 3873 Nigrum
1130 3781 1381 3855 Oracoriensem
1408 3783 1444 3854 et
1462 3781 1711 3854 Sandomirien·

160 3923 231 3973 sem
257 3902 384 3974 Ducem
411 3899 530 3974 seditio
558 3902 661 3992 atque
688 3900 838 3991 rebellio,
867 3901 1117 3992 quiescentibus
1144 3902 1255 3992 bellis,
1287 3901 1403 3976 maiori
1423 3925 1556 3976 rursum
1576 3902 1711 3977 turbiue

158 4020 282 4115 erupit,
312 4023 445 4095 ettam
472 4023 578 4096 Paulo
605 4022 812 4097 dracoviensi
840 4023 1005 4116 episcopo,
1035 4046 1135 4115 quam
1163 4023 1316 4099 Warsaio
1344 4025 1539 4115 castellano,
1560 4025 1713 4118 Zegetha

161 4143 325 4237 palatino,
355 4143 639 4234 maceriensibus,
668 4143 823 4218 lannssio
864 4145 1027 4238 palatino,
1057 4145 1201 4219 tlristino
1237 4147 1430 4235 castellano,
1462 4145 1711 4220 Sandomirien·

159 4265 264 4355 sibus,
294 4264 501 4356 caeterisque
537 4265 739 4358 primoribus
766 4266 946 4340 baronibus
973 4269 1139 4342 terrarum
1167 4267 1394 4342 (lracovien'sis
1410 4269 1445 4341 et
1463 4267 1711 4342 Sandomirien-

160 4388 219 4476 sie,
250 4387 285 4459 in
313 4387 407 4460 illius
433 4387 651 4462 deiectionem
678 4390 713 4462 et
740 4388 884 4462 Gunradi
912 4387 1079 4464 Maeoniae
1115 4391 1150 4464 et
1177 4388 1367 4463 Gairnensis
1394 4389 1496 4463 Ducis
1523 4388 1711 4463 institutio-

162 4531 249 4598 nem,
279 4530 346 4582 uno
372 4511 450 4583 voto
478 4530 609 4600 unoque
636 4512 750 4584 tenore
778 4509 1060 4603 conspirantibus,
1091 4511 1266 4584 Gunradns
1295 4511 1468 4603 praefatus
1494 4510 1661 4584 Masoviae
1679 4512 1714 4586 et

160 4629 352 4704 tlzirnensis
380 4630 467 4718 Dux,
497 4630 704 4704 notabilibus
731 4633 840 4704 fretus
867 4630 983 4724 copiis,
1023 4631 1167 4724 primum
1194 4631 1400 4722 Zauichost,
1438 4630 1558 4706 deinde
1585 4631 1711 4706 Sando-

162 4749 306 4839 nririam,
336 4751 441 4824 Paulo
468 4751 677 4824 Gracoviensi
706 4753 879 4845 episcopo,
918 4751 976 4841 qui
1015 4753 1228 4845 captivitatis
1264 4773 1344 4826 suae
1382 4753 1493 4825 ultum
1520 4751 1561 4824 iri
1590 4773 1713 4845 parans

164 4870 356 4961 molestias,
381 4894 454 4945 carn
482 4873 661 4966 procellam
703 4873 894 4963 exciverat,
932 4879 967 4947 et
994 4874 1147 4948 omnibus
1183 4873 1260 4947 aliis
1295 4873 1475 4948 baronibus
1502 4871 1632 4946 obviam
1660 4871 1713 4944 illi

164 4991 335 5083 euntibus,
364 4992 512 5066 advenit.
553 4993 619 5066 Ubi
648 4993 764 5066 diebus
791 4993 922 5085 aliquot
959 5017 1081 5089 magno
1116 4995 1284 5069 celebrato
1319 4994 1504 5084 conventu,
1542 4992 1577 5066 in
1614 4994 1715 5068 uerba

163 5135 226 5186 sua
252 5115 293 5187 ab
321 5113 488 5186 uniuersis
514 5113 789 5188 Gracoviensibus
815 5119 850 5190 et
877 5114 1225 5206 Sandomiricnsibus,
1263 5112 1592 5205 Lublinensibusque
1621 5112 1713 5186 mili·

394 5287 576 5294 —-.----..-

275 5388 297 5466 ¹)
318 5369 473 5450 doctrinae
507 5389 577 5450 Cocl.
612 5393 705 5452 Rorr.
744 5389 772 5461 ⁴²)
795 5392 1019 5466 inquinaverant
1055 5391 1126 5454 Occi.
1150 5393 1242 5460 Roas.
1282 5389 1309 5471 ³)
1332 5392 1495 5456 Wladislao
1529 5387 1600 5457 Occi.
1622 5391 1715 5452 Roas.

166 5491 192 5572 ⁴)
223 5496 283 5553 sivo
307 5496 405 5577 potius
428 5513 481 5569 per
503 5495 562 5557 Eo.
585 5497 671 5578 Lips.
