4192 6272
391 559 467 630 498
995 575 1107 630 arasa
1134 575 1327 630 sarsurus.
1670 550 1732 645 (Α.
1752 550 1799 627 b.
1820 548 1943 666 im.)

387 766 511 841 fessam
537 763 642 839 fuisse
669 764 839 854 astruunt,
868 765 903 838 et
929 785 1031 854 quam
1056 764 1200 838 secundo
1228 761 1442 838 matrimonio
1468 761 1633 853 duxerat,
1662 761 1727 835 dlii
1753 761 1940 838 solennita-

386 889 455 962 tem
482 885 737 993 baptismalium
763 886 920 976 acturus,
950 884 1313 960 WenoeslaumDuoom
1350 881 1531 958 Bohemiae
1558 883 1600 958 ad
1627 883 1744 975 illam,
1771 882 1942 976 simulque

387 1029 536 1082 socerum
563 1027 660 1080 suum
688 1004 917 1082 Wladislaum
945 1005 1143 1100 Hungariae
1170 1005 1319 1100 Regem,
1349 1007 1383 1078 et
1410 1004 1594 1080 Hernicum
1621 1007 1781 1098 quartum
1807 1003 1941 1081 Wrati·

387 1127 587 1202 slarionsem
615 1128 740 1201 Ducem
768 1126 900 1200 inritat.
927 1126 1052 1201 Verum
1079 1128 1260 1217 autequam
1287 1125 1474 1201 solennitas
1509 1125 1700 1200 huiusmodi
1735 1125 1941 1216 advenisset,

387 1248 605 1323 Wenceslaus
633 1247 813 1322 Bohsmiae
847 1248 926 1321 Dux
952 1246 1148 1322 Zawissium
1185 1249 1225 1322 de
1252 1247 1496 1339 Roszcmberk,
1525 1248 1622 1340 quasi
1649 1269 1724 1322 cum
1751 1246 1942 1324 Wladislao

388 1369 585 1464 Huugariae
613 1369 706 1462 Rege
733 1389 845 1442 socero
872 1389 932 1442 suo
959 1371 994 1441 st
1020 1368 1167 1442 Henrico
1194 1365 1468 1445 Wratislariens'i
1506 1369 1596 1444 Ddoe
1632 1368 1793 1442 insnum
1820 1367 1941 1444 interi·

386 1492 471 1579 tum,
501 1490 535 1562 iu
563 1489 824 1583 baptismalibus
851 1489 976 1562 futuris
1003 1489 1237 1580 efficiendum,
1266 1489 1511 1583 conspirasset,
1540 1489 1712 1584 captivat,
1741 1491 1776 1565 et
1802 1487 1941 1564 biennio

387 1611 423 1684 in
451 1610 613 1703 Progensi
641 1612 751 1684 castro
778 1609 923 1684 vinculis
950 1613 985 1684 et
1011 1631 1141 1684 carcere
1168 1609 1418 1702 excruciatum,
1448 1611 1527 1684 ante
1563 1611 1711 1686 castrum
1738 1632 1838 1686 suum
1864 1609 1939 1684 Fri-

388 1733 495 1824 bnrg,
534 1734 573 1804 ut
609 1731 649 1804 de
685 1730 746 1804 illo
782 1730 980 1806 Wenceelao
1016 1729 1101 1806 Duci
1142 1732 1290 1822 cederet,
1329 1731 1547 1825 perductum,
1577 1731 1800 1823 renitentem,
1829 1730 1941 1824 capite

390 1850 576 1926 truncavit.

812 2217 961 2290 titbuaai
988 2218 1230 2300 sranbiemsm
1257 2235 1346 2290 oraru
1374 2217 1525 2309 spoliant.

493 2457 739 2534 Litbuauorum
766 2459 845 2532 Dux
871 2462 906 2533 st
932 2459 1101 2534 exercitus
1128 2459 1163 2532 im
1191 2481 1327 2535 numero
1359 2461 1433 2534 octo
1466 2457 1613 2533 millium
1634 2457 1807 2532 hominum
1825 2456 1937 2532 Scam-

387 2579 534 2655 biensem
555 2580 578 2673 ¹)
605 2579 776 2674 regionem
804 2579 988 2673 ingressus
1017 2579 1185 2670 caedibus,
1215 2580 1360 2654 flammis
1387 2581 1422 2654 et
1439 2579 1558 2675 spoliis
1576 2601 1650 2656 eam
1668 2578 1829 2656 vastant.
1856 2579 1934 2653 [tru-

365 2700 502 2776 'ciferis
528 2703 641 2778 autem
668 2701 845 2776 deseruere
860 2699 889 2794 ²)
915 2722 991 2775 cum
1018 2701 1167 2775 hostium
1196 2701 1415 2776 multitudine
1442 2725 1508 2776 non
1535 2701 1749 2794 audentibus,
1770 2700 1935 2776 exercitus

386 2822 610 2898 Lithuaaicus
637 2822 754 2918 spoliis
780 2823 922 2896 onustus
949 2823 985 2896 iu
1012 2821 1149 2917 propria
1175 2823 1286 2914 rediit,
1315 2823 1564 2918 quinquaginta
1590 2825 1704 2898 nmen
1731 2823 1773 2898 de
1791 2822 1862 2898 suis
1879 2822 1934 2897 de·

388 2942 558 3036 sideratis,
586 2943 644 3034 qui
673 2965 732 3037 per
758 2942 945 3018 cruciferos
971 2943 1107 3019 inerant
1134 2943 1323 3038 intercepti.

388 3308 575 3382 Pleuramis
602 3313 637 3382 ct
663 3308 863 3382 (ticinensis
890 3308 1042 3401 epiceopi,
1068 3311 1123 3402 qui
1151 3308 1335 3382 domibus
1363 3327 1494 3382 nomn
1520 3309 1766 3400 episcopatuum
1794 3309 1936 3402 fraqam·

570 3435 622 3504 ter
648 3431 888 3520 concertabant,
916 3449 971 3522 pm
998 3431 1300 3504 wladislaviensem
1327 3432 1513 3524 episcopam
1540 3431 1760 3523 pacificantur.

492 3670 661 3746 Diuturna
686 3672 909 3764 concertatio,
938 3693 1023 3766 quae
1050 3672 1139 3748 inter
1166 3673 1380 3748 Ploczousem
1407 3674 1442 3747 ot
1468 3668 1699 3748 Ghalmensem
1724 3671 1938 3766 episcopatus

389 3795 424 3866 et
449 3813 562 3866 eorum
598 3791 774 3886 pontificos
800 3814 900 3887 super
927 3792 1051 3878 finibus
1078 3793 1245 3868 dicessum
1282 3795 1464 3888 agebatur,
1494 3815 1552 3888 par
1588 3793 1734 3868 medium
1768 3790 1938 3884 Wislai')

389 3911 681 3988 Wladislariemsis
707 3913 853 4008 episcopi
882 3916 917 3987 et
944 3913 1076 3988 Fratris
1103 3914 1292 3989 Meinkonis
1320 3915 1360 3988 do
1386 3913 1639 4010 Querdinrrorth
1658 3913 1816 4007 Magistri
1834 3914 1936 3986 Prus-

389 4034 459 4108 siae
485 4034 665 4128 generalis,
695 4035 818 4109 Octavo
846 4035 926 4108 Idus
953 4035 1148 4109 Decembris
1175 4036 1362 4129 intercepta
1390 4038 1425 4108 et
1451 4035 1605 4111 extincta
1631 4037 1692 4110 est
1719 4035 1865 4109 Thomas
1891 4033 1938 4106 si·

388 4155 522 4247 quidem
549 4157 632 4230 tuno
659 4155 848 4230 Ploonensis
874 4156 1049 4250 episcopus
1076 4179 1119 4230 ex
1146 4157 1316 4232 sententia
1342 4156 1588 4251 praedictorum
1615 4155 1830 4248 arbitrorum,
1849 4153 1939 4249 parti

390 4275 531 4350 diocesis
558 4297 648 4367 suae,
678 4276 1009 4370 possessionibusque
1037 4281 1072 4352 et
1099 4278 1256 4368 decimis,
1285 4299 1385 4371 quam
1413 4279 1448 4352 et
1476 4298 1559 4369 quas
1587 4277 1622 4351 in
1650 4279 1741 4352 terra
1767 4275 1941 4351 obtinebat

391 4397 561 4471 Oulnrensi
577 4397 615 4490 ⁴),
645 4398 776 4489 cedens,
804 4421 825 4472 a
851 4398 1013 4474 Wemero
1039 4399 1210 4473 dulmensi
1239 4399 1394 4493 episcopo
1431 4421 1490 4493 pro
1527 4397 1798 4493 compensatione
1825 4397 1861 4473 et
1887 4396 1937 4472 ri·

389 4516 587 4591 cissitudine
609 4517 724 4593 villam
754 4520 945 4594 Orsaechou
972 4542 1047 4594 cum
1073 4521 1238 4596 mensuris
1273 4520 1519 4614 episcopalibus
1554 4522 1588 4594 et
1625 4520 1697 4595 inre
1724 4519 1934 4613 patronatus,

391 4639 474 4712 item
500 4637 662 4712 tricentos
690 4661 823 4714 mansos
859 4641 1014 4716 interra
1048 4641 1227 4716 Lnbauiae
1261 4664 1341 4716 suae
1376 4641 1499 4716 diocesi
1536 4641 1711 4717 Pioczensi
1748 4639 1937 4735 contiguae,

389 4760 536 4834 noudum
563 4761 645 4835 turno
671 4761 782 4835 cultos
808 4761 949 4856 recipit,
978 4785 1021 4836 ox
1048 4762 1171 4854 quibus
1197 4762 1359 4857 temporis
1386 4784 1542 4857 processu
1568 4763 1674 4837 villae
1701 4763 1833 4838 locatae
1859 4761 1940 4835 sunt

390 4880 599 4956 Plocncensis
625 4883 784 4958 ecclesiae
811 4883 995 4958 servientes
1022 4883 1141 4958 ditioni
1158 4885 1197 4978 ⁵).
1322 4965 1324 4970 ,

502 5174 526 5253 ¹)
550 5177 749 5238 Sambienscm
772 5177 830 5238 Ed.
853 5177 939 5252 Line.
973 5174 999 5254 ⁹)
1023 5178 1177 5237 decertare
1207 5177 1265 5238 md.
1288 5177 1374 5255 Lips.
1407 5174 1579 5258 ¹)Volmiri
1601 5177 1662 5240 Ed.
1685 5177 1772 5253 aem.
1803 5173 1831 5254 ⁴)
1854 5175 1937 5237 Obel-

389 5283 482 5341 mensi
503 5281 563 5342 Ed.
584 5281 672 5357 Lips.
698 5279 724 5359 ⁵)
747 5283 808 5342 Rce
829 5283 901 5342 bueo
922 5283 957 5340 ic
982 5280 1074 5341 Oodd.
1097 5283 1189 5341 Roer.
1214 5278 1278 5344 Lis.
1303 5288 1329 5343 at
1351 5284 1410 5344 Eo.
1432 5281 1519 5358 Line.
1531 5284 1572 5342 ad
1584 5299 1702 5344 onnam
1717 5285 1802 5342 1269
1817 5297 1936 5342 erronee

390 5390 432 5446 est
458 5386 605 5462 apposita.
