4172 6278
141 563 203 664 (Α.
224 565 273 645 Β.
293 565 412 664 1203.)
768 589 880 641 urana
907 587 1060 642 sexsus.
1620 569 1692 642 169

184 899 343 974 iurabo
370 899 562 974 nonasterii
587 899 851 973 irrelnioreneie
877 919 933 991 per
959 899 1125 972 llenrieurn
1152 899 1268 972 lieren
1290 897 1590 973 wratislaviensem
1619 903 1653 974 et

732 1020 899 1112 leonum
925 1022 1104 1094 larissam.

247 1261 416 1337 Henrieos
442 1263 521 1336 Dux
545 1262 838 1338 Wratislnriensis
856 1265 891 1336 et
909 1262 1049 1354 Slasiae,
1078 1262 1313 1354 frequentibus
1340 1283 1419 1337 suae
1447 1263 1610 1337 eonsortis
1627 1263 1697 1338 Du-

141 1383 248 1458 eisaee
274 1383 452 1479 Hadrigis,
480 1383 627 1460 feminae
654 1384 888 1460 deuotissimae
910 1387 945 1459 et
962 1384 1151 1478 religiosae,
1178 1385 1341 1478 praeiere,
1371 1385 1531 1476 consiliis,
1561 1407 1698 1480 persua-

140 1505 295 1580 sionibus
322 1507 515 1600 permotus,
544 1506 580 1580 in
606 1507 739 1581 Duealn
766 1529 826 1582 suo
852 1509 888 1581 et
914 1507 997 1597 looo,
1034 1506 1093 1598 qui
1128 1529 1218 1580 unna
1253 1507 1447 1600 appellatur
1474 1506 1635 1582 'Prabnioz
1661 1507 1695 1602 ¹),

140 1627 254 1702 tribus
282 1627 486 1703 milliaribus
512 1627 829 1705 aWrutislauiensi
858 1629 996 1702 ciuitate
1022 1628 1183 1718 distenta,
1212 1627 1333 1702 fundat
1356 1629 1594 1702 monasterium
1623 1651 1700 1702 san-

141 1748 394 1824 oiirnouialium
422 1749 550 1824 ordinis
577 1750 818 1842 Gistaroiausis,
856 1753 918 1824 sub
945 1751 1070 1824 honore
1096 1753 1131 1824 el
1158 1751 1261 1824 titulo
1297 1749 1413 1824 Sancti
1449 1749 1700 1825 Bartholomaai

141 1867 314 1964 Apostoli.
355 1873 421 1944 Pro
447 1870 524 1946 dote
551 1873 665 1946 entem
691 1871 887 1946 monasterii
915 1871 1074 1966 oppidum
1102 1871 1375 1963 l'ruebuiezense,
1404 1870 1486 1946 item
1514 1871 1615 1946 uillas
1641 1871 1700 1946 Li·

142 1992 312 2087 pirissam,
341 1993 567 2085 (lomesoham,
606 1995 782 2090 Breytuou
798 1993 837 2088 ¹),
875 1993 1103 2068 Kolhloeione
1118 1991 1158 2088 ³),
1196 1993 1453 2068 Tuozmuudorff
1481 1996 1516 2068 at
1542 1993 1700 2088 Hartlip·

142 2114 239 2206 dorff,
270 2114 413 2190 Sudilno
429 2115 467 2210 4),
505 2116 655 2190 Iauorak
671 2114 710 2210 ὅ),
748 2114 988 2207 Stranlauail
1025 2117 1060 2190 ai
1087 2115 1300 2189 Konotrnione
1315 2115 1355 2209 ¹),
1392 2115 1428 2188 el
1460 2098 1575 2209 plures
1611 2115 1726 2221 alins·

143 2235 262 2328 uillas,
292 2257 410 2311 eonsus
437 2237 472 2310 et
499 2236 671 2326 introitus,
710 2237 768 2328 qui
796 2261 856 2332 pro
885 2237 980 2310 rnille
1007 2237 1158 2331 personis
1184 2237 1389 2328 sufficerent,
1419 2237 1597 2312 donatione
1625 2259 1699 2331 per·

142 2359 250 2452 petua
277 2359 425 2433 eontulit
450 2360 485 2434 at
512 2359 669 2450 donarit,
709 2358 850 2434 Duoisse
876 2361 977 2433 baala
1004 2359 1151 2453 Heduigi
1179 2359 1355 2433 abdioania
1382 2379 1418 2434 se
1445 2357 1510 2432 iuri
1537 2357 1700 2449 dotaliaii,

143 2479 232 2571 quod
262 2477 300 2552 in
329 2478 423 2554 bouis
449 2481 653 2563 monastario
680 2480 817 2574 largitis
843 2480 990 2555 habebat
1017 2481 1229 2574 inscriptum.
1271 2478 1302 2554 Α
1329 2479 1558 2554 fundamentis
1585 2482 1699 2554 autern

142 2601 216 2675 iem
244 2600 423 2677 eeclesiam
449 2601 541 2676 boati
568 2603 838 2694 Bartholomaei,
877 2623 982 2694 quam·
1011 2602 1250 2677 monasterium
1277 2604 1312 2676 ot
1339 2601 1411 2677 eius
1447 2601 1599 2676 offioines
1635 2601 1701 2676 ini-

142 2721 249 2814 tiens,
281 2744 375 2798 muro
401 2723 627 2818 puloherrirno
646 2725 681 2799 el
699 2727 896 2818 sumptuoso
924 2725 1014 2799 inira
1040 2747 1145 2799 annos
1167 2722 1357 2815 quindecim
1385 2724 1639 2814 consummarit,
1667 2721 1702 2798 et

144 2865 235 2920 enno
262 2844 447 2918 Millesimo
474 2846 703 2920 dueentesimo
729 2847 856 2921 deoimo
892 2870 977 2920 nono
1013 2846 1172 2922 eeclesiae
1201 2845 1306 2941 ipsius
1343 2845 1485 2940 periaeit
1520 2845 1701 2920 dedicatio-

144 2988 234 3040 nem.
265 2966 481 3060 (lampertum
508 2969 622 3042 aulem
648 2969 702 3042 esi
728 2969 818 3042 faeie
846 2969 987 3060 oaloulo,
1017 2971 1173 3063 sumptus
1198 2967 1357 3042 eeclesiae
1383 2969 1419 3041 ai
1446 2966 1640 3042 monasterii
1660 2967 1703 3041 od

144 3087 297 3182 triginta
324 3088 435 3162 millia
460 3111 646 3163 marearum
673 3091 918 3164 Polonioalium
945 3090 1146 3165 ascendisse.
1185 3090 1254 3163 Sub
1281 3088 1435 3164 omnibus
1461 3091 1575 3164 auiam
1602 3089 1701 3182 qnin-

145 3209 255 3285 elaoim
285 3209 393 3300 annis,
423 3210 546 3301 quibus
583 3233 668 3306 opus
704 3213 912 3307 praediolum
944 3211 1191 3307 perficiebatur,
1224 3211 1367 3286 Durisaa
1403 3212 1503 3285 beate
1537 3209 1705 3304 Hadrigis

145 3332 283 3405 nullum
311 3331 501 3407 maleficum
538 3337 797 3426 quantocunque
824 3336 948 3410 seelera
975 3333 1201 3427 inquinatum,
1236 3333 1393 3428 siueper
1419 3332 1604 3408 Henrieum
1631 3333 1702 3406 Dn-

145 3475 229 3545 oam,
261 3453 335 3529 siue
361 3454 434 3528 aius
461 3454 623 3530 offioielas
649 3458 684 3531 et
710 3455 837 3530 iudiees
863 3457 905 3530 ad
932 3455 1055 3551 eapitis
1081 3457 1279 3530 damnatum
1306 3454 1510 3530 senientiam
1525 3455 1552 3549 8)
1580 3455 1703 3549 permi-

145 3574 193 3649 sit
219 3573 345 3666 notari,
382 3577 440 3650 seri
476 3577 661 3670 quemlibet
696 3579 890 3652 monasterii
928 3577 1123 3672 applicabat
1158 3577 1412 3652 Trnebnioansis
1447 3577 1629 3667 laboribus,
1665 3579 1705 3650 ut

147 3697 335 3773 seeundum
363 3699 482 3793 eulpae
509 3699 709 3774 demeritum
736 3700 860 3774 duriori
888 3701 942 3774 uel
969 3699 1114 3774 feniliori
1142 3699 1265 3790 labore,
1295 3698 1454 3772 diuturno
1481 3699 1534 3772 uel
1561 3697 1703 3772 breviori

146 3821 302 3915 tempora
331 3822 504 3914 patratum
531 3819 663 3895 faoinus
690 3821 854 3918 expiaret.
901 3823 955 3894 Ex
982 3821 1185 3896 monastario
1221 3822 1333 3895 antem
1365 3819 1606 3913 Bambergensi
1635 3843 1703 3894 rno-

148 3940 261 4014 niales
289 3941 332 4015 ed
357 3942 607 4037 suseipieudum
644 3944 753 4017 loourn
781 3943 878 4017 illurn
908 3967 1030 4018 norum
1066 3943 1204 4033 aoeiiae,
1242 3941 1387 4036 primurn
1416 3942 1606 4034 praefatum
1634 3963 1704 4015 mo·

148 4063 338 4139 nestorium
366 4064 512 4138 incolere
540 4067 738 4159 coeperunt,
776 4066 951 4160 primaque
989 4065 1053 4140 loei
1091 4065 1186 4138 illius
1213 4063 1386 4138 abbatissa
1419 4063 1486 4136 fuit
1520 4063 1616 4157 uirgo
1642 4065 1704 4138 Pe·

148 4187 267 4260 trussa
292 4185 458 4277 Almana,
488 4187 632 4261 seeundo
659 4187 838 4266 bertrudis.
864 4187 1003 4261 Haurioi
1030 4187 1134 4260 Duois
1162 4189 1197 4260 et
1224 4188 1340 4260 beatae
1368 4185 1533 4279 Heduigis
1558 4183 1641 4275 filia,
1670 4187 1705 4259 et

149 4309 221 4382 lam
251 4307 288 4380 in
316 4307 489 4402 primitiis,
524 4331 625 4400 quarn
654 4311 740 4403 post,
779 4312 914 4383 eentum
952 4309 1115 4383 moniales
1147 4308 1182 4381 in
1210 4307 1413 4382 monasterio
1449 4307 1521 4401 ipso
1555 4329 1614 4401 pro
1642 4327 1707 4380 uno

148 4431 313 4525 tompore,
343 4429 420 4504 dote
448 4430 642 4504 monasterii
670 4431 872 4520 abundante,
902 4429 1073 4505 immorari
1100 4431 1135 4504 et
1162 4431 1283 4524 degere
1310 4431 1562 4504 consueuerant.
1600 4428 1705 4503 Idoir-
1779 4469 1781 4472 ·

150 4573 188 4626 oo
216 4551 331 4626 auiam
361 4551 454 4626 loeus
481 4552 654 4645 praefatus
681 4575 740 4647 pro
768 4554 938 4626 fundando
966 4551 1168 4627 monasterio
1196 4551 1366 4646 proedicto
1394 4553 1552 4646 aooaplua
1570 4551 1633 4641 asi,
1663 4550 1705 4623 li-

150 4675 205 4748 eal
231 4694 270 4748 se
296 4672 358 4746 alii
384 4672 505 4747 maiori
533 4673 768 4748 commoditate
795 4673 974 4769 subnixi⁹)
1002 4675 1169 4766 offerrent,
1199 4674 1286 4766 quod
1304 4671 1472 4748 Henrious
1499 4673 1578 4746 Dux
1604 4695 1705 4747 uena·

151 4793 304 4872 lienibus
330 4816 465 4890 oporam
492 4795 588 4888 dens,
627 4795 661 4870 in
689 4819 766 4872 eum
793 4796 905 4891 ipsum
933 4797 1041 4871 loonm
1068 4798 1150 4870 inno
1182 4795 1317 4889 quidam
1354 4794 1602 4889 paludinosum,
1631 4815 1706 4868 oum

151 4938 237 5007 aquo
267 4915 429 5008 insidens,
458 4940 525 4991 non
552 4939 588 4992 se
615 4918 715 4993 aliter
742 4918 928 5012 perieulum
956 4917 1136 4992 imminens
1159 4917 1363 4992 evitaturum
1382 4916 1604 5008 existimaret,
1633 4937 1706 4988 oum

151 5037 249 5133 lapso
278 5039 313 5112 at
339 5037 462 5114 limosa
488 5039 643 5134 rongaria
670 5038 821 5114 inuoluto
841 5038 883 5134 1η)
910 5041 945 5115 ot
965 5040 1008 5135 ΙΙ)
1034 5038 1193 5134 amplius,
1224 5038 1290 5112 nisi
1323 5038 1514 5112 invocasset
1540 5037 1707 5112 auxilium

264 5227 288 5308 ¹)
311 5231 474 5292 'lbuebniea
496 5232 556 5293 Eri.
579 5231 673 5292 Βοῦν.
706 5228 890 5308 ¹)Breinow
913 5226 975 5293 ab.
998 5231 1091 5292 Βοῦν.
1122 5228 1150 5308 ³)
1173 5229 1370 5292 (lotthorrioze
1396 5229 1467 5291 Ood.
1494 5228 1575 5290 Gelo.
1612 5225 1638 5307 ⁴)
1655 5228 1708 5288 Su·

154 5334 235 5396 (ilino
266 5335 327 5395 Ed.
349 5335 444 5396 Βοῦν.
484 5331 513 5414 ⁵)
535 5336 629 5397 Iarror
658 5335 718 5395 Ed.
748 5335 841 5397 Βοῦν.
884 5332 911 5413 ⁶)
935 5335 1113 5396 Slrrenlrowa
1142 5334 1202 5394 Eoi.
1232 5335 1326 5396 Βοῦν.
1366 5331 1613 5411 ⁷)Kozothnioue
1639 5332 1710 5395 θοοῦ.

154 5440 249 5502 aare.
271 5439 433 5500 Rorotmee
448 5437 508 5500 Ed.
532 5440 627 5500 Βοῦν.
659 5436 688 5516 ⁸)
712 5441 818 5514 cepitis
833 5439 963 5500 damnati
979 5439 1125 5501 sententia
1140 5439 1200 5499 Bai.
1213 5438 1308 5498 Βοῦν.
1341 5433 1369 5515 ¹)
1392 5436 1526 5498 subnoxii
1541 5436 1600 5499 Eo.
1617 5437 1710 5500 Βοῦν.

159 5541 200 5622 ¹⁰)
222 5545 371 5605 involutus
394 5543 455 5606 Ed.
477 5543 572 5606 Βοῦν.
614 5540 654 5622 ¹¹)
678 5549 712 5605 ut
735 5543 794 5606 Eoi.
819 5543 912 5606 Βοῦν.

206 5679 230 5726 J.
243 5679 337 5735 Dinaea.
350 5679 436 5725 fflrlor.
451 5681 528 5726 Polou.
544 5679 615 5752 '12113
1522 5666 1555 5714 22
