4162 6288
130 552 186 646 (Α.
206 552 253 626 D.
273 551 390 645 1256.)
736 573 847 625 amun
873 572 1067 626 snrrnrus.
1594 551 1667 625 357

129 761 264 834 uincula
289 758 484 835 coniiciunl.
513 761 554 834 Id
580 760 689 834 scelus
715 759 928 850 horrendum,
956 759 1035 832 dum
1062 781 1158 834 nemo
1187 759 1392 834 inueniretur
1418 758 1477 851 qui
1504 757 1671 832 rescinde-

128 883 179 956 ret
206 883 301 973 (Dux
326 881 417 956 enim
443 880 735 956 Wratisleuiensis
761 879 937 968 Hadriane,
967 879 1037 954 sive
1065 883 1283 954 mansuetudo
1310 879 1380 956 sive
1407 879 1673 974 pusillanimitas

128 1003 161 1076 id
187 1002 344 1092 faciebat,
383 1025 460 1076 nam
488 1004 523 1077 ot
549 1025 571 1076 a
597 1001 770 1075 nonnullis
797 1003 837 1077 de
864 1023 1027 1076 consensu
1062 1003 1104 1076 ad
1131 1001 1329 1095 capiendum
1365 1001 1557 1095 episcopum
1593 1001 1671 1074 dato

129 1123 343 1197 insimulatus
369 1124 432 1214 est,
469 1147 490 1198 a
521 1123 678 1218 (lapitolo
705 1122 992 1212 wratislaviensi,
1030 1125 1197 1214 quatenus
1233 1124 1273 1197 do
1309 1123 1481 1196 liberando
1517 1121 1671 1216 episcopo

130 1247 268 1320 navaret
295 1266 441 1338 operam,
469 1247 620 1339 rogatus,
649 1265 719 1318 rem
746 1243 883 1317 silentio
911 1245 946 1318 ot
969 1243 1236 1318 dissimulatione
1254 1244 1424 1337 absoluit),
1441 1244 1545 1317 l'ulco
1563 1241 1670 1317 Gnes-

128 1363 241 1439 nensis
268 1365 549 1459 archiepiscopus,
584 1364 846 1458 provincialibus
873 1365 1032 1439 Poloniae
1060 1364 1226 1458 episeopis
1253 1365 1296 1438 ad
1322 1364 1492 1458 Synodum
1520 1363 1555 1436 in
1582 1363 1672 1436 Ian·

129 1486 210 1560 cicia
238 1485 401 1560 indictam
429 1485 602 1560 celerrime
629 1485 764 1576 coactis,
794 1489 930 1579 sumpta
948 1485 1199 1574 deliberatione,
1228 1488 1263 1560 ot
1289 1484 1520 1560 Alexandrum
1547 1486 1673 1578 Papam

128 1608 167 1682 de
192 1606 342 1682 facinore
369 1607 404 1680 in
431 1607 593 1680 'thomam
612 1607 816 1700 episcopum,
845 1607 1083 1700 Boguphalum
1108 1605 1335 1700 praepositum
1363 1609 1397 1678 et
1430 1605 1637 1679 Hoocardum
1649 1604 1673 1698 ¹)

129 1729 324 1802 canonicum
352 1727 658 1815 WratislarienseS‚
698 1750 756 1821 per
783 1728 977 1802 Bolesleum
1013 1727 1274 1821 Legnicuensem
1301 1728 1426 1802 Ducem
1459 1728 1602 1820 patrato,
1630 1725 1673 1798 li-

128 1849 209 1924 teris
236 1849 344 1922 totius
370 1849 529 1924 ecelesiae
564 1849 742 1923 Polonicae
768 1851 803 1923 et
829 1848 932 1923 ueloci
960 1849 1079 1922 nuntio
1107 1849 1227 1938 avisat,
1256 1848 1397 1940 etquid
1424 1845 1675 1942 apostolieae

129 1970 295 2065 agendum
323 1973 468 2060 censeat,
505 1971 686 2060 consultat,
716 1973 750 2044 ot
778 1969 998 2044 nihilomiuus
1034 1973 1150 2044 contra
1185 1970 1379 2044 Bolesleum
1414 1968 1673 2063 Legniczensem

130 2093 254 2166 Dircam
290 2093 325 2166 et
359 2091 412 2166 sui
448 2091 583 2166 sceleris
621 2091 809 2185 complices,
846 2113 1004 2166 censuras
1039 2091 1211 2186 graviores
1247 2091 1451 2184 promulgat,
1490 2089 1673 2166 Wratisla·

130 2212 343 2305 rionsemqoo
368 2212 526 2287 diocesim
554 2213 778 2288 ecclesiastico
806 2213 968 2306 supponit
994 2213 1185 2288 intordicto.
1230 2213 1272 2286 In
1300 2212 1454 2286 omnibus
1481 2211 1595 2304 itaque
1621 2233 1674 2286 eo·

130 2333 243 2408 closiis
271 2333 461 2428 prouinciae
487 2334 705 2422 Gnesnensis,
745 2334 835 2407 inlra
862 2334 1042 2407 missarum
1069 2333 1221 2408 solennia
1248 2332 1477 2408 communione
1502 2332 1612 2422 linito,
1640 2334 1675 2406 et

132 2454 303 2549 psalmus:
342 2456 457 2529 Deus
492 2455 669 2528 laudem
706 2477 840 2528 inicam
877 2478 928 2529 ne
963 2454 1185 2545 tacueris,
1224 2454 1473 2548 procidentibus
1509 2453 1675 2526 ministris

132 2575 190 2650 Dei
219 2575 254 2648 in
285 2577 422 2665 terram,
451 2578 486 2649 et
513 2555 638 2649 oratio:
674 2575 852 2649 Exaudi
888 2597 1159 2668 quaesumus
1190 2575 1393 2668 Domine,
1430 2574 1675 2650 ecclesiam

132 2719 213 2770 non
239 2696 383 2770 solum
418 2698 702 2791 Paganorom
737 2695 1122 2790 percussionibus
1157 2696 1392 2786 attritam,
1429 2696 1504 2771 sed
1539 2695 1676 2770 etiam

132 2816 504 2891 christianorum
532 2817 853 2911 pravitatibus
887 2797 1145 2908 afflictam,
1183 2840 1289 2910 usque
1316 2819 1357 2891 ad
1384 2817 1497 2907 finem,
1523 2817 1675 2891 sonanti·

133 2941 191 3011 bus
218 2937 252 3010 in
284 2960 384 3011 unam
420 2941 550 3031 partam
586 2938 769 3033 campanie,
807 2941 1005 3032 ageba-ntur,
1043 2942 1078 3014 ot
1103 2941 1182 3013 Dux
1215 2940 1392 3014 Boleslaus
1426 2937 1675 3032 Legnioaensis,

132 3058 274 3133 recitata
301 3079 363 3132 sua
389 3058 599 3148 crudelitato,
628 3059 892 3134 denuntiabatur
918 3061 1234 3135 anathematismus.
1264 3060 1329 3135 Sed
1355 3061 1391 3134 et
1417 3061 1510 3153 Papa
1527 3058 1677 3134 Alexan-

132 3181 198 3270 der,
227 3178 341 3254 literis
368 3179 598 3274 episcoporum
633 3179 791 3255 Poloniae
824 3183 859 3255 et
885 3181 996 3255 nuntii
1034 3182 1197 3256 relatione
1233 3181 1269 3255 in
1302 3182 1533 3256 vehementem
1560 3182 1676 3254 turba·

133 3301 256 3376 tionem
286 3323 387 3395 super
413 3301 574 3391 novitate,
603 3323 688 3394 quae
715 3301 893 3392 acciderat,
931 3305 1052 3392 inetur,
1091 3301 1278 3377 Gnesncusi
1309 3300 1570 3395 archiepiscopo,
1599 3302 1677 3375 (lra-

133 3421 279 3496 coriensi
305 3425 341 3496 et
367 3421 642 3496 Wladislariensi
670 3422 834 3516 episcopis
869 3423 962 3497 dedit
988 3423 1023 3496 in
1052 3423 1231 3513 mandatis,
1268 3424 1307 3496 ut
1333 3423 1526 3498 Bolesleum
1552 3422 1678 3517 legni-

133 3565 285 3618 onensem
321 3545 446 3617 Ducem
479 3542 518 3617 dc
545 3544 728 3617 relaxando
755 3525 884 3618 Thema
910 3544 1064 3638 episcopo
1091 3543 1363 3620 Wratislaviensi
1389 3543 1572 3618 autoritate
1599 3567 1678 3638 apo·

134 3666 252 3740 stolica
279 3664 500 3755 requirerent,
528 3667 564 3739 et
589 3666 803 3755 abnuentem,
833 3687 1009 3760 personam
1036 3689 1130 3740 suam
1158 3670 1194 3740 et
1220 3664 1272 3739 sui
1300 3664 1459 3740 facinoris
1480 3664 1679 3758 complicum

134 3786 294 3876 censuris,
324 3790 447 3860 terram
475 3808 552 3860 vero
579 3809 673 3859 suam
702 3786 872 3861 interdicti
901 3787 1099 3877 sententiis,
1127 3787 1358 3881 percellerent.
1398 3786 1463 3878 Qui
1490 3785 1612 3877 omnia,
1641 3789 1680 3860 ut

135 3907 346 3998 iubebantur,
375 3909 456 3981 sunt
482 3907 626 3982 executi.

402 4356 548 4427 linteoli
576 4357 727 4447 episcopo
756 4355 1016 4428 wladislavienrl
1045 4355 1194 4427 succedit
1220 4355 1413 4428 werinum.

235 4631 364 4704 Oetaea
391 4630 515 4704 mensis
541 4630 690 4725 Augusti
717 4632 861 4708 Michael
885 4632 1060 4726 episeopus
1076 4630 1384 4722 Wladislaviensie,
1413 4631 1511 4706 annis
1537 4632 1680 4724 quadra·

136 4751 233 4843 ginta
262 4750 298 4823 in
326 4750 525 4844 pontificatu
558 4753 707 4843 exortia,
745 4757 919 4827 senectute
953 4755 1041 4827 bona
1076 4754 1208 4847 plenus,
1246 4753 1387 4826 moritur
1419 4756 1454 4826 et
1481 4753 1516 4825 in
1543 4753 1683 4828 ecclesia

137 4871 238 4946 reteri
267 4871 544 4946 Wladislauiensi
572 4873 748 4966 sepelitur.
777 4875 817 4946 In
845 4874 939 4946 corius
966 4875 1074 4947 locum
1101 4872 1341 4967 Wolimirosb
1369 4873 1578 4967 praepositus
1600 4875 1681 4947 Oru-

135 4991 354 5082 snuicaensm,
383 4991 562 5066 canonicus
591 4993 892 5084 Wladislovionsis,
921 4996 1052 5068 Ducum
1078 4993 1238 5068 Semoviti
1266 4995 1300 5067 et
1322 4992 1486 5066 Keaimiri
1514 4994 1682 5069 llasoriae

137 5111 368 5204 cancellarios,
397 5135 456 5207 per
484 5113 681 5188 electionem
710 5115 901 5190 canonicam
929 5117 1088 5188 suffectus
1110 5117 1163 5188 est
1190 5117 1225 5188 et
1243 5136 1302 5208 per
1319 5112 1550 5188 Alexandrum
1581 5136 1680 5207 quar-

244 5387 270 5467 ¹)
301 5390 468 5451 Gebardum
501 5387 572 5452 Ood.
603 5389 677 5452 Act.
717 5387 743 5470 π)
772 5392 945 5470 Apostolioa
975 5391 1067 5456 Sedes
1101 5389 1172 5461 (lod.
1202 5392 1294 5459 Roar.
1333 5387 1361 5474 ³)
1391 5389 1581 5453 wladimirus
1611 5387 1682 5455 cod.

138 5492 227 5554 Rorr.
