4162 6288
400 511 477 584 424
1005 530 1117 584 anans
1144 529 1337 584 susumus.
1669 506 1737 609 (Α.
1758 507 1804 586 D.
1825 503 1950 606 1272.)
2050 587 2052 592 ,

400 721 540 814 longum
568 716 634 792 diei
662 717 845 810 protracta,
883 737 958 790 cum
990 716 1025 791 in
1053 717 1241 792 sauciorum
1268 719 1304 791 ot
1330 717 1594 792 desideraturum
1629 717 1736 792 locum
1773 717 1952 792 Boleslaus

401 841 482 914 Pius
508 840 597 930 Dux,
626 839 763 932 singula
790 838 896 912 oculis
922 840 958 912 et
984 838 1165 932 diligentia
1190 839 1353 928 lustrans,
1383 860 1484 912 noros
1502 841 1536 912 et
1554 841 1704 914 recentes
1731 839 1859 914 milites
1877 861 1950 914 suc-

400 962 516 1036 cedere
543 960 683 1050 iuberet,
712 959 874 1048 Saxones
907 959 987 1033 telis
1015 959 1174 1052 saxisque
1200 958 1446 1050 deficientibus,
1484 981 1633 1054 pugnam
1661 963 1696 1034 et
1721 960 1950 1036 defensionem

398 1081 592 1157 remittunt.
615 1083 757 1175 Propter
783 1081 871 1171 quod
897 1081 1099 1155 Polcmorum
1126 1082 1161 1156 et
1187 1082 1444 1155 Pomeranorum
1474 1081 1611 1172 milites,
1640 1081 1749 1176 spatio
1777 1083 1867 1170 dato,
1897 1104 1949 1157 ca·

400 1205 509 1276 strum
536 1203 571 1276 in
598 1202 681 1276 loeis
708 1201 839 1294 aliquot
866 1201 1041 1295 perforant
1067 1204 1102 1275 et
1129 1201 1377 1296 perstringunt,
1416 1203 1626 1296 clamoreque
1652 1203 1763 1278 valido
1789 1205 1826 1278 et
1852 1225 1950 1294 quern

400 1324 544 1402 victores
571 1324 667 1398 edere
694 1324 816 1412 solent,
845 1323 991 1412 sublato,
1020 1327 1167 1397 castrum
1196 1323 1390 1417 irrumpunt
1417 1325 1451 1398 et
1472 1324 1586 1399 obvios
1612 1345 1761 1417 quosque
1788 1326 1948 1413 Saxones,

399 1448 474 1521 turn
500 1443 671 1540 perfidiae,
707 1447 781 1518 tunr
817 1447 1028 1538 acceptorum
1064 1445 1241 1518 vulnerum
1279 1467 1451 1536 memores,
1493 1445 1564 1518 suis
1599 1447 1700 1523 etiam
1738 1445 1948 1540 parentaturi

400 1567 608 1657 desideratis,
647 1569 807 1640 obterunt
832 1569 868 1641 et
894 1568 1109 1642 obtruncant.
1155 1566 1256 1641 Pauci
1287 1567 1320 1640 in
1347 1567 1470 1642 turrim
1496 1567 1670 1642 editiorem
1697 1569 1854 1658 eradunt,
1891 1567 1949 1658 qui

400 1689 507 1763 vitam
533 1687 766 1762 tantummodo
803 1687 905 1780 pacti,
943 1687 1046 1762 armis
1082 1689 1116 1762 et
1146 1709 1231 1778 quae
1267 1687 1466 1762 obtinebant
1502 1688 1637 1779 deditis,
1674 1689 1890 1782 compedibus
1915 1691 1951 1762 et

400 1809 592 1904 captivitati
622 1809 760 1883 miserae
787 1809 911 1883 addicti
941 1813 1032 1882 sunt.
1062 1810 1179 1882 Poloni
1206 1811 1241 1882 et
1268 1809 1444 1883 Pomerani
1471 1813 1581 1884 castro
1608 1809 1792 1884 fortissimo
1816 1812 1952 1903 praeter

399 1953 503 2025 spem,
533 1930 568 2003 in
596 1929 691 2004 cuius
718 1929 969 2023 expugnatione
990 1929 1013 2022 ¹)
1039 1951 1074 2004 se
1100 1931 1240 2024 longum
1267 1933 1401 2023 tempus
1429 1933 1665 2024 absumpturos
1692 1931 1949 2024 portendebant,

398 2051 491 2126 breui
519 2051 632 2145 potiti,
661 2049 764 2124 etiam
791 2050 910 2148 spoliis
937 2051 1109 2124 Saxonum
1137 2051 1324 2144 potiuntur.
1353 2051 1470 2125 (lustro
1496 2054 1702 2144 expugnato,
1731 2055 1766 2125 et
1788 2053 1949 2146 oppidum

399 2172 486 2266 quod
514 2194 534 2244 a
560 2171 642 2245 solie
669 2171 797 2245 ciuibus
825 2170 898 2246 sine
925 2170 1073 2244 militum
1102 2170 1269 2264 praesidio
1296 2173 1485 2261 tenebatur,
1514 2173 1685 2266 lllscaugio
1712 2173 1796 2246 Duci
1814 2193 1874 2246 suo
1892 2173 1949 2246 de-

399 2293 560 2367 ditionem
588 2293 680 2368 lecit.
708 2293 750 2364 In
777 2293 867 2367 hunc
894 2293 1029 2366 modum
1056 2291 1227 2370 Saxonum
1255 2291 1396 2386 perfidia
1422 2293 1508 2383 ulta,
1536 2295 1571 2366 et
1597 2296 1707 2367 castro
1730 2293 1869 2369 Gdanslr
1888 2315 1949 2368 sno

398 2414 483 2489 Duci
520 2413 691 2508 lllsczugio
727 2413 906 2504 restituto,
944 2412 1159 2502 Oalissiensis
1195 2413 1274 2485 Dux
1309 2413 1486 2487 Boleslaus
1502 2413 1549 2506 ²),
1592 2417 1813 2506 prosequente
1848 2415 1949 2486 illum

398 2535 569 2629 ldscnugio
595 2535 686 2608 Duce
725 2537 760 2608 et
787 2556 823 2608 se
849 2533 886 2606 in
914 2533 986 2607 eius
1022 2533 1099 2624 fide,
1136 2534 1295 2625 obsequio
1321 2537 1357 2608 et
1383 2533 1542 2608 clientela
1569 2537 1732 2628 perpetuo
1768 2557 1836 2609 una
1871 2556 1948 2608 cum

287 2735 290 2738 ,
398 2658 489 2730 terra
516 2655 733 2730 Pomeraniae
761 2675 955 2728 mansurum
983 2653 1252 2748 repromittento,
1291 2654 1327 2728 in
1353 2656 1504 2730 Ducatus
1540 2677 1629 2745 suos,
1666 2655 1817 2731 exercitu
1844 2655 1948 2730 licen-

281 2774 284 2780 ’
398 2776 495 2876 tiato,
525 2776 621 2851 abiit.
667 2777 858 2871 lIsczugius
894 2778 1007 2849 autem
1045 2776 1261 2850 Pomeraniae
1288 2778 1367 2849 Dux
1406 2776 1442 2850 in
1470 2779 1650 2851 nonnullos
1676 2777 1764 2851 circs
1790 2776 1947 2851 Gdanen·

397 2921 450 2972 ses
465 2896 504 2991 ³),
533 2911 567 2972 et
593 2898 771 2996 signanter
798 2899 834 2971 in
861 2897 1047 2971 Arnolduru
1082 2899 1116 2970 et
1149 2898 1317 2987 Iacobum,
1355 2920 1532 2991 eorumque
1560 2901 1730 2992 cognatos,
1760 2899 1884 2973 fratros
1911 2901 1946 2970 et

398 3018 518 3093 aflines
545 3019 706 3094 ultionem
736 3040 907 3109 exercens,
936 3017 1027 3112 ipsos
1053 3017 1165 3112 capite
1191 3017 1374 3108 damnavit,
1412 3021 1564 3112 bonaque
1590 3042 1704 3094 eorum
1731 3019 1869 3114 singula
1894 3041 1947 3091 re·

398 3140 494 3234 degit
520 3141 556 3213 in
584 3139 713 3231 liscum,
742 3140 900 3233 quoniam
928 3139 962 3212 hi
990 3141 1025 3214 et
1052 3139 1087 3213 in
1116 3141 1255 3215 mortem
1283 3161 1379 3214 suam
1405 3143 1441 3214 et
1467 3162 1600 3214 suorum
1629 3143 1791 3215 baronum
1814 3139 1947 3234 conspi-

399 3283 502 3353 rasse,
531 3261 796 3357 propensiusque
823 3261 1008 3335 lllarchioni
1036 3261 1330 3356 Brandeburgensi
1358 3261 1563 3352 adhaesisse,
1592 3265 1627 3336 et
1655 3262 1812 3336 maiorem
1839 3261 1947 3334 hosti·

398 3383 533 3460 litatem
560 3383 645 3460 Duci
672 3383 844 3478 Msczugio
879 3383 1075 3458 ferebantur
1111 3385 1326 3458 monstrasse.
1372 3384 1464 3458 Duas
1500 3386 1612 3458 autem
1641 3385 1755 3474 villas,
1792 3405 1879 3476 quae
1904 3383 1947 3456 ad

398 3506 476 3580 illos
503 3506 738 3600 pertinebant,
777 3505 995 3580 Strobothou
1030 3507 1065 3579 ct
1100 3503 1320 3600 Withomyno
1336 3504 1383 3598 ⁴),
1412 3506 1571 3580 ecclcsiae
1606 3505 1885 3581 Wladislariensi
1913 3507 1948 3578 el

397 3649 457 3702 suo
484 3630 566 3702 tunc
592 3627 745 3721 episcopo
772 3625 923 3718 Alberto,
952 3627 1113 3720 perpetuo
1140 3626 1288 3716 donavit,
1316 3625 1478 3701 beneficia
1504 3627 1618 3702 divina
1635 3625 1881 3721 recognitnrus.

536 3989 720 4082 sullanus
747 3992 928 4080 lluogarlae
955 3992 1024 4063 llex
1051 3991 1204 4064 noritur:
1232 3992 1284 4064 cui
1311 3991 1399 4064 llius
1426 3991 1626 4064 wladislaus
1653 3990 1810 4064 succedit.

500 4229 542 4304 ln
569 4229 687 4304 maiori
715 4229 827 4303 insula
853 4229 1002 4303 Budensi
1029 4229 1065 4303 in
1084 4229 1291 4324 Baginarum
1309 4231 1392 4320 loco,
1421 4229 1615 4323 Stephanus
1642 4231 1841 4324 Hungarire
1858 4231 1945 4320 Rex,

397 4372 577 4445 germanus
605 4349 831 4448 Kunegundis
857 4351 1086 4425 Sraconiensis
1112 4351 1284 4440 Ducissae,
1313 4373 1387 4426 oum
1416 4351 1515 4424 annis
1551 4353 1679 4424 duobus
1713 4353 1948 4427 tantummodo

397 4473 585 4565 regnasset,
614 4472 755 4546 moritur
795 4475 830 4544 et
856 4473 945 4565 apud
973 4470 1095 4544 Albam
1122 4473 1284 4566 Regalen
1321 4472 1496 4565 sepelitur,
1533 4473 1615 4544 duos
1642 4471 1732 4546 lilios
1758 4472 1947 4547 Wladisla-

397 4614 453 4664 um
480 4595 515 4664 et
541 4590 709 4666 Andrean
737 4592 942 4684 relinquens.
971 4591 1031 4666 dui
1059 4593 1236 4666 celebratis
1263 4615 1305 4665 ex
1333 4614 1422 4666 more
1450 4591 1612 4683 exequiis
1640 4592 1853 4668 Wladislaus
1877 4615 1947 4666 ma-

396 4712 447 4787 ior
473 4715 557 4786 natu
584 4712 621 4784 in
647 4713 805 4806 Regnum
843 4713 1014 4803 successit,
1051 4713 1195 4806 septima
1223 4715 1297 4806 post
1325 4714 1454 4786 obitum
1491 4717 1668 4806 paternum
1696 4713 1750 4788 die
1777 4715 1948 4807 praelato-

396 4856 470 4907 rum
498 4835 533 4907 et
560 4836 721 4908 baronum
749 4833 949 4928 Hungariae
985 4834 1098 4908 favore
1125 4835 1168 4906 ad
1208 4833 1339 4927 regium
1367 4834 1500 4907 culinen
1528 4835 1699 4908 suffectus.
1745 4833 1844 4908 Alter
1870 4856 1949 4908 uero

396 4975 577 5048 germanus
604 4975 685 5027 suus
712 4953 866 5049 Andreas
892 4976 966 5028 curn
993 4957 1029 5027 et
1056 4953 1260 5028 minorennis
1287 4955 1386 5043 esset,
1415 4955 1532 5028 ducale
1557 4955 1692 5028 tanturn
1720 4977 1840 5029 nornen
1877 4977 1947 5028 sor-

395 5075 493 5165 titus,
522 5077 584 5148 sub
610 5075 717 5169 Regis
744 5074 871 5158 ditione
898 5075 1085 5149 fovebatur.

503 5351 528 5430 ¹)
552 5355 768 5428 oppugnatione
794 5353 865 5414 Ood.
889 5353 981 5413 Rosa.
1022 5351 1048 5429 α)
1071 5353 1225 5414 Boleslaus
1247 5353 1316 5412 Pius
1350 5352 1421 5413 God.
1445 5355 1537 5413 Roar.
1575 5350 1602 5429 ³)
1629 5354 1707 5412 cives
1738 5351 1867 5412 civitatis
1890 5352 1947 5412 Ge·

395 5455 533 5516 dunensis
559 5456 631 5517 Ood.
654 5459 747 5518 Roas.
786 5453 813 5534 ⁴)
836 5457 1009 5517 Viohomino
1035 5455 1106 5518 coo.
1129 5457 1222 5518 Rorr.
