4140 6298
127 524 184 623 (Α.
204 522 251 603 D.
271 523 387 620 1253.)
732 544 844 597 araca
871 543 1065 597 sarrrmas.
1598 524 1672 598 335

126 758 222 812 ama
249 733 407 831 patratis,
436 733 621 824 sentiendo,
652 731 872 807 constituisti.
901 731 952 806 Ad
982 754 1081 825 qnam
1107 731 1306 827 Ragouldus
1332 730 1522 806 cardinalis
1549 730 1675 826 spiritu

126 860 314 953 resumpto:
343 858 496 954 Ignosce,
534 856 595 948 ait,
635 855 719 929 milri
756 859 791 931 et
818 855 1030 950 ignorantiae
1059 875 1163 946 meae,
1201 855 1342 928 Praesnl
1379 853 1611 944 Sanctissime,
1639 855 1675 928 et

126 980 252 1056 veniam
289 981 466 1075 praestare
501 979 652 1074 digneris
689 1001 760 1054 mco
796 979 912 1069 errori,
950 977 1122 1053 fortiorem
1159 978 1382 1073 promotorem
1410 976 1676 1053 canonisationis

125 1105 211 1195 tuae,
239 1124 342 1195 qnam
370 1101 603 1197 impeditorem
632 1101 832 1196 pertuleras,
862 1099 1053 1175 habiturus.
1099 1099 1159 1173 Oui
1196 1099 1249 1174 vir
1283 1099 1345 1174 Dei
1383 1099 1596 1174 Stanislaus:
1625 1099 1675 1172 Ut

126 1247 186 1315 me,
214 1223 339 1316 inquit,
377 1224 413 1297 iu
441 1225 622 1318 conspectu
650 1222 711 1299 Ilei
739 1225 774 1298 et
801 1223 1012 1313 Sanctorum,
1052 1220 1332 1316 glorificationem
1368 1222 1403 1296 et
1434 1219 1675 1297 sanct'ficatie·

126 1369 210 1437 nom,
238 1344 402 1441 martyrio
420 1345 509 1439 quod
527 1345 645 1440 excepi
666 1345 699 1439 ¹),
730 1345 945 1420 consecutum
968 1365 1040 1419 esse
1059 1365 1221 1439 agnoscas
1236 1343 1275 1438 Ἰ),
1304 1365 1324 1418 a
1351 1344 1493 1438 grabato
1511 1345 1546 1418 ct
1565 1343 1676 1438 aegri·

125 1469 250 1560 tudine,
279 1467 404 1561 quibus
432 1467 607 1559 detineris,
635 1468 752 1542 valens
780 1470 815 1542 ot
841 1465 1019 1541 incolumis
1046 1467 1138 1542 illico
1165 1487 1342 1560 consurge.
1372 1467 1524 1557 dareque
1550 1488 1593 1540 ne
1620 1486 1676 1540 ea·

125 1589 330 1666 nonisationi
357 1611 451 1666 rneae
478 1590 519 1665 de
546 1591 677 1664 caetero
705 1588 903 1679 adverseris,
933 1611 1034 1682 quarn
1062 1613 1129 1663 non
1156 1588 1192 1662 in
1219 1609 1328 1662 meam
1355 1587 1616 1682 amplitudinem
1643 1589 1678 1661 et

126 1711 266 1805 gloriam
302 1712 547 1802 tantummodo,
586 1733 653 1804 qua
680 1733 742 1806 ego
770 1710 837 1784 iam
865 1711 1062 1806 plenissima
1090 1710 1125 1784 in
1152 1709 1295 1786 videndo
1331 1707 1483 1804 Deum³)
1510 1709 1676 1804 perfruor,

125 1834 181 1908 sed
208 1832 244 1906 in
271 1833 422 1908 omniurn
458 1833 609 1908 fidolium
646 1834 792 1909 salutern
820 1835 855 1908 et
883 1833 1090 1928 proiectum,
1129 1832 1244 1907 divina
1271 1831 1420 1908 decrerit
1446 1853 1678 1906 consummare

126 1955 314 2030 clementia.
362 1955 532 2030 Oardinali
567 1956 745 2050 Regnaldo
780 1955 894 2030 ornnia
922 1977 1007 2046 qnae
1034 1955 1237 2030 iubebantur
1268 1955 1485 2050 expleturum
1513 1975 1548 2029 se
1576 1953 1677 2049 polli-

126 2079 229 2170 cente,
259 2077 345 2153 visio
372 2077 552 2173 disparuit.
581 2077 643 2173 Qui
673 2077 845 2153 accersitis
872 2077 978 2154 serris
994 2077 1031 2172 ⁴),
1061 2077 1166 2153 sterni
1195 2077 1259 2151 sibi
1287 2099 1420 2169 equum,
1450 2097 1515 2170 quo
1542 2077 1584 2150 ad
1612 2077 1677 2150 Pa-

127 2197 244 2274 latium
273 2201 396 2295 papale
423 2201 576 2291 vehatur,
606 2201 767 2296 imperat:
796 2199 854 2294 qui
882 2199 946 2275 etsi
974 2200 1071 2273 illum
1101 2199 1246 2294 primum
1273 2199 1416 2274 delirare
1447 2198 1676 2290 credidissent,

128 2345 163 2398 eo
188 2324 304 2398 tamen
345 2323 419 2398 sine
446 2322 600 2398 adiutore
615 2322 643 2417 6)
671 2325 706 2398 et
738 2323 778 2397 de
806 2324 893 2398 lecto
931 2324 1154 2418 consurgente
1191 2323 1226 2397 et
1261 2345 1385 2414 equum
1421 2321 1673 2412 conscendante,

126 2444 158 2518 in
186 2467 346 2540 inagnum
373 2447 408 2520 et
436 2445 502 2540 ipsi
529 2443 687 2536 extasim,
720 2445 760 2520 do
788 2445 902 2519 subita
936 2444 988 2518 sui
1016 2444 1142 2519 domini
1171 2444 1460 2536 convalescentia,
1496 2443 1604 2536 versi,
1634 2444 1677 2550 il·

126 2567 194 2641 lum
219 2567 371 2662 usquaffl
399 2568 522 2662 papale
549 2567 720 2641 Palatium
758 2567 895 2642 iucundi
932 2567 1148 2642 dormitantum
1193 2566 1414 2641 Innocentius
1441 2565 1586 2658 denique
1612 2568 1677 2641 Pa·

126 2713 177 2784 pa,
204 2689 424 2785 Regnaldnm
451 2689 662 2765 ilardinalcm
691 2689 834 2782 venisse,
864 2693 900 2765 et
926 2691 1026 2785 plene
1054 2712 1185 2781 sanum,
1215 2673 1314 2781 quern
1342 2712 1445 2785 prope
1472 2690 1589 2764 horam
1608 2713 1677 2764 mo·

126 2811 267 2886 riturum
297 2815 502 2908 speraverat,
531 2812 743 2908 intelligens,
773 2812 876 2888 etiam
903 2812 1101 2887 adventanti
1117 2811 1146 2906 7)
1173 2811 1328 2903 occurrit,
1357 2815 1392 2886 et
1419 2835 1485 2904 quo
1513 2811 1678 2887 modoad

126 2934 243 3008 bonam
272 2935 501 3010 valetudinem
520 2937 591 3010 tarn
609 2935 721 3010 subito
748 2935 900 3027 redierit,
929 2935 1075 3010 sollicite
1102 2934 1256 3028 inquirit.
1285 2934 1345 3008 Oui
1373 2933 1572 3029 Regnaldus
1598 2933 1678 3008 (lar-

126 3055 269 3132 dinalis:
299 3057 536 3150 Beatissimae,
574 3057 697 3153 inquit,
736 3059 864 3154 urartpr
899 3057 961 3134 Dei
989 3056 1183 3132 Stanislaua
1220 3056 1450 3132 Oracoviensis
1486 3057 1692 3152 episcopus,¹

126 3177 217 3253 cuins
244 3201 309 3274 ogo
336 3178 601 3254 carronisationis
637 3181 727 3276 apud
762 3181 869 3255 Tuam
905 3179 1131 3255 sanctitatem
1168 3180 1218 3253 fui
1251 3179 1441 3275 impeditor,
1471 3180 1536 3255 hac
1563 3181 1679 3255 eadem

126 3299 204 3375 hora
231 3300 422 3375 mihinam
450 3301 607 3377 claritate
634 3303 695 3377 vix
722 3303 860 3378 ferenda
896 3302 1065 3398 apparuit,
1094 3302 1129 3378 et
1157 3302 1368 3397 ignorantiae
1403 3323 1497 3377 meae
1532 3301 1680 3378 facinore

126 3421 268 3518 benigne
296 3426 460 3520 correpto,
488 3424 591 3501 etiam
619 3425 766 3499 mihtin
794 3423 1083 3501 evidentissimum
1111 3446 1193 3499 suae
1220 3424 1422 3500 Sanctitatis
1449 3423 1597 3520 signum,
1626 3447 1679 3499 sa-

126 3543 280 3638 nitatem,
310 3569 377 3638 qua
404 3569 468 3640 me,
497 3569 541 3622 ex
567 3547 703 3622 homine
732 3549 833 3643 paulo
860 3550 939 3624 anta
967 3546 1100 3622 infirmo
1127 3549 1162 3622 at
1188 3548 1231 3622 ad
1257 3549 1400 3622 mortem
1418 3546 1577 3638 iudicato,
1606 3547 1680 3642 pol·

127 3667 194 3742 lere
219 3668 325 3761 vides,
368 3669 520 3745 restituit
546 3673 581 3746 at
608 3669 806 3746 beneficium
841 3693 902 3766 pro
939 3669 1063 3744 iniuria
1097 3669 1273 3764 rependit:
1310 3669 1550 3744 interminatus
1577 3669 1679 3744 etiarn

127 3789 300 3882 ultionem,
328 3791 358 3865 si
386 3791 481 3866 illius
518 3791 761 3868 canonisationi
799 3792 971 3867 obstitere.
1017 3792 1148 3867 Scelere
1183 3791 1299 3884 itaque
1336 3791 1549 3887 ignorantiae
1586 3813 1680 3867 rnoae

126 3911 212 4007 apud
239 3913 288 3989 'I'a
315 3913 500 4010 recognito,
529 3915 564 3990 at
591 3915 627 3988 in
654 3915 719 3990 viri
746 3914 933 3990 beatissimi
962 3913 1127 3988 Stanislai
1155 3913 1442 3990 canonisationem
1478 3936 1602 4009 pronus
1628 3937 1678 4007 ao,
1759 3895 1770 3924 ⁵

126 4034 159 4106 at
184 4055 245 4128 pro
273 4033 526 4110 canonisatione
554 4036 652 4112 illius
677 4035 824 4131 supplex
847 4037 889 4111 ad
908 4036 1008 4130 pedes
1035 4035 1135 4127 Tuos,
1163 4057 1206 4109 ne
1233 4035 1362 4110 diutius
1389 4035 1486 4109 illarn
1514 4035 1678 4126 differres,

43 4185 47 4193 ·
127 4159 316 4249 procumbo.
345 4155 626 4234 Intercessionem
653 4158 756 4233 etiam
785 4180 880 4233 suam
909 4159 1070 4253 prolapsu
1098 4157 1133 4230 in
1161 4159 1286 4232 terram
1313 4158 1472 4233 testatus.
1509 4157 1551 4232 Id
1577 4157 1680 4233 mira·

127 4277 237 4353 culum
266 4279 348 4354 dnm
375 4279 411 4354 in
438 4280 719 4376 Perusinornm⁸)
745 4283 828 4355 urbe
855 4280 975 4376 grand
995 4283 1030 4355 at
1049 4279 1173 4354 celebri
1201 4301 1353 4356 sermone
1379 4280 1557 4374 vulgatum
1578 4281 1678 4372 esset,

126 4401 159 4474 at
184 4399 336 4476 omnium
362 4405 492 4478 mentes
518 4405 553 4479 et
580 4403 726 4498 pectora,
755 4403 957 4480 Polonornrn
985 4401 1161 4497 praecipue
1188 4404 1224 4476 et
1250 4401 1444 4476 nuntiorum
1472 4403 1575 4496 atque
1603 4425 1679 4498 pro·

127 4525 319 4598 curatorum
346 4525 609 4600 canonisationis
636 4525 701 4601 viri
728 4525 810 4617 Dei,
839 4525 962 4621 gaudio
990 4525 1152 4599 immenso
1179 4525 1348 4620 opplesset
1362 4523 1401 4620 ⁹),
1430 4547 1544 4600 omnes
1572 4523 1684 4600 virum-

126 4641 185 4719 nei
212 4645 425 4721 stanislaum
452 4647 608 4723 certatim
636 4647 889 4722 canonisatione
916 4646 1154 4742 dignissimum
1181 4646 1432 4741 depromebant.
1459 4647 1587 4722 Sedet
1614 4649 1679 4720 Pa-

126 4787 168 4858 pa
194 4767 426 4861 Innocentius,
455 4772 568 4845 coatus
595 4793 727 4864 quoque
755 4769 997 4861 cardinalium,
1025 4768 1192 4860 miraculi,
1221 4769 1309 4859 quod
1338 4769 1373 4842 in
1400 4769 1577 4864 Regnaldo
1600 4769 1679 4843 (lur-

126 4887 231 4964 dinali
258 4889 439 4983 acciderat,
468 4891 621 4988 prodigio
645 4893 803 4988 permoti,
841 4891 995 4967 omnibus
1022 4891 1273 4986 impedimentis
1307 4913 1394 4984 quae
1420 4891 1680 4986 interponeban-

125 5010 191 5104 tur,
219 5011 485 5108 circumscriptis
514 5016 549 5090 et
575 5015 670 5110 quasi
696 5015 840 5109 quodam
877 5015 947 5090 sole
982 5013 1129 5106 siccatis,
1167 5012 1277 5088 virum
1309 5013 1371 5089 Dei
1407 5013 1616 5089 stanislaum
1644 5013 1679 5088 in

232 5307 257 5390 ¹)
281 5314 383 5388 accepi
409 5309 481 5374 Ood.
504 5315 597 5377 Roer.
634 5312 660 5392 ῃ)
684 5329 845 5389 cognoscas
872 5313 943 5374 θοι).
967 5313 1060 5375 Roar.
1092 5310 1119 5391 3)
1142 5311 1206 5374 Deo
1233 5311 1305 5376 God.
1328 5312 1422 5374 Beer.
1459 5309 1485 5391 ⁴)
1509 5314 1601 5374 servis
1618 5313 1678 5374 anis

131 5411 200 5477 doc.
222 5417 318 5478 Rosr.
358 5414 384 5495 ⁵.)
406 5419 554 5482 adiutorio
580 5419 651 5480 Oorl.
666 5421 768 5480 *Rosa
800 5415 827 5497 ὓ)
849 5437 942 5494 usque
965 5420 1003 5480 ad
1028 5417 1099 5482 doc.
1123 5420 1214 5483 Roar.
1248 5416 1464 5498 ⁷)advenienti
1490 5417 1561 5481 Ood.
1584 5419 1678 5482 Rotr.

129 5511 156 5600 ⁸)
177 5521 365 5586 Perusiorum
392 5521 464 5586 Ood.
486 5525 578 5587 Roas.
618 5521 646 5604 ⁰)
668 5525 843 5602 replevisset
864 5522 941 5588 (iod.
965 5526 1056 5588 Rocr.
