4208 6282
150 523 201 620 (Α.
222 521 270 601 D.
290 521 394 620 avt.)
756 547 867 638 elenu
893 545 1045 602 sununs.
1621 527 1668 598 87
1825 475 1829 484 ¹

244 732 434 810 sobieslaus
452 732 475 828 ¹)
510 732 726 810 Pomeraniae
759 734 838 808 Dux
873 681 1013 810 moritur
1047 735 1082 808 et
1119 732 1154 808 in
1189 731 1387 810 monasterio
1424 731 1548 824 Oliva,
1583 732 1671 826 quod

149 855 353 948 mutaverat,
381 855 553 951 sepelitur,
582 857 662 930 duos
689 855 881 948 relinquens
908 855 995 931 filios
1013 855 1219 950 llsczugium
1245 857 1280 932 et
1306 855 1512 931 Sambcrium
1528 853 1567 949 ²).

243 978 388 1054 Thomas
413 977 665 1054 cantuariensis
689 977 862 1074 episcopus
890 977 1080 1054 libertatem
1105 978 1275 1054 Ecclesiae
1301 977 1531 1056 strenuissime
1557 975 1670 1052 defen·
1815 1021 1828 1046 a

149 1101 232 1190 lens,
261 1102 303 1175 ab
328 1100 473 1177 Henrico
508 1099 653 1196 Angliae
688 1101 782 1196 Rege
808 1101 844 1175 in
870 1100 1010 1176 exilium
1045 1102 1227 1178 natusest.
1272 1099 1365 1192 Quod
1392 1101 1470 1174 dum
1497 1098 1671 1194 septennio

149 1222 348 1318 pertulisset,
377 1223 420 1297 nd
445 1223 617 1300 ecclesiam
644 1245 739 1298 suam
765 1245 926 1315 reversus,
954 1222 1222 1318 antepenultima
1248 1221 1439 1298 Decembris
1465 1221 1518 1298 die
1530 1219 1557 1316 3)
1584 1220 1672 1316 apud

148 1345 227 1420 iores
253 1345 412 1422 ecclesiae
429 1348 471 1422 ab
488 1344 643 1441 Angliois
657 1345 685 1440 ⁴)
711 1347 937 1438 obtruncatus,
957 1345 1188 1422 felicissimum
1207 1344 1403 1439 martyrium
1420 1341 1671 1434 consummavit,

148 1469 241 1560 atque
268 1470 311 1544 ob
337 1471 406 1544 tam
433 1469 644 1546 victoriosam
671 1469 817 1564 palmam
835 1468 870 1544 in
889 1468 1119 1546 coelicolarum
1144 1491 1317 1545 numerum
1343 1468 1531 1546 translatus
1556 1469 1620 1542 est.

598 1829 805 1944 nunus
840 1829 1063 1946 nonum
1098 1828 1226 1945 nra
1305 1789 1308 1794 ’

192 2077 320 2154 beleun
347 2079 516 2173 episcopus
544 2081 765 2156 bracariensis
791 2082 1006 2174 laceratum
1031 2081 1233 2156 {anatalon
1259 2083 1376 2171 menet,
1402 2085 1441 2156 vt
1467 2084 1621 2174 accepta
1656 2095 1660 2102 ’
1687 2077 1689 2082 ’

449 2237 452 2250 ·
526 2203 699 2294 turbenile
726 2210 851 2278 cernet:
878 2205 932 2296 qni
959 2203 992 2278 il
1018 2204 1124 2278 tacere
1150 2207 1288 2278 renutat
1422 2231 1424 2236 ’

241 2441 326 2518 ilum
352 2464 533 2538 gravamen
559 2447 593 2520 et
620 2445 788 2540 oppressio
815 2445 1025 2542 singularum
1060 2467 1286 2541 personarum,
1318 2443 1593 2540 singulorumque
1618 2467 1671 2520 or-

145 2565 257 2640 dinum
285 2565 464 2660 Myconalai
490 2565 592 2642 Ducis
618 2568 819 2644 Polonorum
845 2571 880 2644 et
905 2569 1104 2646 llonarchae
1122 2569 1279 2644 mandato
1295 2567 1322 2662 ⁵)
1349 2566 1533 2644 multifarie
1559 2569 1595 2646 et
1611 2590 1671 2644 ex·

106 2735 108 2744 ·
143 2687 264 2780 quisito
292 2710 313 2762 a
339 2688 410 2764 anis
436 2688 647 2782 officialibus,
683 2691 953 2786 praesidibusque
979 2691 1097 2768 dietim
1123 2691 1361 2782 intenderetur,
1393 2690 1517 2770 clamor
1543 2712 1672 2797 quoqne

143 2812 177 2884 et
201 2809 397 2886 vociferatio
422 2813 627 2908 gementium
653 2815 688 2888 et
705 2813 862 2890 lacrimae
889 2817 1103 2910 gravatorum
1129 2816 1163 2890 at
1190 2836 1225 2890 se
1252 2836 1310 2909 per
1331 2812 1533 2890 calumniam
1551 2814 1585 2888 et
1602 2813 1672 2888 vim

142 2931 234 3007 bonis
261 2934 298 3008 et
324 2933 468 3008 fortunis
504 2935 574 3010 suis
610 2938 728 3012 enutm
763 2937 983 3030 querentium,
1020 2937 1056 3012 iu
1082 2936 1253 3032 publicum
1285 2935 1460 3032 prodisset,
1496 2957 1558 3012 neo
1583 2934 1672 3010 inter

140 3054 348 3131 consiliarios
366 3056 540 3151 quisquam
566 3058 655 3134 faeta
681 3059 783 3134 Ducis
809 3059 966 3137 damnare
984 3061 1019 3135 et
1036 3059 1274 3155 reprehendere
1300 3058 1448 3135 animet:
1476 3057 1671 3138 cracovien-

138 3177 224 3252 sium
251 3177 398 3254 antistes
425 3177 568 3270 beleun,
595 3179 647 3256 vir
673 3181 878 3258 constantiae
904 3183 939 3256 et
965 3180 1029 3258 noli
1055 3180 1249 3278 singularis,
1282 3201 1511 3277 oppressorum
1538 3179 1672 3258 fletibus

139 3300 260 3392 molus,
292 3301 417 3376 Ducem
443 3301 665 3397 liveccslanm
691 3303 773 3408 adit,
801 3306 836 3378 et
863 3303 999 3378 arbitris
1026 3303 1183 3395 exclusis,
1211 3325 1346 3378 causam
1373 3323 1603 3398 oppressorum
1618 3301 1672 3378 in·

137 3421 268 3517 trepide
296 3444 412 3519 agens,
441 3423 563 3516 quibus
587 3427 622 3499 et
647 3425 782 3519 quantis
808 3425 985 3502 calumniis
1011 3426 1173 3516 vastetur,
1201 3424 1475 3522 opprimaturque
1492 3423 1671 3520 provincia,

137 3543 332 3636 innotescit,
361 3543 636 3640 singulorumque
663 3549 877 3642 granatorum
904 3571 947 3624 ox
972 3547 1086 3624 ordine
1113 3545 1236 3625 iniuria
1261 3547 1441 3638 declarata,
1477 3547 1673 3642 deprecatur
1771 3601 1773 3606 -

136 3667 274 3758 Ducem,
306 3667 345 3742 ut
371 3691 530 3744 novorum
556 3669 758 3744 tributorum
784 3669 1039 3764 impositionem,
1077 3671 1140 3744 snb
1165 3668 1316 3762 antiquis
1342 3669 1540 3744 Polonorum
1567 3667 1672 3764 Rogi-

136 3790 261 3866 boeot
289 3788 504 3886 Principibus
530 3789 729 3886 ignoratam,
758 3793 907 3888 abroget,
935 3792 1141 3868 inordinatas
1167 3794 1202 3868 et
1220 3814 1285 3868 non
1302 3789 1504 3868 necessarias
1529 3790 1671 3869 evectio·

136 3934 215 3992 num
243 3912 449 4004 exactiones,
487 3936 572 4006 quae
600 3913 635 3988 in
662 3913 817 3990 Polonico
843 3914 1156 3990 Poduodarum
1191 3913 1323 3992 nomine
1358 3913 1524 4010 appellavi
1550 3913 1670 4005 solent,

136 4034 321 4127 rescindat,
350 4035 585 4111 calumniosam
612 4038 647 4112 et
672 4037 881 4132 tyrannicam
900 4039 1060 4112 bonorum
1077 4036 1354 4130 confiscationem,
1382 4037 1491 4112 asnis
1518 4035 1672 4120 officiali·

135 4158 195 4231 bus
221 4180 284 4252 pro
312 4157 442 4234 levibus
476 4157 591 4254 poenis
626 4160 661 4234 et
692 4159 799 4254 culpis
833 4160 994 4236 hactenus
1029 4159 1222 4255 irrogatam,
1259 4182 1318 4256 per
1356 4181 1455 4252 quam
1491 4159 1672 4233 multorum

135 4278 352 4356 substantiae
378 4281 550 4357 emunctae
576 4283 655 4356 sunt
681 4282 716 4357 et
742 4303 902 4378 personae
929 4281 965 4357 in
991 4284 1176 4358 extremam
1202 4281 1393 4378 pauperiem
1427 4281 1590 4374 redactae,
1618 4304 1670 4356 ro·

134 4400 280 4495 scindat,
310 4401 570 4496 miserorumque
596 4405 630 4488 ot
656 4403 923 4482 calamitosorum
949 4427 1056 4501 opem,
1084 4404 1295 4484 clementiam
1320 4407 1357 4482 et
1372 4403 1549 4483 tuitionem
1559 4404 1589 4498 6)
1614 4425 1670 4480 su·

133 4545 186 4598 am
212 4523 485 4621 implorantium,
521 4525 673 4621 precibus
699 4527 734 4604 et
759 4527 893 4603 vocibus
919 4530 1110 4616 moveatur;
1146 4526 1335 4622 provinciae
1366 4549 1505 4622 quoquo,
1542 4527 1578 4601 in
1604 4549 1671 4620 qua

134 4645 232 4722 illum
259 4649 299 4723 et
326 4647 432 4722 maior
457 4647 594 4742 sangnis
609 4647 637 4743 7)
664 4650 698 4726 ot
723 4649 880 4725 voluntas
907 4649 1022 4745 populi
1047 4650 1260 4726 Monarcham
1286 4649 1472 4742 constituit,
1500 4651 1671 4745 parentem

132 4791 167 4842 sa
194 4771 352 4864 praestet
379 4769 572 4864 propitium,
604 4793 670 4846 non
696 4773 878 4868 tyrannum
904 4771 1136 4848 detestabilem
1162 4773 1196 4847 et
1222 4772 1445 4848 execrandum
1458 4771 1497 4867 ⁸),
1525 4771 1671 4866 amplam

132 4891 271 4969 landem
299 4895 338 4967 et
363 4891 574 4986 popularium
600 4893 756 4985 favorem,
785 4893 814 4968 si
841 4893 1018 4986 destiterit,
1047 4894 1230 4970 monimum
1257 4895 1396 4972 dedecus
1422 4897 1458 4970 et
1483 4895 1535 4970 sui
1561 4895 1671 4968 status

133 5013 432 5108 periclitationem,
460 5013 489 5088 si
515 5015 785 5110 perseveraverit,
814 5019 1041 5112 percepturus.
1069 5015 1165 5091 Nihil
1192 5016 1503 5092 haemimonitione
1530 5014 1672 5092 salutari

140 5363 145 5368 .
241 5311 791 5391 ¹)BoleslansOod.Ocla.1toar.et
805 5311 863 5374 Ecl.
886 5315 978 5375 Dobr.
1017 5312 1045 5389 ⁹)
1069 5313 1256 5379 Sobieslanm.
1278 5312 1339 5376 Eoi.
1355 5312 1449 5376 Dobr.
1483 5310 1510 5392 ³)
1533 5312 1581 5374 die
1597 5312 1671 5377 obiit

133 5415 192 5480 Ed.
214 5417 316 5479 Dobr.
357 5415 383 5496 ⁴)
405 5420 507 5494 Anglis
533 5415 603 5480 (iod.
625 5419 717 5480 Rosa.
747 5415 775 5496 ⁶)
798 5419 909 5480 crudeli
929 5420 1064 5481 mandato
1090 5417 1161 5484 Occi.
1182 5421 1273 5482 Rocr.
1306 5415 1332 5499 ⁶)
1355 5420 1477 5482 tutelam
1499 5419 1668 5482 nuc-Duos.

135 5519 267 5597 basus
297 5523 370 5586 Cocl.
393 5525 484 5586 Rcar.
520 5520 545 5604 ⁸)
568 5524 758 5586 execrabilem
781 5525 840 5586 Ed.
862 5525 955 5591 Dobr.
1275 5539 1279 5546 “
1558 5541 1562 5552 ·
1616 5539 1619 5547 ·
1785 5509 1789 5522 ’
