4192 6272
383 501 459 572 514
989 520 1101 571 mune
1127 519 1320 574 surrrmus.
1656 496 1724 593 (Α.
1745 496 1792 572 D.
1812 496 1936 593 1292.)

380 706 444 781 tris
470 707 644 802 cogitatus,
674 707 709 779 et
728 704 895 780 canonica
921 705 1085 780 electione
1112 707 1147 780 et
1173 705 1369 800 Principum
1398 705 1582 782 Wladislai
1609 707 1743 781 Loktek
1769 707 1805 781 et
1830 705 1933 784 Wen-

380 828 482 904 ceslai
510 827 738 904 cracoviensis
764 830 799 902 et
826 828 1107 902 Sandomiriensis
1135 829 1265 902 Ducum
1303 829 1416 903 favore
1439 828 1482 923 ¹),
1521 829 1645 903 nobilis
1680 829 1721 904 de
1747 827 1855 924 stirpe
1881 828 1933 902 Gi·

381 951 535 1045 phorum,
564 950 722 1041 succedit,
752 973 813 1044 per
838 951 995 1025 Iacobum
1023 951 1159 1025 Sninlr‘e
1185 950 1416 1025 Gnesnensom
1443 949 1732 1046 archiepiscopum
1760 947 1933 1026 confirma-

381 1075 448 1146 tus.
477 1072 543 1146 Hie
570 1074 683 1146 autem
724 1072 851 1145 Paulus
892 1071 1068 1166 episeopus
1113 1072 1149 1145 in
1189 1073 1322 1146 tentem
1364 1071 1553 1147 uenationis
1594 1073 1738 1148 fervore-
1763 1071 1936 1148 ferebatur

381 1194 535 1288 erupisse
563 1194 753 1284 irrseniam,
783 1195 822 1267 ut
849 1194 1051 1268 conditionis
1083 1193 1293 1289 pontificalis
1327 1195 1475 1286 oblitus,
1513 1196 1689 1270 tractando
1716 1194 1751 1268 in
1778 1193 1933 1268 districtu

381 1316 573 1390 Keleniensi
590 1317 616 1410 ²)
645 1315 850 1406 venationes,
880 1317 1072 1391 venatorem
1100 1316 1157 1410 qui
1185 1318 1292 1392 feram
1320 1315 1510 1408 incautius,
1540 1340 1581 1392 ne
1609 1338 1714 1410 usque
1750 1317 1793 1390 ad
1829 1337 1935 1390 casses

381 1439 584 1532 procederet,
614 1438 814 1532 dispulerat,
843 1438 962 1513 lancea
989 1461 1090 1512 manu
1119 1440 1255 1532 gestate
1281 1439 1559 1534 indignabundus
1595 1438 1842 1529 transfoderet,
1871 1460 1933 1512 non

382 1560 509 1634 ueritus
537 1560 703 1635 hominem
734 1583 792 1656 pro
819 1561 927 1636 bestie
955 1562 1104 1655 perdere,
1133 1584 1231 1653 quem
1251 1560 1461 1656 Unigenitus
1479 1561 1621 1637 redemit
1639 1561 1806 1656 sanguine
1823 1583 1882 1633 suo
1897 1555 1935 1652 ³).

385 1927 539 2002 ditericus
567 1931 703 2021 quartus
730 1930 815 2020 l’epe
843 1929 988 2016 noritur,
1016 1932 1050 2001 et
1077 1932 1300 2002 motuterrae
1327 1929 1360 2001 in
1387 1929 1484 2002 ltalia
1513 1930 1617 2001 mulla
1635 1932 1746 2001 eastre
1764 1931 1800 2000 et
1818 1927 1935 2018 oppida

937 2053 1139 2125 invertuntur
1165 2071 1203 2123 ee
1229 2055 1384 2142 ternpore.

488 2294 528 2367 In
557 2295 741 2368 Parasceue
759 2292 823 2383 die,
853 2291 1013 2367 Nicotaus
1040 2294 1134 2387 Papa
1160 2293 1322 2385 quartus,
1352 2315 1427 2366 cum
1455 2291 1554 2367 annis
1581 2293 1738 2383 quatuor,
1768 2293 1938 2366 mensibus

382 2415 468 2492 citra
495 2416 623 2489 dnobus
651 2415 803 2505 sedisset,
832 2415 958 2489 Romae
986 2414 1127 2488 moritur
1153 2417 1187 2490 et
1215 2415 1304 2509 apud
1333 2415 1490 2489 Sanctam
1531 2414 1671 2488 Mariam
1700 2413 1859 2488 racionem
1882 2435 1934 2488 se-

383 2537 520 2632 pelitur.
547 2537 741 2611 cardinales
769 2537 883 2611 autem
910 2539 951 2611 de
978 2537 1144 2611 communi
1182 2558 1345 2610 consensu
1374 2535 1549 2611 Perusiam
1578 2557 1613 2611 se
1640 2537 1873 2626 transferunt,
1902 2536 1937 2609 et

382 2659 456 2732 illie
483 2659 640 2734 conclaue
668 2659 823 2754 ingressi,
853 2659 1061 2733 discordibus
1088 2657 1175 2733 rotis
1193 2659 1257 2751 usi,
1286 2659 1484 2734 nullatenus
1502 2659 1542 2733 de
1561 2659 1675 2732 futuro
1694 2659 1832 2732 Summo
1850 2659 1935 2731 Pon·

383 2781 473 2855 tifiee
500 2781 699 2856 concordare
727 2781 921 2875 potuerunt,
951 2782 985 2855 et
1013 2781 1146 2856 uacauit
1173 2781 1316 2855 ecclesie
1344 2780 1476 2875 integro
1513 2779 1659 2855 biennio.
1705 2780 1777 2874 Quo
1803 2779 1936 2873 quidem

382 2905 533 2998 ternpore
560 2903 596 2976 in
623 2903 729 2978 Italia
756 2903 871 2999 magni
900 2905 1040 2977 fuerunt
1066 2905 1175 2978 terrae
1202 2905 1333 2994 motus,
1361 2903 1418 2977 sed
1446 2903 1592 2977 manime
1618 2924 1734 2978 uersus
1761 2901 1938 2997 Neapolim

384 3025 420 3098 in
448 3026 536 3100 valle
563 3027 604 3100 de
630 3023 771 3102 Bireno.
799 3026 956 3100 Ruerunt
983 3024 1073 3100 enim
1101 3025 1235 3101 illicet
1262 3028 1374 3100 caetra
1400 3027 1435 3101 et
1461 3025 1564 3101 uillae
1592 3025 1732 3116 multae,
1760 3026 1796 3099 et
1824 3045 1935 3119 perso·

383 3170 447 3223 nae
474 3145 640 3242 plurimae
667 3147 770 3222 simul
797 3169 872 3222 eum
900 3147 972 3222 illis
999 3146 1172 3242 periemnt
1187 3143 1226 3241 ⁴).

419 3517 558 3592 ilonea
585 3515 747 3591 secundus
774 3515 951 3610 episeopus·
973 3515 1254 3591 Wretisleriensla
1280 3517 1350 3590 uita
1377 3517 1517 3607 mactus,
1543 3515 1716 3590 Iohannem
1741 3515 1900 3589 deniare

978 3639 1092 3713 latuit
1118 3657 1350 3712 successorem.

488 3883 605 3958 Idibus
632 3880 747 3957 Martii
783 3881 930 3957 'l'honas
965 3881 1130 3958 secundus
1165 3881 1343 3977 episcopus
1378 3879 1691 3972 wratislaviensis,
1729 3901 1804 3955 curn
1841 3879 1939 3956 annis

382 4004 663 4100 vigintiduobus
690 4005 844 4095 sedisset,
874 4003 1016 4078 moritur
1055 4007 1090 4078 et
1117 4005 1207 4098 apud
1235 4005 1394 4079 maiorem
1421 4003 1596 4079 ecelesiam
1622 4002 1937 4080 Wratislauiensem

292 4115 295 4120 ⁵
384 4128 560 4222 sepelitur.
592 4126 652 4202 Oui
681 4127 849 4201 Iohannes
876 4128 1015 4201 uocatus
1042 4127 1186 4217 Romlra,
1207 4125 1400 4200 unanimem
1419 4125 1616 4200 electionem
1643 4125 1795 4217 sortitus,
1825 4147 1937 4200 suece-

385 4251 437 4324 dit
464 4250 504 4323 de
541 4249 727 4324 annuentia
753 4251 788 4323 et
815 4269 979 4324 consensu
1007 4247 1144 4322 Henrici
1172 4247 1479 4340 Wrutislauiensis,
1507 4247 1657 4322 Boleslei
1684 4247 1940 4322 Suidniczensis

385 4374 421 4446 et
447 4371 592 4445 cenredi
621 4369 867 4466 dlogouiensis,
897 4371 1038 4461 Ducum,
1067 4391 1167 4464 aegre
1194 4371 1236 4443 ab
1265 4369 1335 4442 illis
1363 4371 1510 4458 obtento,
1540 4369 1598 4460 qui
1620 4368 1731 4464 potius
1749 4369 1939 4443 Gunradum

384 4493 510 4566 Ducem
537 4491 676 4586 Zegani,
706 4491 815 4566 filium
843 4491 990 4566 dunrudi
1018 4491 1252 4585 Glegoriensis
1280 4489 1394 4582 Ducis,
1432 4491 1658 4586 praepositum
1677 4489 1938 4567 wratislavien-

383 4637 464 4706 sem,
493 4614 665 4689 succedere
693 4613 904 4688 maluissent.
933 4612 986 4688 Ab
1012 4613 1261 4708 archiepiscopo
1288 4611 1476 4688 Gnesnensi
1504 4613 1624 4689 Iacobo
1651 4612 1789 4688 Suirilra
1816 4611 1936 4689 confir·

283 4753 287 4761 ’
388 4738 501 4812 metus
528 4737 563 4811 et
590 4737 813 4829 consecratus,
842 4735 966 4810 nobilis
993 4735 1140 4810 Polonus
1168 4735 1208 4809 de
1235 4735 1331 4810 domo
1358 4735 1508 4810 Saulima
1524 4735 1562 4830 5).

494 5031 519 5114 ¹)
542 5051 686 5096 consensu
709 5038 739 5094 et
762 5031 861 5094 lavore
888 5032 958 5094 Ood.
981 5033 1072 5094 Beer.
1098 5029 1124 5110 l)
1147 5033 1297 5094 Kieleensi
1323 5031 1393 5096 Ood.
1417 5033 1510 5095 Roar.
1542 5029 1570 5110 ³)
1592 5049 1677 5106 quem
1700 5032 1867 5106 unigenitus
1889 5031 1936 5090 Fi-

384 5139 441 5198 lius
463 5137 520 5198 Dei
541 5139 755 5213 pretiosissimo
788 5138 928 5211 sangnine
961 5155 1014 5197 sno
1046 5137 1180 5202 redemit.
1216 5135 1287 5199 Ood.
1311 5139 1404 5200 Reor.
1445 5133 1474 5216 ⁴)
1498 5137 1661 5198 corruendo
1694 5138 1855 5211 perierunt
1878 5135 1935 5195 Ed.

384 5239 470 5320 Lipe.
496 5239 523 5325 ὁ)
546 5243 656 5304 Sulima
682 5239 753 5304 oea.
778 5243 870 5304 Roer.
