<?xml version="1.0" encoding="UTF-8"?>
<!DOCTYPE html PUBLIC "-//W3C//DTD XHTML 1.0 Transitional//EN"
    "http://www.w3.org/TR/xhtml1/DTD/xhtml1-transitional.dtd">
<html xmlns="http://www.w3.org/1999/xhtml" xml:lang="en" lang="en">
 <head>
  <title>
</title>
<meta http-equiv="Content-Type" content="text/html;charset=utf-8" />
  <meta name='ocr-system' content='tesseract 3.04.00' />
  <meta name='ocr-capabilities' content='ocr_page ocr_carea ocr_par ocr_line ocrx_word'/>
</head>
<body>
  <div class='ocr_page' id='page_1' title='image "./operaomnia02paulgoog_0232.png"; bbox 0 0 4172 6278; ppageno 0'>
   <div class='ocr_carea' id='block_1_1' title="bbox 1032 529 1948 648">
    <p class='ocr_par' dir='ltr' id='par_1_1' title="bbox 1032 529 1948 648">
     <span class='ocr_line' id='line_1_1' title="bbox 1032 529 1948 648; baseline 0.002 -42"><span class='ocrx_word' id='word_1_1' title='bbox 1032 553 1144 608; x_wconf 84' lang='lat' dir='ltr'><strong>arana</strong></span> <span class='ocrx_word' id='word_1_2' title='bbox 1171 551 1325 608; x_wconf 85' lang='lat' dir='ltr'><strong>snxnua.</strong></span> <span class='ocrx_word' id='word_1_3' title='bbox 1601 643 1607 648; x_wconf 29' lang='grc'><strong>-</strong></span> <span class='ocrx_word' id='word_1_4' title='bbox 1663 529 1733 630; x_wconf 86' lang='grc' dir='ltr'><strong>(Α.</strong></span> <span class='ocrx_word' id='word_1_5' title='bbox 1753 529 1800 606; x_wconf 82' lang='grc'><strong>11.</strong></span> <span class='ocrx_word' id='word_1_6' title='bbox 1819 529 1948 630; x_wconf 75' lang='lat' dir='ltr'><strong>ezzo.)</strong></span> 
     </span>
    </p>
   </div>
   <div class='ocr_carea' id='block_1_2' title="bbox 747 862 1777 962">
    <p class='ocr_par' dir='ltr' id='par_1_2' title="bbox 747 862 1777 962">
     <span class='ocr_line' id='line_1_2' title="bbox 747 862 1777 962; baseline -0.003 -24"><span class='ocrx_word' id='word_1_7' title='bbox 747 863 867 940; x_wconf 86' lang='grc'><strong>166166</strong></span> <span class='ocrx_word' id='word_1_8' title='bbox 893 863 1061 938; x_wconf 89' lang='grc'><strong>116666661</strong></span> <span class='ocrx_word' id='word_1_9' title='bbox 1088 864 1240 956; x_wconf 82' lang='lat' dir='ltr'><strong>episeopo</strong></span> <span class='ocrx_word' id='word_1_10' title='bbox 1268 863 1415 938; x_wconf 87' lang='grc'><strong>66666111</strong></span> <span class='ocrx_word' id='word_1_11' title='bbox 1441 862 1608 936; x_wconf 89' lang='grc'><strong>16166666.</strong></span> <span class='ocrx_word' id='word_1_12' title='bbox 1648 957 1652 962; x_wconf 21' lang='lat'><strong>¹</strong></span> <span class='ocrx_word' id='word_1_13' title='bbox 1775 897 1777 902; x_wconf 95' lang='lat'>·</span> 
     </span>
    </p>
   </div>
   <div class='ocr_carea' id='block_1_3' title="bbox 402 1105 1952 2170">
    <p class='ocr_par' dir='ltr' id='par_1_3' title="bbox 402 1105 1952 2170">
     <span class='ocr_line' id='line_1_3' title="bbox 506 1105 1948 1202; baseline -0.003 -18"><span class='ocrx_word' id='word_1_14' title='bbox 506 1108 648 1184; x_wconf 77' lang='grc'><strong>(1661666</strong></span> <span class='ocrx_word' id='word_1_15' title='bbox 674 1107 759 1184; x_wconf 88' lang='lat' dir='ltr'><strong>alias</strong></span> <span class='ocrx_word' id='word_1_16' title='bbox 786 1105 923 1184; x_wconf 78' lang='lat' dir='ltr'><strong>Gethlra</strong></span> <span class='ocrx_word' id='word_1_17' title='bbox 942 1107 965 1202; x_wconf 87' lang='lat'><strong>¹)</strong></span> <span class='ocrx_word' id='word_1_18' title='bbox 992 1107 1181 1190; x_wconf 87' lang='lat' dir='ltr'><strong>Ploonenais</strong></span> <span class='ocrx_word' id='word_1_19' title='bbox 1217 1105 1403 1201; x_wconf 86' lang='lat' dir='ltr'><strong>episeopus,</strong></span> <span class='ocrx_word' id='word_1_20' title='bbox 1441 1127 1516 1180; x_wconf 90' lang='lat' dir='ltr'><strong>oum</strong></span> <span class='ocrx_word' id='word_1_21' title='bbox 1547 1105 1646 1180; x_wconf 90' lang='lat' dir='ltr'><strong>annia</strong></span> <span class='ocrx_word' id='word_1_22' title='bbox 1673 1105 1786 1182; x_wconf 90' lang='lat' dir='ltr'><strong>deoom</strong></span> <span class='ocrx_word' id='word_1_23' title='bbox 1812 1105 1848 1180; x_wconf 89' lang='lat' dir='ltr'><strong>et</strong></span> <span class='ocrx_word' id='word_1_24' title='bbox 1874 1125 1948 1199; x_wconf 91' lang='lat' dir='ltr'><strong>sep·</strong></span> 
     </span>
     <span class='ocr_line' id='line_1_4' title="bbox 402 1226 1950 1323; baseline -0.003 -20"><span class='ocrx_word' id='word_1_25' title='bbox 402 1231 470 1306; x_wconf 86' lang='lat' dir='ltr'><strong>tarn</strong></span> <span class='ocrx_word' id='word_1_26' title='bbox 499 1230 652 1323; x_wconf 87' lang='lat' dir='ltr'><strong>aedisset,</strong></span> <span class='ocrx_word' id='word_1_27' title='bbox 690 1229 832 1306; x_wconf 89' lang='lat' dir='ltr'><strong>moritur</strong></span> <span class='ocrx_word' id='word_1_28' title='bbox 858 1230 894 1304; x_wconf 92' lang='lat' dir='ltr'><strong>et</strong></span> <span class='ocrx_word' id='word_1_29' title='bbox 920 1229 955 1302; x_wconf 91' lang='lat' dir='ltr'><strong>in</strong></span> <span class='ocrx_word' id='word_1_30' title='bbox 982 1227 1155 1304; x_wconf 88' lang='lat' dir='ltr'><strong>Ploonansi</strong></span> <span class='ocrx_word' id='word_1_31' title='bbox 1191 1227 1331 1304; x_wconf 82' lang='lat' dir='ltr'><strong>ecelesia</strong></span> <span class='ocrx_word' id='word_1_32' title='bbox 1364 1227 1539 1323; x_wconf 76' lang='lat' dir='ltr'><strong>sepelitur.</strong></span> <span class='ocrx_word' id='word_1_33' title='bbox 1584 1226 1751 1304; x_wconf 85' lang='lat' dir='ltr'><strong>Praelatio</strong></span> <span class='ocrx_word' id='word_1_34' title='bbox 1776 1229 1891 1302; x_wconf 87' lang='lat' dir='ltr'><strong>autam</strong></span> <span class='ocrx_word' id='word_1_35' title='bbox 1916 1227 1950 1300; x_wconf 92' lang='grc'><strong>61</strong></span> 
     </span>
     <span class='ocr_line' id='line_1_5' title="bbox 403 1347 1950 1442; baseline -0.004 -16"><span class='ocrx_word' id='word_1_36' title='bbox 403 1351 572 1428; x_wconf 88' lang='grc'><strong>666661616</strong></span> <span class='ocrx_word' id='word_1_37' title='bbox 598 1351 835 1428; x_wconf 89' lang='lat' dir='ltr'><strong>Ploononsibue</strong></span> <span class='ocrx_word' id='word_1_38' title='bbox 863 1352 1109 1426; x_wconf 75' lang='lat' dir='ltr'><strong>monstruosam</strong></span> <span class='ocrx_word' id='word_1_39' title='bbox 1144 1351 1180 1426; x_wconf 90' lang='lat' dir='ltr'><strong>et</strong></span> <span class='ocrx_word' id='word_1_40' title='bbox 1206 1349 1390 1424; x_wconf 79' lang='lat' dir='ltr'>discordem</span> <span class='ocrx_word' id='word_1_41' title='bbox 1425 1348 1624 1425; x_wconf 67' lang='lat' dir='ltr'><strong>alentionem</strong></span> <span class='ocrx_word' id='word_1_42' title='bbox 1650 1349 1692 1424; x_wconf 94' lang='lat' dir='ltr'><strong>da</strong></span> <span class='ocrx_word' id='word_1_43' title='bbox 1718 1347 1851 1441; x_wconf 83' lang='lat' dir='ltr'>aliquot</span> <span class='ocrx_word' id='word_1_44' title='bbox 1876 1369 1950 1442; x_wconf 92' lang='lat' dir='ltr'><strong>par·</strong></span> 
     </span>
     <span class='ocr_line' id='line_1_6' title="bbox 404 1469 1951 1566; baseline -0.005 -18"><span class='ocrx_word' id='word_1_45' title='bbox 404 1473 495 1548; x_wconf 89' lang='lat' dir='ltr'><strong>sonis</strong></span> <span class='ocrx_word' id='word_1_46' title='bbox 530 1473 789 1566; x_wconf 77' lang='lat' dir='ltr'><strong>celebrantibus,</strong></span> <span class='ocrx_word' id='word_1_47' title='bbox 826 1471 957 1548; x_wconf 86' lang='grc'><strong>6666116</strong></span> <span class='ocrx_word' id='word_1_48' title='bbox 992 1470 1183 1548; x_wconf 88' lang='lat' dir='ltr'><strong>Ploouensis</strong></span> <span class='ocrx_word' id='word_1_49' title='bbox 1219 1470 1380 1546; x_wconf 89' lang='grc'><strong>666166166</strong></span> <span class='ocrx_word' id='word_1_50' title='bbox 1415 1471 1452 1546; x_wconf 88' lang='grc'><strong>16</strong></span> <span class='ocrx_word' id='word_1_51' title='bbox 1486 1470 1660 1548; x_wconf 87' lang='lat' dir='ltr'><strong>biennium</strong></span> <span class='ocrx_word' id='word_1_52' title='bbox 1695 1469 1859 1564; x_wconf 88' lang='lat' dir='ltr'><strong>prodnote</strong></span> <span class='ocrx_word' id='word_1_53' title='bbox 1889 1470 1951 1542; x_wconf 92' lang='lat' dir='ltr'><strong>ast.</strong></span> 
     </span>
     <span class='ocr_line' id='line_1_7' title="bbox 403 1589 1951 1689; baseline -0.003 -20"><span class='ocrx_word' id='word_1_54' title='bbox 403 1595 476 1689; x_wconf 72' lang='lat' dir='ltr'><strong>Qua</strong></span> <span class='ocrx_word' id='word_1_55' title='bbox 501 1596 635 1671; x_wconf 88' lang='lat' dir='ltr'><strong>tandem</strong></span> <span class='ocrx_word' id='word_1_56' title='bbox 665 1593 796 1671; x_wconf 90' lang='lat' dir='ltr'><strong>meliori</strong></span> <span class='ocrx_word' id='word_1_57' title='bbox 822 1593 996 1669; x_wconf 88' lang='lat' dir='ltr'><strong>aonoordia</strong></span> <span class='ocrx_word' id='word_1_58' title='bbox 1021 1593 1174 1685; x_wconf 87' lang='lat' dir='ltr'><strong>reeoissa,</strong></span> <span class='ocrx_word' id='word_1_59' title='bbox 1204 1593 1372 1668; x_wconf 89' lang='lat' dir='ltr'><strong>Iohannes</strong></span> <span class='ocrx_word' id='word_1_60' title='bbox 1399 1591 1556 1683; x_wconf 80' lang='lat' dir='ltr'><strong>suodedit,</strong></span> <span class='ocrx_word' id='word_1_61' title='bbox 1585 1592 1723 1668; x_wconf 87' lang='grc'><strong>6616616</strong></span> <span class='ocrx_word' id='word_1_62' title='bbox 1741 1591 1782 1666; x_wconf 89' lang='lat' dir='ltr'><strong>de</strong></span> <span class='ocrx_word' id='word_1_63' title='bbox 1800 1589 1874 1664; x_wconf 89' lang='lat' dir='ltr'><strong>iure</strong></span> <span class='ocrx_word' id='word_1_64' title='bbox 1892 1611 1951 1664; x_wconf 93' lang='lat' dir='ltr'><strong>suo</strong></span> 
     </span>
     <span class='ocr_line' id='line_1_8' title="bbox 404 1711 1952 1812; baseline -0.005 -21"><span class='ocrx_word' id='word_1_65' title='bbox 404 1715 588 1811; x_wconf 80' lang='lat' dir='ltr'><strong>Gunthero,</strong></span> <span class='ocrx_word' id='word_1_66' title='bbox 618 1715 677 1810; x_wconf 92' lang='lat' dir='ltr'><strong>qui</strong></span> <span class='ocrx_word' id='word_1_67' title='bbox 703 1739 739 1793; x_wconf 89' lang='lat' dir='ltr'><strong>se</strong></span> <span class='ocrx_word' id='word_1_68' title='bbox 765 1717 903 1812; x_wconf 84' lang='lat' dir='ltr'><strong>gerebat</strong></span> <span class='ocrx_word' id='word_1_69' title='bbox 930 1737 990 1810; x_wconf 90' lang='lat' dir='ltr'><strong>pro</strong></span> <span class='ocrx_word' id='word_1_70' title='bbox 1017 1715 1123 1790; x_wconf 90' lang='lat' dir='ltr'><strong>eleeto</strong></span> <span class='ocrx_word' id='word_1_71' title='bbox 1138 1713 1167 1808; x_wconf 74' lang='lat'><strong>²)</strong></span> <span class='ocrx_word' id='word_1_72' title='bbox 1193 1713 1378 1806; x_wconf 73' lang='lat' dir='ltr'><strong>Hennensi,</strong></span> <span class='ocrx_word' id='word_1_73' title='bbox 1407 1735 1482 1788; x_wconf 92' lang='lat' dir='ltr'><strong>oum</strong></span> <span class='ocrx_word' id='word_1_74' title='bbox 1509 1713 1673 1788; x_wconf 80' lang='lat' dir='ltr'><strong>discordia</strong></span> <span class='ocrx_word' id='word_1_75' title='bbox 1698 1711 1789 1787; x_wconf 90' lang='lat' dir='ltr'><strong>inter</strong></span> <span class='ocrx_word' id='word_1_76' title='bbox 1814 1733 1892 1787; x_wconf 93' lang='lat' dir='ltr'><strong>eum</strong></span> <span class='ocrx_word' id='word_1_77' title='bbox 1918 1711 1952 1784; x_wconf 91' lang='lat' dir='ltr'><strong>et</strong></span> 
     </span>
     <span class='ocr_line' id='line_1_9' title="bbox 403 1831 1951 1914; baseline -0.003 -3"><span class='ocrx_word' id='word_1_78' title='bbox 403 1837 589 1914; x_wconf 79' lang='lat' dir='ltr'><strong>Iohannem</strong></span> <span class='ocrx_word' id='word_1_79' title='bbox 616 1839 762 1913; x_wconf 89' lang='lat' dir='ltr'><strong>alterum</strong></span> <span class='ocrx_word' id='word_1_80' title='bbox 789 1837 934 1913; x_wconf 88' lang='lat' dir='ltr'><strong>oleatum</strong></span> <span class='ocrx_word' id='word_1_81' title='bbox 961 1836 997 1910; x_wconf 92' lang='lat' dir='ltr'><strong>in</strong></span> <span class='ocrx_word' id='word_1_82' title='bbox 1025 1835 1196 1912; x_wconf 89' lang='lat' dir='ltr'><strong>biennium</strong></span> <span class='ocrx_word' id='word_1_83' title='bbox 1223 1831 1386 1910; x_wconf 84' lang='grc'><strong>66166616</strong></span> <span class='ocrx_word' id='word_1_84' title='bbox 1403 1834 1536 1910; x_wconf 84' lang='grc'><strong>1616661.</strong></span> <span class='ocrx_word' id='word_1_85' title='bbox 1564 1833 1647 1909; x_wconf 81' lang='lat' dir='ltr'><strong>Fuit</strong></span> <span class='ocrx_word' id='word_1_86' title='bbox 1673 1833 1788 1908; x_wconf 89' lang='lat' dir='ltr'><strong>autem</strong></span> <span class='ocrx_word' id='word_1_87' title='bbox 1814 1831 1871 1906; x_wconf 90' lang='lat' dir='ltr'><strong>hio</strong></span> <span class='ocrx_word' id='word_1_88' title='bbox 1897 1832 1951 1907; x_wconf 93' lang='lat' dir='ltr'><strong>Io-</strong></span> 
     </span>
     <span class='ocr_line' id='line_1_10' title="bbox 403 1952 1950 2053; baseline -0.005 -19"><span class='ocrx_word' id='word_1_89' title='bbox 403 1960 532 2036; x_wconf 89' lang='lat' dir='ltr'><strong>hannes</strong></span> <span class='ocrx_word' id='word_1_90' title='bbox 566 1961 713 2035; x_wconf 90' lang='lat' dir='ltr'><strong>Polonus</strong></span> <span class='ocrx_word' id='word_1_91' title='bbox 748 1959 873 2035; x_wconf 92' lang='lat' dir='ltr'><strong>nobilis</strong></span> <span class='ocrx_word' id='word_1_92' title='bbox 899 1959 940 2036; x_wconf 91' lang='lat' dir='ltr'><strong>de</strong></span> <span class='ocrx_word' id='word_1_93' title='bbox 966 1957 1098 2034; x_wconf 87' lang='lat' dir='ltr'><strong>familia</strong></span> <span class='ocrx_word' id='word_1_94' title='bbox 1113 1957 1141 2053; x_wconf 85' lang='lat'><strong>³)</strong></span> <span class='ocrx_word' id='word_1_95' title='bbox 1168 1957 1448 2052; x_wconf 77' lang='lat' dir='ltr'><strong>Gondauitarum,</strong></span> <span class='ocrx_word' id='word_1_96' title='bbox 1485 1956 1609 2032; x_wconf 86' lang='lat' dir='ltr'><strong>aetatis</strong></span> <span class='ocrx_word' id='word_1_97' title='bbox 1644 1955 1711 2032; x_wconf 90' lang='lat' dir='ltr'><strong>iam</strong></span> <span class='ocrx_word' id='word_1_98' title='bbox 1745 1952 1950 2032; x_wconf 78' lang='grc'><strong>1666166111-</strong></span> 
     </span>
     <span class='ocr_line' id='line_1_11' title="bbox 403 2082 706 2170; baseline -0.003 -13"><span class='ocrx_word' id='word_1_99' title='bbox 403 2103 478 2170; x_wconf 85' lang='lat' dir='ltr'><strong>mae</strong></span> <span class='ocrx_word' id='word_1_100' title='bbox 505 2082 706 2158; x_wconf 86' lang='grc'><strong>611666166.</strong></span> 
     </span>
    </p>
   </div>
   <div class='ocr_carea' id='block_1_4' title="bbox 854 2438 1497 2556">
    <p class='ocr_par' dir='ltr' id='par_1_4' title="bbox 854 2438 1497 2556">
     <span class='ocr_line' id='line_1_12' title="bbox 854 2438 1497 2556; baseline -0.006 -2"><span class='ocrx_word' id='word_1_101' title='bbox 854 2439 1063 2556; x_wconf 79' lang='lat' dir='ltr'><strong>ANNUS</strong></span> <span class='ocrx_word' id='word_1_102' title='bbox 1097 2438 1323 2554; x_wconf 83' lang='lat' dir='ltr'>DOMINI</span> <span class='ocrx_word' id='word_1_103' title='bbox 1358 2438 1497 2556; x_wconf 77' lang='lat'><strong>1224.</strong></span> 
     </span>
    </p>
   </div>
   <div class='ocr_carea' id='block_1_5' title="bbox 404 2685 1953 2886">
    <p class='ocr_par' dir='ltr' id='par_1_5' title="bbox 404 2685 1953 2886">
     <span class='ocr_line' id='line_1_13' title="bbox 404 2685 1953 2783; baseline -0.001 -19"><span class='ocrx_word' id='word_1_104' title='bbox 404 2691 499 2765; x_wconf 76' lang='lat' dir='ltr'><strong>lene</strong></span> <span class='ocrx_word' id='word_1_105' title='bbox 526 2695 561 2765; x_wconf 96' lang='grc'><strong>61</strong></span> <span class='ocrx_word' id='word_1_106' title='bbox 586 2694 680 2783; x_wconf 83' lang='grc'><strong>66616</strong></span> <span class='ocrx_word' id='word_1_107' title='bbox 705 2690 858 2764; x_wconf 81' lang='lat' dir='ltr'><strong>triennali</strong></span> <span class='ocrx_word' id='word_1_108' title='bbox 885 2691 1128 2764; x_wconf 75' lang='lat' dir='ltr'><strong>nonobstante</strong></span> <span class='ocrx_word' id='word_1_109' title='bbox 1155 2689 1364 2779; x_wconf 83' lang='grc'><strong>161616616,</strong></span> <span class='ocrx_word' id='word_1_110' title='bbox 1400 2689 1521 2764; x_wconf 89' lang='grc'><strong>166116</strong></span> <span class='ocrx_word' id='word_1_111' title='bbox 1556 2688 1749 2762; x_wconf 74' lang='lat' dir='ltr'><strong>dolenorum</strong></span> <span class='ocrx_word' id='word_1_112' title='bbox 1783 2685 1953 2762; x_wconf 85' lang='grc'><strong>16666616</strong></span> 
     </span>
     <span class='ocr_line' id='line_1_14' title="bbox 808 2809 1552 2886; baseline -0.003 -2"><span class='ocrx_word' id='word_1_113' title='bbox 808 2811 879 2884; x_wconf 90' lang='grc'><strong>6616</strong></span> <span class='ocrx_word' id='word_1_114' title='bbox 907 2814 942 2885; x_wconf 90' lang='grc'><strong>61</strong></span> <span class='ocrx_word' id='word_1_115' title='bbox 967 2811 1114 2885; x_wconf 82' lang='lat' dir='ltr'><strong>tritinia</strong></span> <span class='ocrx_word' id='word_1_116' title='bbox 1141 2811 1305 2886; x_wconf 88' lang='grc'><strong>1661111666</strong></span> <span class='ocrx_word' id='word_1_117' title='bbox 1332 2809 1552 2884; x_wconf 65' lang='lat' dir='ltr'><strong>administret</strong></span> 
     </span>
    </p>
   </div>
   <div class='ocr_carea' id='block_1_6' title="bbox 404 3045 1956 5091">
    <p class='ocr_par' dir='ltr' id='par_1_6' title="bbox 404 3045 1956 5091">
     <span class='ocr_line' id='line_1_15' title="bbox 508 3045 1953 3146; baseline -0.002 -22"><span class='ocrx_word' id='word_1_118' title='bbox 508 3049 688 3134; x_wconf 87' lang='grc'><strong>1166666116</strong></span> <span class='ocrx_word' id='word_1_119' title='bbox 714 3050 775 3125; x_wconf 87' lang='grc'><strong>661</strong></span> <span class='ocrx_word' id='word_1_120' title='bbox 801 3049 988 3146; x_wconf 77' lang='lat' dir='ltr'><strong>absumptis</strong></span> <span class='ocrx_word' id='word_1_121' title='bbox 1015 3049 1051 3125; x_wconf 91' lang='lat' dir='ltr'><strong>in</strong></span> <span class='ocrx_word' id='word_1_122' title='bbox 1078 3051 1280 3127; x_wconf 91' lang='lat' dir='ltr'><strong>Polonorum</strong></span> <span class='ocrx_word' id='word_1_123' title='bbox 1316 3048 1509 3146; x_wconf 83' lang='lat' dir='ltr'><strong>regionibus</strong></span> <span class='ocrx_word' id='word_1_124' title='bbox 1544 3046 1695 3124; x_wconf 88' lang='lat' dir='ltr'><strong>biennali</strong></span> <span class='ocrx_word' id='word_1_125' title='bbox 1730 3046 1819 3122; x_wconf 89' lang='lat' dir='ltr'><strong>famo</strong></span> <span class='ocrx_word' id='word_1_126' title='bbox 1847 3045 1953 3142; x_wconf 85' lang='lat' dir='ltr'><strong>pluri·</strong></span> 
     </span>
     <span class='ocr_line' id='line_1_16' title="bbox 406 3167 1954 3266; baseline -0.001 -20"><span class='ocrx_word' id='word_1_127' title='bbox 406 3170 470 3247; x_wconf 91' lang='lat' dir='ltr'><strong>mis</strong></span> <span class='ocrx_word' id='word_1_128' title='bbox 497 3171 707 3264; x_wconf 89' lang='lat' dir='ltr'><strong>mortalibus,</strong></span> <span class='ocrx_word' id='word_1_129' title='bbox 744 3192 855 3248; x_wconf 88' lang='lat' dir='ltr'><strong>annus</strong></span> <span class='ocrx_word' id='word_1_130' title='bbox 889 3171 1031 3266; x_wconf 90' lang='lat' dir='ltr'><strong>tertius,</strong></span> <span class='ocrx_word' id='word_1_131' title='bbox 1068 3173 1197 3248; x_wconf 89' lang='lat' dir='ltr'><strong>duobus</strong></span> <span class='ocrx_word' id='word_1_132' title='bbox 1228 3173 1408 3248; x_wconf 87' lang='lat' dir='ltr'><strong>transeatis</strong></span> <span class='ocrx_word' id='word_1_133' title='bbox 1443 3169 1589 3246; x_wconf 80' lang='lat' dir='ltr'><strong>seuerior</strong></span> <span class='ocrx_word' id='word_1_134' title='bbox 1615 3168 1762 3260; x_wconf 86' lang='lat' dir='ltr'><strong>aduenit,</strong></span> <span class='ocrx_word' id='word_1_135' title='bbox 1800 3167 1861 3260; x_wconf 87' lang='lat' dir='ltr'><strong>qui</strong></span> <span class='ocrx_word' id='word_1_136' title='bbox 1888 3191 1954 3244; x_wconf 93' lang='lat' dir='ltr'><strong>non</strong></span> 
     </span>
     <span class='ocr_line' id='line_1_17' title="bbox 406 3289 1954 3387; baseline -0.003 -19"><span class='ocrx_word' id='word_1_137' title='bbox 406 3295 515 3368; x_wconf 87' lang='lat' dir='ltr'><strong>solum</strong></span> <span class='ocrx_word' id='word_1_138' title='bbox 542 3293 739 3369; x_wconf 90' lang='lat' dir='ltr'><strong>domestiois-</strong></span> <span class='ocrx_word' id='word_1_139' title='bbox 768 3293 982 3387; x_wconf 74' lang='lat' dir='ltr'><strong>animalibus</strong></span> <span class='ocrx_word' id='word_1_140' title='bbox 1020 3295 1078 3370; x_wconf 86' lang='lat' dir='ltr'><strong>aad</strong></span> <span class='ocrx_word' id='word_1_141' title='bbox 1104 3295 1140 3370; x_wconf 90' lang='lat' dir='ltr'><strong>et</strong></span> <span class='ocrx_word' id='word_1_142' title='bbox 1166 3293 1358 3369; x_wconf 89' lang='lat' dir='ltr'><strong>hominibus</strong></span> <span class='ocrx_word' id='word_1_143' title='bbox 1383 3291 1504 3369; x_wconf 87' lang='lat' dir='ltr'><strong>extitit</strong></span> <span class='ocrx_word' id='word_1_144' title='bbox 1529 3291 1658 3384; x_wconf 88' lang='lat' dir='ltr'><strong>fatalis,</strong></span> <span class='ocrx_word' id='word_1_145' title='bbox 1695 3293 1742 3366; x_wconf 90' lang='lat' dir='ltr'><strong>et·</strong></span> <span class='ocrx_word' id='word_1_146' title='bbox 1756 3289 1954 3385; x_wconf 87' lang='lat' dir='ltr'><strong>ampliorem</strong></span> 
     </span>
     <span class='ocr_line' id='line_1_18' title="bbox 406 3411 1954 3512; baseline -0.004 -22"><span class='ocrx_word' id='word_1_147' title='bbox 406 3416 567 3510; x_wconf 86' lang='lat' dir='ltr'><strong>stragem,</strong></span> <span class='ocrx_word' id='word_1_148' title='bbox 603 3416 808 3511; x_wconf 86' lang='lat' dir='ltr'><strong>pestemque,</strong></span> <span class='ocrx_word' id='word_1_149' title='bbox 847 3439 948 3509; x_wconf 90' lang='lat' dir='ltr'><strong>quam</strong></span> <span class='ocrx_word' id='word_1_150' title='bbox 985 3416 1050 3492; x_wconf 90' lang='lat' dir='ltr'><strong>duo</strong></span> <span class='ocrx_word' id='word_1_151' title='bbox 1077 3415 1262 3512; x_wconf 88' lang='lat' dir='ltr'><strong>praeteriti,</strong></span> <span class='ocrx_word' id='word_1_152' title='bbox 1297 3415 1332 3490; x_wconf 95' lang='lat' dir='ltr'><strong>in</strong></span> <span class='ocrx_word' id='word_1_153' title='bbox 1359 3414 1551 3490; x_wconf 89' lang='lat' dir='ltr'><strong>hominibus</strong></span> <span class='ocrx_word' id='word_1_154' title='bbox 1582 3416 1618 3490; x_wconf 90' lang='lat' dir='ltr'><strong>et</strong></span> <span class='ocrx_word' id='word_1_155' title='bbox 1643 3412 1763 3488; x_wconf 86' lang='lat' dir='ltr'><strong>bestiis</strong></span> <span class='ocrx_word' id='word_1_156' title='bbox 1789 3411 1954 3490; x_wconf 78' lang='lat' dir='ltr'><strong>pensavit.</strong></span> 
     </span>
     <span class='ocr_line' id='line_1_19' title="bbox 407 3533 1956 3635; baseline -0.001 -23"><span class='ocrx_word' id='word_1_157' title='bbox 407 3537 481 3612; x_wconf 88' lang='lat' dir='ltr'><strong>Non</strong></span> <span class='ocrx_word' id='word_1_158' title='bbox 509 3539 551 3612; x_wconf 93' lang='lat' dir='ltr'><strong>ob</strong></span> <span class='ocrx_word' id='word_1_159' title='bbox 577 3535 612 3612; x_wconf 90' lang='lat' dir='ltr'><strong>id</strong></span> <span class='ocrx_word' id='word_1_160' title='bbox 648 3539 763 3612; x_wconf 90' lang='lat' dir='ltr'><strong>tamen</strong></span> <span class='ocrx_word' id='word_1_161' title='bbox 799 3537 838 3614; x_wconf 91' lang='lat' dir='ltr'><strong>da</strong></span> <span class='ocrx_word' id='word_1_162' title='bbox 874 3539 989 3635; x_wconf 77' lang='lat' dir='ltr'><strong>legum</strong></span> <span class='ocrx_word' id='word_1_163' title='bbox 1025 3537 1207 3614; x_wconf 86' lang='lat' dir='ltr'><strong>seueritate</strong></span> <span class='ocrx_word' id='word_1_164' title='bbox 1242 3537 1422 3630; x_wconf 88' lang='lat' dir='ltr'><strong>quiequam</strong></span> <span class='ocrx_word' id='word_1_165' title='bbox 1458 3537 1648 3612; x_wconf 75' lang='lat' dir='ltr'><strong>detractum</strong></span> <span class='ocrx_word' id='word_1_166' title='bbox 1683 3535 1743 3610; x_wconf 91' lang='lat' dir='ltr'><strong>aut</strong></span> <span class='ocrx_word' id='word_1_167' title='bbox 1778 3533 1956 3610; x_wconf 90' lang='lat' dir='ltr'><strong>remissum</strong></span> 
     </span>
     <span class='ocr_line' id='line_1_20' title="bbox 406 3642 1956 3755; baseline -0.003 -23"><span class='ocrx_word' id='word_1_168' title='bbox 406 3661 470 3752; x_wconf 91' lang='grc'><strong>661,</strong></span> <span class='ocrx_word' id='word_1_169' title='bbox 498 3659 557 3734; x_wconf 84' lang='lat' dir='ltr'><strong>aad</strong></span> <span class='ocrx_word' id='word_1_170' title='bbox 584 3659 659 3734; x_wconf 89' lang='lat' dir='ltr'><strong>iura</strong></span> <span class='ocrx_word' id='word_1_171' title='bbox 685 3658 820 3755; x_wconf 91' lang='lat' dir='ltr'><strong>populis</strong></span> <span class='ocrx_word' id='word_1_172' title='bbox 847 3658 884 3734; x_wconf 95' lang='lat' dir='ltr'><strong>in</strong></span> <span class='ocrx_word' id='word_1_173' title='bbox 910 3660 1000 3736; x_wconf 87' lang='lat' dir='ltr'><strong>fama</strong></span> <span class='ocrx_word' id='word_1_174' title='bbox 1027 3659 1126 3735; x_wconf 80' lang='lat' dir='ltr'><strong>iuxta</strong></span> <span class='ocrx_word' id='word_1_175' title='bbox 1152 3661 1254 3753; x_wconf 87' lang='lat' dir='ltr'><strong>atqua</strong></span> <span class='ocrx_word' id='word_1_176' title='bbox 1280 3659 1317 3734; x_wconf 92' lang='lat' dir='ltr'><strong>in</strong></span> <span class='ocrx_word' id='word_1_177' title='bbox 1343 3659 1497 3737; x_wconf 85' lang='lat' dir='ltr'><strong>ubertate</strong></span> <span class='ocrx_word' id='word_1_178' title='bbox 1523 3658 1760 3734; x_wconf 77' lang='lat' dir='ltr'><strong>reddebantur.</strong></span> <span class='ocrx_word' id='word_1_179' title='bbox 1783 3642 1956 3749; x_wconf 75' lang='lat' dir='ltr'><strong>Gollopnio</strong></span> 
     </span>
     <span class='ocr_line' id='line_1_21' title="bbox 404 3777 1955 3878; baseline -0.003 -22"><span class='ocrx_word' id='word_1_180' title='bbox 404 3781 529 3874; x_wconf 89' lang='lat' dir='ltr'><strong>autam,</strong></span> <span class='ocrx_word' id='word_1_181' title='bbox 567 3781 656 3873; x_wconf 89' lang='lat' dir='ltr'><strong>quod</strong></span> <span class='ocrx_word' id='word_1_182' title='bbox 692 3781 829 3857; x_wconf 92' lang='lat' dir='ltr'><strong>Polonis</strong></span> <span class='ocrx_word' id='word_1_183' title='bbox 865 3782 1023 3878; x_wconf 83' lang='lat' dir='ltr'><strong>generale</strong></span> <span class='ocrx_word' id='word_1_184' title='bbox 1049 3783 1085 3857; x_wconf 89' lang='grc'><strong>61</strong></span> <span class='ocrx_word' id='word_1_185' title='bbox 1111 3783 1358 3858; x_wconf 80' lang='lat' dir='ltr'><strong>sacrosanctum</strong></span> <span class='ocrx_word' id='word_1_186' title='bbox 1394 3779 1575 3873; x_wconf 86' lang='lat' dir='ltr'><strong>indiaium,</strong></span> <span class='ocrx_word' id='word_1_187' title='bbox 1612 3779 1741 3855; x_wconf 89' lang='lat' dir='ltr'><strong>nullam</strong></span> <span class='ocrx_word' id='word_1_188' title='bbox 1771 3777 1955 3854; x_wconf 88' lang='lat' dir='ltr'><strong>admittens</strong></span> 
     </span>
     <span class='ocr_line' id='line_1_22' title="bbox 404 3899 1955 3999; baseline -0.001 -23"><span class='ocrx_word' id='word_1_189' title='bbox 404 3901 683 3996; x_wconf 86' lang='lat' dir='ltr'><strong>prorooationom,</strong></span> <span class='ocrx_word' id='word_1_190' title='bbox 721 3904 785 3996; x_wconf 88' lang='lat' dir='ltr'><strong>est,</strong></span> <span class='ocrx_word' id='word_1_191' title='bbox 822 3901 858 3978; x_wconf 94' lang='lat' dir='ltr'><strong>in</strong></span> <span class='ocrx_word' id='word_1_192' title='bbox 884 3904 1079 3999; x_wconf 82' lang='lat' dir='ltr'><strong>Ronegroah</strong></span> <span class='ocrx_word' id='word_1_193' title='bbox 1095 3902 1123 3998; x_wconf 80' lang='lat'><strong>⁴)</strong></span> <span class='ocrx_word' id='word_1_194' title='bbox 1154 3903 1324 3996; x_wconf 91' lang='lat' dir='ltr'><strong>instituto,</strong></span> <span class='ocrx_word' id='word_1_195' title='bbox 1363 3903 1488 3978; x_wconf 80' lang='lat' dir='ltr'><strong>lestko</strong></span> <span class='ocrx_word' id='word_1_196' title='bbox 1523 3901 1632 3977; x_wconf 82' lang='lat' dir='ltr'><strong>Albus</strong></span> <span class='ocrx_word' id='word_1_197' title='bbox 1667 3899 1896 3978; x_wconf 79' lang='lat' dir='ltr'><strong>Graoouiensis</strong></span> <span class='ocrx_word' id='word_1_198' title='bbox 1922 3901 1955 3975; x_wconf 90' lang='grc'><strong>61</strong></span> 
     </span>
     <span class='ocr_line' id='line_1_23' title="bbox 405 4021 1955 4118; baseline -0.003 -20"><span class='ocrx_word' id='word_1_199' title='bbox 405 4022 684 4100; x_wconf 84' lang='lat' dir='ltr'><strong>Sandomiriensis</strong></span> <span class='ocrx_word' id='word_1_200' title='bbox 719 4025 798 4098; x_wconf 87' lang='lat' dir='ltr'><strong>Dux</strong></span> <span class='ocrx_word' id='word_1_201' title='bbox 834 4045 874 4100; x_wconf 87' lang='lat' dir='ltr'><strong>aa</strong></span> <span class='ocrx_word' id='word_1_202' title='bbox 904 4026 1107 4102; x_wconf 89' lang='lat' dir='ltr'><strong>Polonorum</strong></span> <span class='ocrx_word' id='word_1_203' title='bbox 1142 4025 1324 4102; x_wconf 87' lang='grc'><strong>1166666166</strong></span> <span class='ocrx_word' id='word_1_204' title='bbox 1358 4026 1451 4101; x_wconf 88' lang='grc'><strong>66166</strong></span> <span class='ocrx_word' id='word_1_205' title='bbox 1478 4045 1538 4118; x_wconf 90' lang='lat' dir='ltr'><strong>per</strong></span> <span class='ocrx_word' id='word_1_206' title='bbox 1563 4043 1678 4099; x_wconf 93' lang='lat' dir='ltr'><strong>omnes</strong></span> <span class='ocrx_word' id='word_1_207' title='bbox 1705 4021 1794 4114; x_wconf 88' lang='grc'><strong>1166,</strong></span> <span class='ocrx_word' id='word_1_208' title='bbox 1833 4021 1955 4116; x_wconf 87' lang='lat' dir='ltr'><strong>quibus</strong></span> 
     </span>
     <span class='ocr_line' id='line_1_24' title="bbox 404 4143 1953 4241; baseline -0.001 -23"><span class='ocrx_word' id='word_1_209' title='bbox 404 4143 566 4221; x_wconf 87' lang='lat' dir='ltr'><strong>iudieium</strong></span> <span class='ocrx_word' id='word_1_210' title='bbox 592 4145 805 4238; x_wconf 90' lang='lat' dir='ltr'><strong>tendebatur,</strong></span> <span class='ocrx_word' id='word_1_211' title='bbox 834 4145 956 4222; x_wconf 90' lang='lat' dir='ltr'><strong>iudiaio</strong></span> <span class='ocrx_word' id='word_1_212' title='bbox 984 4145 1162 4241; x_wconf 90' lang='lat' dir='ltr'><strong>praesedit,</strong></span> <span class='ocrx_word' id='word_1_213' title='bbox 1196 4150 1232 4222; x_wconf 89' lang='grc'><strong>61</strong></span> <span class='ocrx_word' id='word_1_214' title='bbox 1258 4169 1326 4221; x_wconf 88' lang='grc'><strong>666</strong></span> <span class='ocrx_word' id='word_1_215' title='bbox 1352 4147 1426 4222; x_wconf 88' lang='grc'><strong>6166</strong></span> <span class='ocrx_word' id='word_1_216' title='bbox 1453 4145 1601 4222; x_wconf 91' lang='lat' dir='ltr'><strong>omnium</strong></span> <span class='ocrx_word' id='word_1_217' title='bbox 1628 4143 1851 4220; x_wconf 85' lang='lat' dir='ltr'><strong>admiratione</strong></span> <span class='ocrx_word' id='word_1_218' title='bbox 1878 4165 1953 4221; x_wconf 84' lang='lat' dir='ltr'><strong>aan-</strong></span> 
     </span>
     <span class='ocr_line' id='line_1_25' title="bbox 404 4264 1953 4363; baseline -0.001 -23"><span class='ocrx_word' id='word_1_219' title='bbox 404 4287 518 4342; x_wconf 89' lang='lat' dir='ltr'><strong>samm</strong></span> <span class='ocrx_word' id='word_1_220' title='bbox 545 4266 648 4342; x_wconf 88' lang='lat' dir='ltr'><strong>nodos</strong></span> <span class='ocrx_word' id='word_1_221' title='bbox 675 4265 935 4362; x_wconf 84' lang='lat' dir='ltr'><strong>prudentissime</strong></span> <span class='ocrx_word' id='word_1_222' title='bbox 961 4267 1134 4343; x_wconf 78' lang='lat' dir='ltr'><strong>disseruit.</strong></span> <span class='ocrx_word' id='word_1_223' title='bbox 1180 4267 1260 4344; x_wconf 87' lang='lat' dir='ltr'><strong>Illia</strong></span> <span class='ocrx_word' id='word_1_224' title='bbox 1286 4291 1362 4343; x_wconf 90' lang='lat' dir='ltr'><strong>eum</strong></span> <span class='ocrx_word' id='word_1_225' title='bbox 1378 4268 1407 4362; x_wconf 73' lang='grc' dir='ltr'><strong>ε)</strong></span> <span class='ocrx_word' id='word_1_226' title='bbox 1433 4267 1547 4343; x_wconf 80' lang='lat' dir='ltr'><strong>Gletes</strong></span> <span class='ocrx_word' id='word_1_227' title='bbox 1573 4266 1751 4363; x_wconf 81' lang='lat' dir='ltr'><strong>Agrianais</strong></span> <span class='ocrx_word' id='word_1_228' title='bbox 1778 4264 1953 4362; x_wconf 85' lang='lat' dir='ltr'><strong>episeopus</strong></span> 
     </span>
     <span class='ocr_line' id='line_1_26' title="bbox 404 4385 1953 4484; baseline 0.001 -24"><span class='ocrx_word' id='word_1_229' title='bbox 404 4389 446 4461; x_wconf 90' lang='lat' dir='ltr'><strong>ab</strong></span> <span class='ocrx_word' id='word_1_230' title='bbox 472 4385 608 4464; x_wconf 86' lang='lat' dir='ltr'><strong>Andrea</strong></span> <span class='ocrx_word' id='word_1_231' title='bbox 633 4387 831 4482; x_wconf 83' lang='lat' dir='ltr'><strong>Hungariae</strong></span> <span class='ocrx_word' id='word_1_232' title='bbox 857 4389 952 4483; x_wconf 80' lang='lat' dir='ltr'><strong>Rege</strong></span> <span class='ocrx_word' id='word_1_233' title='bbox 978 4387 1101 4464; x_wconf 88' lang='lat' dir='ltr'><strong>missus</strong></span> <span class='ocrx_word' id='word_1_234' title='bbox 1128 4389 1263 4484; x_wconf 82' lang='lat' dir='ltr'><strong>legatus</strong></span> <span class='ocrx_word' id='word_1_235' title='bbox 1290 4388 1440 4464; x_wconf 88' lang='lat' dir='ltr'><strong>offendit.</strong></span> <span class='ocrx_word' id='word_1_236' title='bbox 1469 4389 1608 4464; x_wconf 85' lang='lat' dir='ltr'><strong>Summe</strong></span> <span class='ocrx_word' id='word_1_237' title='bbox 1625 4387 1808 4484; x_wconf 79' lang='lat' dir='ltr'><strong>legationis</strong></span> <span class='ocrx_word' id='word_1_238' title='bbox 1823 4387 1853 4482; x_wconf 65' lang='grc'><strong>6)</strong></span> <span class='ocrx_word' id='word_1_239' title='bbox 1871 4387 1953 4463; x_wconf 79' lang='lat' dir='ltr'><strong>arete</strong></span> 
     </span>
     <span class='ocr_line' id='line_1_27' title="bbox 404 4505 1953 4605; baseline 0.001 -24"><span class='ocrx_word' id='word_1_240' title='bbox 404 4505 574 4584; x_wconf 81' lang='lat' dir='ltr'><strong>Andrean</strong></span> <span class='ocrx_word' id='word_1_241' title='bbox 608 4507 807 4603; x_wconf 83' lang='lat' dir='ltr'><strong>Hungariae</strong></span> <span class='ocrx_word' id='word_1_242' title='bbox 842 4509 1016 4604; x_wconf 47' lang='lat' dir='ltr'><strong>Regem&amp;</strong></span> <span class='ocrx_word' id='word_1_243' title='bbox 1043 4510 1084 4585; x_wconf 90' lang='lat' dir='ltr'><strong>da</strong></span> <span class='ocrx_word' id='word_1_244' title='bbox 1109 4508 1346 4585; x_wconf 87' lang='lat' dir='ltr'><strong>transmarinis</strong></span> <span class='ocrx_word' id='word_1_245' title='bbox 1381 4509 1548 4604; x_wconf 90' lang='lat' dir='ltr'><strong>partibus,</strong></span> <span class='ocrx_word' id='word_1_246' title='bbox 1577 4509 1724 4601; x_wconf 79' lang='lat' dir='ltr'><strong>inques</strong></span> <span class='ocrx_word' id='word_1_247' title='bbox 1751 4508 1953 4605; x_wconf 70' lang='lat' dir='ltr'><strong>proderen-</strong></span> 
     </span>
     <span class='ocr_line' id='line_1_28' title="bbox 404 4629 1953 4726; baseline 0.001 -24"><span class='ocrx_word' id='word_1_248' title='bbox 404 4629 497 4704; x_wconf 88' lang='lat' dir='ltr'><strong>aione</strong></span> <span class='ocrx_word' id='word_1_249' title='bbox 524 4629 646 4706; x_wconf 77' lang='lat' dir='ltr'><strong>Terrae</strong></span> <span class='ocrx_word' id='word_1_250' title='bbox 673 4630 827 4722; x_wconf 84' lang='lat' dir='ltr'><strong>Senatus,</strong></span> <span class='ocrx_word' id='word_1_251' title='bbox 856 4632 1035 4726; x_wconf 85' lang='lat' dir='ltr'><strong>paternum</strong></span> <span class='ocrx_word' id='word_1_252' title='bbox 1062 4633 1176 4706; x_wconf 83' lang='lat' dir='ltr'><strong>uotum</strong></span> <span class='ocrx_word' id='word_1_253' title='bbox 1203 4632 1448 4726; x_wconf 82' lang='lat' dir='ltr'><strong>redempturae,</strong></span> <span class='ocrx_word' id='word_1_254' title='bbox 1486 4631 1779 4722; x_wconf 73' lang='lat' dir='ltr'><strong>transfretaverat,</strong></span> <span class='ocrx_word' id='word_1_255' title='bbox 1808 4631 1953 4706; x_wconf 89' lang='lat' dir='ltr'><strong>aleorem</strong></span> 
     </span>
     <span class='ocr_line' id='line_1_29' title="bbox 404 4748 1954 4848; baseline 0 -24"><span class='ocrx_word' id='word_1_256' title='bbox 404 4750 440 4824; x_wconf 92' lang='lat' dir='ltr'><strong>et</strong></span> <span class='ocrx_word' id='word_1_257' title='bbox 465 4748 677 4843; x_wconf 88' lang='lat' dir='ltr'><strong>ineolumem,</strong></span> <span class='ocrx_word' id='word_1_258' title='bbox 704 4752 740 4826; x_wconf 92' lang='grc'><strong>61</strong></span> <span class='ocrx_word' id='word_1_259' title='bbox 766 4751 942 4828; x_wconf 87' lang='lat' dir='ltr'><strong>nonnullis</strong></span> <span class='ocrx_word' id='word_1_260' title='bbox 970 4752 1168 4827; x_wconf 86' lang='lat' dir='ltr'><strong>Senatorum</strong></span> <span class='ocrx_word' id='word_1_261' title='bbox 1196 4751 1327 4826; x_wconf 88' lang='lat' dir='ltr'><strong>ossibus</strong></span> <span class='ocrx_word' id='word_1_262' title='bbox 1356 4754 1514 4826; x_wconf 93' lang='lat' dir='ltr'><strong>onustum</strong></span> <span class='ocrx_word' id='word_1_263' title='bbox 1540 4751 1576 4826; x_wconf 94' lang='lat' dir='ltr'><strong>in</strong></span> <span class='ocrx_word' id='word_1_264' title='bbox 1595 4751 1809 4848; x_wconf 82' lang='lat' dir='ltr'><strong>Hungariam</strong></span> <span class='ocrx_word' id='word_1_265' title='bbox 1835 4751 1954 4828; x_wconf 78' lang='lat' dir='ltr'><strong>radiis·</strong></span> 
     </span>
     <span class='ocr_line' id='line_1_30' title="bbox 404 4871 1952 4970; baseline 0.001 -25"><span class='ocrx_word' id='word_1_266' title='bbox 404 4891 461 4960; x_wconf 90' lang='lat' dir='ltr'><strong>sa;</strong></span> <span class='ocrx_word' id='word_1_267' title='bbox 489 4871 668 4965; x_wconf 87' lang='lat' dir='ltr'><strong>disserena,</strong></span> <span class='ocrx_word' id='word_1_268' title='bbox 695 4871 931 4950; x_wconf 87' lang='lat' dir='ltr'><strong>subinferendo</strong></span> <span class='ocrx_word' id='word_1_269' title='bbox 946 4874 1100 4967; x_wconf 87' lang='lat' dir='ltr'><strong>patebat:</strong></span> <span class='ocrx_word' id='word_1_270' title='bbox 1134 4874 1172 4946; x_wconf 92' lang='lat' dir='ltr'><strong>ut</strong></span> <span class='ocrx_word' id='word_1_271' title='bbox 1199 4875 1310 4948; x_wconf 89' lang='lat' dir='ltr'><strong>motus</strong></span> <span class='ocrx_word' id='word_1_272' title='bbox 1337 4873 1493 4950; x_wconf 90' lang='lat' dir='ltr'><strong>nonnulli</strong></span> <span class='ocrx_word' id='word_1_273' title='bbox 1519 4873 1610 4948; x_wconf 88' lang='lat' dir='ltr'><strong>inter</strong></span> <span class='ocrx_word' id='word_1_274' title='bbox 1636 4895 1702 4966; x_wconf 90' lang='lat' dir='ltr'><strong>eos,</strong></span> <span class='ocrx_word' id='word_1_275' title='bbox 1731 4872 1792 4967; x_wconf 90' lang='lat' dir='ltr'><strong>qni</strong></span> <span class='ocrx_word' id='word_1_276' title='bbox 1817 4873 1952 4970; x_wconf 79' lang='lat' dir='ltr'><strong>Regno·</strong></span> 
     </span>
     <span class='ocr_line' id='line_1_31' title="bbox 404 4991 1952 5091; baseline 0.001 -24"><span class='ocrx_word' id='word_1_277' title='bbox 404 5015 480 5067; x_wconf 88' lang='lat' dir='ltr'><strong>rum</strong></span> <span class='ocrx_word' id='word_1_278' title='bbox 498 4992 645 5069; x_wconf 90' lang='lat' dir='ltr'><strong>finitima</strong></span> <span class='ocrx_word' id='word_1_279' title='bbox 664 4991 827 5087; x_wconf 88' lang='lat' dir='ltr'><strong>ineolunt,</strong></span> <span class='ocrx_word' id='word_1_280' title='bbox 856 5015 915 5089; x_wconf 88' lang='lat' dir='ltr'><strong>per</strong></span> <span class='ocrx_word' id='word_1_281' title='bbox 941 4993 994 5068; x_wconf 88' lang='lat' dir='ltr'><strong>sui</strong></span> <span class='ocrx_word' id='word_1_282' title='bbox 1021 4993 1210 5070; x_wconf 87' lang='lat' dir='ltr'><strong>absentiam</strong></span> <span class='ocrx_word' id='word_1_283' title='bbox 1237 4995 1347 5071; x_wconf 85' lang='lat' dir='ltr'><strong>exorti</strong></span> <span class='ocrx_word' id='word_1_284' title='bbox 1366 4995 1575 5089; x_wconf 82' lang='lat' dir='ltr'><strong>sedarentur,</strong></span> <span class='ocrx_word' id='word_1_285' title='bbox 1604 4993 1778 5091; x_wconf 81' lang='lat' dir='ltr'><strong>possisque</strong></span> <span class='ocrx_word' id='word_1_286' title='bbox 1795 4995 1952 5072; x_wconf 85' lang='lat' dir='ltr'><strong>damnum</strong></span> 
     </span>
    </p>
   </div>
   <div class='ocr_carea' id='block_1_7' title="bbox 404 5283 1960 5576">
    <p class='ocr_par' dir='ltr' id='par_1_7' title="bbox 404 5283 1960 5576">
     <span class='ocr_line' id='line_1_32' title="bbox 512 5283 1952 5372; baseline 0 -21"><span class='ocrx_word' id='word_1_287' title='bbox 512 5287 536 5366; x_wconf 79' lang='grc'><strong>1)</strong></span> <span class='ocrx_word' id='word_1_288' title='bbox 560 5289 678 5352; x_wconf 78' lang='grc'><strong>(166116</strong></span> <span class='ocrx_word' id='word_1_289' title='bbox 700 5287 759 5350; x_wconf 75' lang='lat' dir='ltr'><strong>nd.</strong></span> <span class='ocrx_word' id='word_1_290' title='bbox 782 5287 878 5350; x_wconf 85' lang='lat' dir='ltr'><strong>Dobr.</strong></span> <span class='ocrx_word' id='word_1_291' title='bbox 917 5283 945 5372; x_wconf 74' lang='lat'><strong>⁹)</strong></span> <span class='ocrx_word' id='word_1_292' title='bbox 969 5289 1219 5365; x_wconf 86' lang='lat' dir='ltr'><strong>aleotoeplsoopo</strong></span> <span class='ocrx_word' id='word_1_293' title='bbox 1246 5289 1432 5354; x_wconf 73' lang='grc'><strong>06611666.</strong></span> <span class='ocrx_word' id='word_1_294' title='bbox 1472 5289 1816 5370; x_wconf 72' lang='grc'><strong>3)16666061.11666.</strong></span> <span class='ocrx_word' id='word_1_295' title='bbox 1853 5286 1952 5368; x_wconf 73' lang='grc' dir='ltr'><strong>ι1116·</strong></span> 
     </span>
     <span class='ocr_line' id='line_1_33' title="bbox 404 5389 1952 5473; baseline 0.003 -23"><span class='ocrx_word' id='word_1_296' title='bbox 404 5393 513 5466; x_wconf 78' lang='lat' dir='ltr'><strong>negrod</strong></span> <span class='ocrx_word' id='word_1_297' title='bbox 540 5391 1098 5467; x_wconf 70' lang='grc' dir='ltr'><strong>066111666116666661Ε111616.</strong></span> <span class='ocrx_word' id='word_1_298' title='bbox 1138 5389 1164 5471; x_wconf 77' lang='lat'><strong>⁶)</strong></span> <span class='ocrx_word' id='word_1_299' title='bbox 1188 5393 1260 5454; x_wconf 73' lang='lat' dir='ltr'><strong>(tam</strong></span> <span class='ocrx_word' id='word_1_300' title='bbox 1282 5400 1380 5456; x_wconf 89' lang='lat' dir='ltr'><strong>antam</strong></span> <span class='ocrx_word' id='word_1_301' title='bbox 1402 5411 1468 5456; x_wconf 91' lang='lat' dir='ltr'><strong>enm</strong></span> <span class='ocrx_word' id='word_1_302' title='bbox 1491 5397 1553 5456; x_wconf 90' lang='lat' dir='ltr'><strong>illia</strong></span> <span class='ocrx_word' id='word_1_303' title='bbox 1587 5393 1658 5458; x_wconf 79' lang='lat' dir='ltr'><strong>Uod.</strong></span> <span class='ocrx_word' id='word_1_304' title='bbox 1681 5397 1774 5460; x_wconf 79' lang='grc'><strong>11666.</strong></span> <span class='ocrx_word' id='word_1_305' title='bbox 1813 5391 1952 5473; x_wconf 66' lang='grc'><strong>1)61166-</strong></span> 
     </span>
     <span class='ocr_line' id='line_1_34' title="bbox 404 5493 1960 5576; baseline 0.005 -21"><span class='ocrx_word' id='word_1_306' title='bbox 404 5495 505 5573; x_wconf 74' lang='grc'><strong>116661,</strong></span> <span class='ocrx_word' id='word_1_307' title='bbox 522 5497 604 5568; x_wconf 82' lang='lat' dir='ltr'><strong>euius</strong></span> <span class='ocrx_word' id='word_1_308' title='bbox 619 5498 774 5570; x_wconf 76' lang='lat' dir='ltr'><strong>legationis</strong></span> <span class='ocrx_word' id='word_1_309' title='bbox 792 5513 903 5562; x_wconf 86' lang='lat' dir='ltr'><strong>samma</strong></span> <span class='ocrx_word' id='word_1_310' title='bbox 921 5493 992 5564; x_wconf 77' lang='lat' dir='ltr'><strong>deo.</strong></span> <span class='ocrx_word' id='word_1_311' title='bbox 1008 5497 1101 5558; x_wconf 72' lang='lat' dir='ltr'><strong>noer.</strong></span> <span class='ocrx_word' id='word_1_312' title='bbox 1134 5493 1163 5576; x_wconf 86' lang='lat'><strong>⁷)</strong></span> <span class='ocrx_word' id='word_1_313' title='bbox 1184 5497 1332 5560; x_wconf 83' lang='lat' dir='ltr'><strong>Andreem</strong></span> <span class='ocrx_word' id='word_1_314' title='bbox 1347 5499 1516 5572; x_wconf 78' lang='lat' dir='ltr'><strong>Hunperiae</strong></span> <span class='ocrx_word' id='word_1_315' title='bbox 1531 5513 1630 5573; x_wconf 77' lang='lat' dir='ltr'><strong>regem</strong></span> <span class='ocrx_word' id='word_1_316' title='bbox 1644 5499 1723 5563; x_wconf 80' lang='lat' dir='ltr'><strong>deest</strong></span> <span class='ocrx_word' id='word_1_317' title='bbox 1737 5501 1774 5564; x_wconf 81' lang='lat' dir='ltr'><strong>ter</strong></span> <span class='ocrx_word' id='word_1_318' title='bbox 1792 5499 1864 5564; x_wconf 77' lang='lat' dir='ltr'><strong>Ood.</strong></span> <span class='ocrx_word' id='word_1_319' title='bbox 1879 5497 1960 5563; x_wconf 71' lang='lat' dir='ltr'><strong>eae..</strong></span> 
     </span>
    </p>
   </div>
   <div class='ocr_carea' id='block_1_8' title="bbox 0 0 2093 6276">
    <p class='ocr_par' dir='ltr' id='par_1_8' title="bbox 0 0 2093 6276">
     <span class='ocr_line' id='line_1_35' title="bbox 0 0 2093 6276; baseline 0 0"><span class='ocrx_word' id='word_1_320' title='bbox 0 0 2093 6276; x_wconf 95' lang='lat' dir='ltr'><strong> </strong></span> 
     </span>
    </p>
   </div>
  </div>
 </body>
</html>
