4162 6288
123 567 185 661 (Α.
205 565 256 643 D.
278 567 397 663 1276.)
739 586 851 638 arnna
877 585 1071 638 susumus.

577 977 787 1091 ANNUS
822 975 1047 1089 DOMINI
1082 974 1219 1089 raia.

119 1264 236 1338 tertre
266 1267 421 1352 Kreones,
449 1265 660 1354 drepleneten
687 1267 721 1334 et
740 1263 832 1334 l‘rnin
860 1261 900 1332 ed
924 1263 1096 1334 ecclesian
1123 1260 1408 1352 lepdbnrgenaem
1435 1261 1607 1350 deuolute,
1624 1279 1681 1352 per

256 1387 260 1394 “
323 1385 491 1456 denrierm
517 1384 815 1457 wratislaviensem
841 1385 960 1455 breem
987 1383 1028 1455 ab
1055 1383 1256 1474 obligatione
1274 1382 1479 1454 lieberanbnr.

229 1625 276 1698 In
303 1647 405 1720 grave
432 1627 468 1700 et
495 1625 673 1700 molestum
703 1623 878 1698 fastidium
896 1626 1082 1700 castrcmm
1102 1626 1137 1698 et
1155 1623 1354 1718 oppidorum
1368 1623 1552 1713 Krosanae,
1571 1621 1679 1717 (brep-

120 1745 263 1819 lenstsn
284 1746 308 1838 ¹)
333 1747 369 1820 ot
395 1745 508 1837 Prain,
537 1745 573 1819 in
600 1767 720 1820 manus
746 1747 904 1820 externas
931 1743 1111 1836 deuolutic,
1139 1744 1230 1838 apud
1255 1745 1386 1819 Ducum
1413 1743 1542 1818 Slesiae
1567 1745 1681 1836 paeto·

122 1888 162 1938 ra
189 1868 390 1958 ascendens,
420 1891 462 1942 ne
490 1868 601 1942 eastra
627 1870 663 1942 et
689 1867 812 1962 oppida
838 1866 1029 1941 huiusmodi
1056 1865 1255 1940 aPolcniae
1282 1864 1514 1940 alienarentur
1531 1885 1591 1958 per
1605 1885 1680 1939 sue-

121 1988 282 2061 cedentia
307 1991 459 2082 tempera
485 1989 615 2081 Regno,
644 1988 815 2062 assiduam
842 1987 1117 2077 sollicitudinem,
1149 1987 1422 2080 serupulumque,
1443 2009 1510 2059 non
1527 1985 1678 2060 Ducibus

121 2110 247 2200 selum,
280 2111 338 2184 sed
364 2113 399 2184 et
425 2110 617 2200 baronibus,
648 2109 919 2202 militaribusque
946 2109 1073 2184 Slesiae
1108 2107 1236 2182 iniecit.
1264 2107 1464 2202 Magnitudo
1490 2129 1621 2199 quoque
1647 2108 1683 2181 et
1766 2201 1770 2208 Ι

121 2230 279 2324 grauitas
306 2253 476 2321 summae,
506 2231 564 2304 sed
590 2233 625 2305 et
652 2231 799 2305 conditio
826 2230 1017 2324 spiritualis
1042 2230 1079 2303 et
1104 2227 1351 2318 ecelesiastica,
1381 2227 1434 2302 eui
1462 2249 1522 2320 per
1542 2213 1679 2320 ¹obligu-

119 2351 250 2424 tionem
279 2351 413 2426 addicis
438 2355 548 2441 erant,
576 2352 709 2443 quoties
736 2353 1007 2440 recensebantur,
1037 2352 1073 2424 et
1098 2349 1307 2423 anxietatem
1339 2348 1548 2442 ampliorem,
1579 2369 1679 2440 paro-

122 2493 265 2562 remque
300 2494 361 2564 pro
397 2471 621 2561 alienatione,
659 2475 694 2547 et
720 2469 921 2546 desiderium
957 2469 1063 2543 altius
1099 2491 1158 2562 pro
1184 2467 1413 2557 rehabitione,
1442 2467 1678 2540 accendebant.

122 2591 204 2685 Quis
232 2595 350 2667 tamen
385 2593 473 2666 leret
500 2578 665 2666 liberandi
697 2596 809 2666 castra
835 2595 870 2666 et
896 2592 1020 2685 oppida
1046 2591 1198 2685 obligata
1225 2590 1359 2680 modus,
1397 2611 1464 2662 non
1491 2587 1575 2661 satis
1602 2609 1678 2681 pre-

124 2713 211 2805 spici
239 2715 387 2807 potarat,
415 2715 450 2788 et
476 2715 629 2788 Gunradc
657 2713 883 2808 Glogouiensi,
897 2715 938 2787 de
965 2711 1060 2786 ouius
1087 2711 1294 2806 proprietate
1320 2711 1356 2785 et
1383 2710 1473 2784 sorte
1499 2711 1615 2799 erant,
1644 2710 1679 2783 et

122 2833 284 2908 Boleslao
310 2834 541 2929 Legnicnensi,
570 2835 730 2925 Ducibus,
759 2838 795 2910 et
819 2837 939 2910 tenues
965 2835 1149 2909 facultates
1175 2831 1378 2906 habentibus
1405 2833 1441 2905 et
1467 2830 1576 2906 alieno
1603 2851 1679 2904 aere

125 2955 291 3046 gravatis.
320 2955 466 3031 Henrioo
493 2956 610 3049 itaqua
637 2958 777 3048 quanto,
805 2955 945 3030 Henrici
980 2955 1117 3030 secundi
1152 2952 1377 3029 a'lbartaris
1411 2952 1511 3027 occisi
1538 2974 1582 3026 err
1608 2951 1680 3026 filio
1807 3047 1812 3056 .

123 3075 274 3151 Hsnrioe
300 3075 402 3152 terlio
428 3077 556 3172 nepoti,
584 3077 859 3153 Wratislaoiensi
886 3076 992 3167 Duei,
1021 3097 1143 3150 munus
1169 3074 1205 3148 id
1232 3073 1487 3150 destinabatur:
1525 3073 1614 3164 quod
1641 3075 1677 3146 et

122 3200 211 3272 sorte
239 3197 295 3271 sui
321 3198 471 3272 Ducatns
498 3197 724 3292 praestantior
751 3200 786 3272 et
813 3197 956 3292 pecunia
990 3197 1025 3270 in
1054 3195 1244 3291 pubertatis
1280 3198 1477 3289 temporeo
1513 3192 1677 3268 curatori·

122 3318 184 3390 bus
212 3319 358 3394 collecta
384 3318 577 3414 opulentior
604 3319 814 3394 censebatur.
843 3319 880 3392 Is
906 3319 1022 3411 itaque
1048 3319 1084 3392 et
1114 3315 1265 3392 consiliis
1292 3319 1455 3392 baronum
1474 3337 1622 3405 suorum,
1642 3316 1678 3389 et

123 3458 182 3530 spe
209 3439 378 3513 dilatandi
405 3439 527 3514 finium·
552 3439 605 3514 sui
633 3439 848 3535 Principatns
863 3439 891 3534 π)
918 3439 1114 3534 instigatus,
1143 3439 1297 3514 Gunnade
1322 3435 1583 3533 Maydburgensi
1623 3457 1677 3511 ar·

123 3559 335 3654 cbiepiscopo
362 3560 475 3635 decem
489 3583 666 3636 aureorum
681 3560 710 3654 8)
737 3560 848 3634 millia
873 3560 1042 3652 exsoluit,
1080 3562 1115 3634 et
1149 3561 1262 3634 castra
1297 3561 1401 3650 atque
1437 3558 1562 3653 oppida
1587 3557 1676 3633 Kro-

123 3700 251 3771 snnam,
281 3681 505 3776 Greyiensten
533 3684 569 3756 et
596 3682 698 3755 Prnin
725 3683 765 3755 ds
792 3681 998 3776 obligatione
1033 3681 1204 3769 liberans,
1240 3679 1295 3753 sui
1330 3679 1414 3752 iunia
1450 3679 1544 3754 iacit.
1584 3678 1678 3772 Quod

124 3805 291 3888 quantum
318 3800 566 3878 commoditatis
591 3805 690 3878 rebus
705 3803 851 3896 publicis
878 3803 1080 3877 Polonorum
1115 3801 1309 3896 praestitit,
1337 3801 1474 3877 tantum
1509 3799 1678 3895 dispendii

125 3923 272 4013 praelati
299 3924 438 3999 chriei
475 3923 579 3998 Ducis
605 3922 898 3999 wratislaviensis
937 3922 1081 4018 priuatis
1116 3923 1287 4014 censerit,
1325 3925 1467 4015 utruque
1501 3922 1614 4012 Duce,
1641 3923 1677 3997 et

126 4042 282 4117 Belesieo
308 4045 529 4139 bagnionensi
555 4047 590 4118 et
616 4045 770 4120 Ouarada
796 4044 1023 4140 Glogcuiensi,
1052 4045 1120 4119 iam
1138 4047 1221 4119 tuno
1234 4043 1393 4120 felicitati
1407 4045 1443 4118 et
1461 4041 1677 4118 incrementis

125 4184 238 4238 rerum
266 4187 403 4239 suarum
430 4167 646 4242 uehementer
673 4165 856 4242 invidente.

487 4497 570 4566 bore
597 4495 713 4567 militie
741 4494 911 4568 eninrdarn
937 4497 1050 4569 loloni
1076 4497 1312 4572 infelicissima.

227 4732 327 4808 Miles
354 4733 491 4826 quidam
517 4736 665 4810 Polonus
688 4757 807 4810 saeuus
832 4739 868 4812 et
894 4737 1019 4832 impius
1047 4737 1083 4812 in
1110 4738 1262 4833 proprios
1288 4739 1441 4815 subditus
1468 4742 1504 4816 et
1530 4745 1674 4834 enmros,

123 4853 161 4928 de
187 4836 263 4930 vita
289 4856 406 4928 lutura
432 4855 521 4930 nihil
547 4857 642 4951 pensi
668 4879 800 4952 gerens,
829 4880 905 4932 cum
931 4859 1075 4934 assiduis
1103 4860 1445 4954 praevaricationibus
1463 4861 1498 4936 iu
1514 4861 1540 4956 ⁴)
1567 4865 1675 4940 Deum

122 4977 286 5067 peccaret,
314 4975 460 5050 conterri
474 4976 503 5070 6)
530 4979 565 5052 et
591 4978 762 5072 poenitere
788 5001 848 5073 pro
875 4979 1021 5054 ludibrio
1040 4981 1175 5073 ducens
1195 4981 1344 5076 etiamn
1369 4981 1439 5057 iras
1458 4983 1493 5058 in
1512 5006 1548 5060 se
1567 4986 1673 5061 coele-

122 5095 227 5170 stium
254 5098 492 5188 eoamrvasset,
521 5097 723 5194 ingranam
750 5098 870 5176 incidit
895 5101 1106 5198 languorem.
1134 5102 1199 5177 Sed
1224 5123 1285 5180 nee
1311 5105 1385 5180 tum
1413 5103 1547 5197 qnidam
1570 5106 1674 5182 scele-

232 5389 256 5468 ¹)
287 5392 493 5468 Greiiensteyn
529 5392 600 5455 Coei.
630 5396 722 5456 Rorr.
768 5393 795 5476 ²)
825 5397 956 5458 Ducetns
1001 5395 1072 5460 Coei.
1103 5399 1177 5460 Rea.
1215 5397 1243 5479 ³)
1272 5399 1448 5462 florenorum
1481 5399 1551 5464 coa.
1582 5403 1674 5468 Beer.

125 5489 151 5573 ⁴)
174 5500 279 5558 oentm
306 5495 376 5562 Occi.
398 5499 492 5560 Roar.
518 5493 545 5579 δ)
568 5499 702 5562 confiteri
729 5498 915 5564 coareur.
940 5498 1430 5585 ‘perseuerandum
