4246 6274
400 511 450 582 30
1021 533 1133 583 ursae
1160 532 1333 595 nummus.
1693 509 1755 604 (Α.
1775 510 1821 606 D.
1842 511 1950 606 1147.)

309 733 312 742 “
398 718 439 791 ut
463 715 666 791 alienatione
693 715 828 808 mentis,
857 739 959 811 quam
987 721 1104 795 contra
1131 719 1229 792 illum
1247 719 1289 792 ad
1307 718 1488 795 Wladislai
1515 719 1618 794 Ducis
1640 721 1840 795 Polonorum
1868 743 1949 815 sug·

399 837 586 931 gestionem
614 841 821 932 conceperat,
850 842 1024 934 abrogata,
1058 840 1141 914 miro
1170 840 1240 913 illis
1267 842 1389 916 affectu
1416 842 1451 914 et
1478 840 1712 916 familiaritate
1739 841 1948 936 iungeretur.

398 958 483 1052 Egit
509 959 623 1032 tamen
650 959 877 1034 Romanorum
904 963 980 1035 Rex
1006 961 1190 1036 Wladislai
1217 961 1320 1036 Ducis
1347 963 1548 1036 Polonorum
1575 963 1666 1056 apud
1693 963 1886 1038 Boleslaum
1914 966 1950 1038 et

399 1081 523 1154 fratres
550 1101 628 1154 suos
654 1081 880 1175 Myeccslaum
908 1084 943 1156 st
964 1082 1160 1172 Henricum,
1189 1104 1336 1173 causam,
1366 1081 1493 1156 instare
1512 1105 1654 1175 quoque,
1684 1107 1749 1176 quo
1770 1084 1793 1177 ¹)
1820 1083 1856 1156 in
1883 1086 1947 1158 Po·

399 1201 491 1276 lonia
519 1203 666 1276 moratus
702 1203 765 1294 est,
803 1225 870 1276 non
906 1203 1018 1295 desiit,
1056 1205 1096 1278 ut
1130 1205 1306 1278 Beleslaus
1342 1205 1543 1278 Polonorum
1579 1205 1658 1278 Dux
1684 1206 1719 1279 et
1745 1206 1869 1278 fratres
1895 1203 1948 1278 sui

399 1322 658 1417 praeteritarum
694 1323 894 1398 iniuriarum
930 1324 1039 1416 obliti,
1076 1347 1152 1398 cum
1179 1324 1368 1400 Wlndislao
1395 1327 1486 1401 Duce
1513 1325 1549 1400 in
1576 1325 1759 1400 amicitiam
1787 1326 1946 1400 redirent.

397 1447 467 1519 Nec
495 1446 618 1520 1111111
644 1445 771 1536 solum,
809 1447 867 1520 sed
895 1448 929 1521 et
955 1446 1167 1520 Wladislaus
1201 1445 1382 1520 Bohomiae
1409 1447 1508 1537 Dux,
1546 1447 1735 1540 caeterique
1770 1445 1949 1521 Almanias
2027 1461 2035 1468 ·

398 1566 584 1660 Principes,
614 1567 653 1640 ut
679 1588 754 1640 cum
781 1567 887 1640 fratre
913 1568 1004 1642 Duce
1031 1567 1221 1643 Wladislao
1249 1567 1284 1640 in
1311 1567 1459 1662 gratiam
1485 1567 1655 1659 redirent,
1692 1569 1887 1643 Beleslaum
1914 1571 1950 1643 et

398 1689 523 1761 fratres
550 1687 622 1762 eius
649 1688 773 1761 crebris
808 1688 1093 1763 obsecrationibus
1129 1690 1368 1792 perurgebant.
1414 1689 1590 1764 Beleslaus
1627 1691 1744 1763 contra
1775 1689 1857 1764 hado
1883 1688 1950 1763 etsi

397 1808 516 1883 multis
542 1807 757 1900 facinoribus,
786 1808 907 1901 quibus
935 1809 1165 1885 anadislao
1193 1811 1286 1884 Duce
1313 1809 1387 1904 ipse
1413 1812 1448 1885 et
1470 1811 1593 1886 fratres
1621 1809 1672 1884 sui
1692 1812 1893 1905 petebantur
1908 1809 1947 1903 ²),

400 1928 578 2019 enarratis,
622 1925 753 2003 om'nem
788 1929 1094 2005 reconciliationem
1131 1929 1272 2004 maiores
1298 1932 1420 2022 motus,
1450 1930 1769 2024 pumiciosioresque
1796 1929 1950 2021 utrisque

399 2051 602 2142 simultates,
631 2050 765 2142 livores,
794 2053 1024 2145 bellorumque
1052 2052 1211 2126 stridores
1238 2052 1477 2126 suscitaturum
1501 2052 1738 2147 respondisset,
1766 2053 1801 2126 in
1829 2053 1950 2126 Gaesa-

398 2172 445 2245 ris
472 2174 587 2246 tamon
613 2173 794 2266 potestate,
833 2175 1011 2266 postquam
1047 2173 1204 2268 passagio
1241 2195 1396 2268 prospere
1432 2174 1505 2247 acto
1540 2173 1675 2264 rediret,
1703 2195 1739 2249 se
1764 2176 1800 2248 et
1826 2173 1951 2248 fratres

400 2313 477 2368 suos
504 2294 656 2368 futurum
685 2292 920 2388 pollicebatur.
957 2295 1014 2369 Ita
1041 2295 1162 2369 (laesor
1189 2297 1288 2370 rebus
1315 2293 1494 2369 Wladislai
1522 2295 1627 2369 Ducis
1653 2293 1812 2369 Polouiae
1839 2293 1951 2389 magis

399 2415 542 2489 tentatis
569 2435 670 2507 quam
708 2415 849 2506 sanatis,
888 2416 1005 2491 nolens
1040 2420 1111 2490 tam
1144 2414 1300 2489 munifico
1328 2417 1363 2490 et
1390 2415 1494 2490 amico
1521 2415 1649 2510 hospiti
1676 2416 1838 2492 molestus
1864 2437 1949 2506 esse,

265 2637 269 2646 .
398 2559 442 2610 ex
469 2533 610 2610 Polonia
636 2557 696 2629 por
722 2535 880 2610 Ruesiam
908 2539 943 2611 et
969 2535 1182 2612 Walaobiam
1212 2536 1422 2630 procedebat;
1451 2535 1528 2611 inde
1555 2559 1686 2630 quoque
1713 2559 1780 2611 non
1806 2558 1866 2630 per
1884 2538 1950 2610 Po·

398 2655 525 2731 loniam
552 2656 673 2747 solum,
702 2656 760 2730 sed
787 2679 847 2750 per
873 2655 1032 2730 Rosciam
1060 2660 1096 2731 et
1122 2657 1346 2748 Walachiam,
1375 2661 1597 2751 prosequente
1624 2657 1789 2732 Boleslao¹
1807 2657 1950 2732 Polono·

399 2800 473 2850 rum
499 2779 590 2851 Duce
616 2779 660 2882 et
679 2780 903 2872 praeparante
944 2779 1066 2868 omma,
1095 2779 1138 2852 ad
1166 2801 1257 2852 mare
1282 2777 1468 2853 Leoninum
1496 2763 1695 2873 peruentum
1722 2781 1794 2854 est:
1831 2777 1888 2852 ubi
1916 2780 1953 2852 et

398 2900 520 2974 Caesar
545 2900 580 2972 et
607 2897 782 2992 Principes
809 2897 951 2972 navibus
977 2899 1020 2973 ad
1043 2899 1076 2972 id
1096 2898 1316 2993 praeparatis,
1346 2897 1455 2973 milite
1482 2901 1517 2972 ct
1543 2899 1647 2972 armis
1674 2898 1854 2994 impositis,
1874 2920 1952 2972 ver-

398 3042 456 3094 sus
481 3019 809 3114 Constantinopolim
845 3019 1064 3115 navigarunt,
1102 3023 1138 3095 et
1172 3020 1261 3114 apud
1296 3019 1449 3094 Iconium
1476 3041 1511 3094 se
1537 3019 1707 3114 Lodovigo
1743 3021 1951 3095 Francorum

398 3142 485 3235 Regi
513 3143 549 3216 et
574 3139 789 3246 Principibus
815 3140 1007 3216 Galliarum
1025 3143 1060 3216 et
1077 3139 1318 3235 Hispaniarum
1338 3139 1555 3235 coniungens,
1584 3163 1638 3215 res
1664 3142 1787 3239 Terrae
1805 3141 1953 3216 Sanctae
2033 3131 2039 3142 ’

399 3263 574 3353 aliquanto
601 3264 751 3356 tempore
783 3284 941 3356 prospere
977 3285 1108 3356 gerens,
1145 3261 1348 3336 Ascalonem
1375 3261 1495 3356 coepit,
1532 3261 1613 3336 licet
1649 3261 1751 3336 multi
1786 3263 1827 3336 do
1855 3283 1951 3356 pere-

399 3384 517 3478 grinis,
546 3382 668 3458 Alexio
705 3383 1079 3478 Constantinopolitano
1115 3384 1322 3477 Imperatore
1349 3385 1383 3457 ot
1410 3382 1548 3458 Graecis
1574 3384 1700 3458 calcem
1729 3383 1860 3458 farinae
1887 3382 1952 3456 irn-

399 3491 560 3578 miscente
575 3501 614 3598 ³),
644 3503 807 3578 infirmati
834 3505 991 3578 obierint.
1023 3504 1089 3578 Sed
1116 3525 1177 3578 nec
1204 3505 1293 3578 Deus
1320 3502 1433 3578 blaxii
1462 3504 1682 3597 Imperatoris
1717 3503 1852 3578 lacinus
1878 3505 1952 3578 turn

293 3617 301 3630 '
399 3625 600 3698 horrendum
627 3625 729 3699 tulit:
767 3648 844 3698 nam
872 3628 907 3700 et
934 3626 1006 3719 ipse
1033 3625 1179 3719 pessima
1206 3627 1324 3714 morte,
1361 3627 1396 3698 ot
1423 3647 1519 3698 omne
1544 3647 1653 3719 genus
1680 3647 1778 3698 suum
1806 3623 1951 3698 interiit.

398 3747 453 3818 ex
479 3745 659 3820 baronibus
687 3746 824 3840 iusuper
841 3747 877 3820 et
895 3746 1062 3820 militibus
1090 3745 1248 3820 Poloniae
1274 3745 1380 3837 aliqui
1404 3745 1623 3839 voluntarii⁴)
1650 3767 1746 3820 cruce
1773 3749 1953 3838 assumpta

294 3877 297 3884 '
398 3867 583 3964 praemium
612 3867 821 3962 propositum
849 3866 1014 3958 merituri,
1052 3867 1159 3942 secuti
1197 3867 1437 3960 Imperatorem
1469 3868 1737 3942 transfretarunt
1767 3869 1802 3941 et
1828 3866 1865 3940 in
1892 3887 1953 3940 suo

398 3990 560 4083 exercitu,
588 3991 692 4065 donec
719 3989 854 4080 rediret,
884 3988 1062 4065 militando
1090 3987 1215 4064 uersati
1243 3991 1334 4062 sunt.

684 4353 820 4427 1111111
847 4353 1059 4426 Posnaniensi
1086 4353 1238 4445 episcopo
1267 4351 1415 4428 succedit
1440 4352 1655 4444 boguphalus.

501 4595 669 4669 Martinus
696 4593 935 4668 Posnaniensis
971 4593 1147 4687 episcopus
1182 4592 1280 4666 annis
1306 4593 1418 4667 decem
1445 4594 1480 4666 et
1507 4615 1625 4668 nouem
1661 4593 1865 4686 pontificatu
1892 4595 1954 4667 ad-

398 4716 590 4790 ministrato
617 4715 711 4806 obiit,
740 4717 776 4789 et
803 4714 837 4788 in
865 4715 1007 4790 ecclesia
1034 4711 1253 4788 Posnaniensi
1282 4713 1316 4786 in
1344 4714 1443 4787 choro
1470 4715 1636 4807 sepultus,
1664 4713 1952 4808 Bogupbalumd,

398 4861 521 4933 genere
548 4837 711 4911 Polonum
738 4835 885 4910 nobilem
912 4835 1075 4909 dedomo
1102 4835 1209 4908 Rosne
1224 4834 1270 4928 ⁶),
1300 4833 1471 4908 custodem
1498 4833 1771 4925 Posnaniensem,
1809 4855 1870 4930 per
1896 4855 1953 4909 ca-

398 4959 563 5054 pitulares
590 4955 797 5032 concorditer
833 4957 978 5031 eloctum
1005 4958 1040 5030 ct
1065 4977 1086 5030 a
1113 4957 1232 5030 Iacobo
1259 4954 1448 5030 Gnesnensi
1475 4954 1735 5050 archiepiscopo,
1764 4957 1956 5051 llyecnslao

508 5250 884 5328 1)11111111111111111111
919 5246 1107 5311 01111111.
1147 5247 1675 5326 Ω)111111111111111111111111111111.
1715 5246 1954 5327 ³)immisoenti·

398 5359 452 5417 bus
480 5355 548 5418 coe.
571 5356 664 5416 Roar.
706 5350 732 5431 4)
754 5355 919 5416 voluntarie
947 5352 1132 5420 (1111111.
1172 5349 1198 5437 5)
1221 5354 1444 5433 Bogucbwalum
1478 5349 1549 5418 coo.
1573 5354 1665 5415 Roas.
1705 5350 1734 5426 ⁶)
1756 5353 1855 5416 Rosae
1881 5351 1954 5416 011.

400 5462 493 5529 Roas.
515 5461 612 5545 Kossy
633 5458 694 5523 Ed.
716 5459 810 5530 Dobr,
1916 5472 1919 5476 ·
