4192 6272
392 518 468 591 544
1013 535 1125 590 crena
1151 529 1336 591 cornuue.
1658 513 1726 610 (Α.
1747 513 1793 590 D.
1814 513 1935 617 1299.)
1969 619 1972 624 ⁴

390 723 518 800 milites
545 725 580 797 et
606 722 777 798 cunienses
803 723 902 796 erant
928 722 1051 814 affecti,
1081 745 1119 797 eo
1146 723 1376 818 malignitatis
1412 723 1589 798 deventum
1626 725 1716 814 orat,
1745 727 1785 798 ut
1812 723 1937 798 iuribus

389 844 513 920 diuinis
539 846 575 918 et
601 843 759 917 humanis
785 842 913 918 nefarie
942 837 1091 934 uiolatis,
1119 843 1222 918 etiam
1251 845 1293 917 ab
1319 843 1459 918 aedibus
1487 843 1592 917 sacris
1619 867 1684 920 non
1703 844 1937 919 abstineretur.

390 965 455 1040 Sed
482 967 517 1039 et
544 964 616 1060 ipse
642 963 855 1040 wladislaus
881 965 1014 1039 Loktelr
1041 965 1119 1037 Dux
1147 964 1182 1037 in
1208 963 1294 1039 uitia
1320 964 1469 1038 militum
1496 965 1683 1058 prolapsus,
1711 965 1882 1059 uirginum
1904 967 1937 1039 et

387 1085 613 1180 ingenuarum
640 1087 867 1160 matronamm
895 1084 1094 1179 pudicitiam
1121 1085 1286 1161 uiolenter
1313 1085 1559 1180 prostituebat:
1598 1107 1815 1178 cerneresque
1843 1083 1937 1176 quasi

388 1207 587 1302 contagione
614 1207 759 1300 quadam
786 1209 821 1282 et
848 1205 1050 1302 impunitate
1078 1208 1241 1282 scelerum
1277 1205 1414 1301 singula
1438 1208 1503 1282 -rel
1539 1206 1606 1282 iam
1641 1207 1828 1283 deformata
1853 1227 1936 1297 esse,

388 1328 443 1403 rel
470 1350 572 1422 prope
600 1327 825 1402 deformando.
867 1327 1081 1422 Quapropter
1114 1326 1268 1402 Andreas
1294 1327 1471 1422 episcopus
1497 1327 1754 1420 Posnaniensis,
1782 1325 1939 1403 eeclesiae

388 1469 477 1538 suae,
505 1447 652 1541 clerique
678 1449 713 1522 et
740 1447 856 1542 populi
897 1469 978 1521 suae
997 1463 1001 1471 ·
1019 1447 1158 1522 diocesis
1200 1447 1343 1522 iniurias
1378 1451 1414 1523 et
1449 1448 1701 1542 oppressiones,
1730 1472 1790 1542 pro
1817 1447 1938 1540 quibus

388 1569 477 1662 apud
503 1568 733 1644 Wladislaum
759 1569 892 1643 Loktelr
920 1589 1019 1662 saepe
1044 1569 1154 1643 literis
1180 1572 1216 1644 et
1242 1569 1393 1660 nuntiis,
1422 1570 1559 1644 tandem
1587 1570 1812 1664 personaliter
1839 1589 1936 1660 ques·

390 1691 458 1780 tus,
486 1689 618 1765 nullam
645 1691 778 1783 poterat
805 1688 1061 1780 correctionem,
1090 1689 1263 1764 emendam
1298 1692 1334 1765 et
1360 1689 1529 1764 iustitiam
1556 1690 1699 1780 referre,
1727 1689 1762 1762 in
1789 1687 1938 1764 animum

391 1809 562 1902 inducens,
593 1809 841 1900 tolerantiaque
867 1811 920 1884 tot
946 1813 1110 1884 malorum
1141 1810 1354 1885 Maiestatem
1373 1831 1552 1904 supernam
1570 1811 1706 1886 credens
1723 1811 1936 1898 offensurum,

391 1929 595 2005 defensionis
614 1930 637 2024 ¹)
664 1952 745 2006 suae
772 1929 987 2022 deuteram²)
1015 1931 1209 2022 extendens,
1239 1930 1389 2025 generali
1417 1930 1575 2006 diocesim
1608 1953 1705 2004 suem
1732 1929 1937 2004 Posnanien·

390 2073 461 2127 sem
487 2051 647 2146 supponit
674 2051 873 2143 interdicto,
902 2052 937 2125 et
964 2051 997 2124 in
1027 2051 1181 2126 omuibus
1217 2052 1319 2144 locis,
1349 2051 1385 2125 in
1412 2051 1658 2126 execrationem
1685 2052 1824 2142 horum,
1854 2073 1938 2143 quae

390 2173 605 2266 gerebantur,
633 2172 809 2263 malorum,
838 2171 994 2266 prohibet
1020 2170 1181 2246 celebrari
1207 2171 1341 2246 Divina.
1370 2171 1461 2266 Quae
1487 2194 1541 2246 res
1565 2171 1789 2248 Wladislaum
1807 2171 1938 2244 Loltek

388 2293 424 2367 et
450 2292 486 2366 in
513 2314 638 2384 eorum,
667 2314 752 2386 quae
779 2292 888 2387 gessit
914 2293 950 2366 ot
976 2292 1048 2387 geri
1086 2315 1151 2367 non
1193 2293 1386 2386 prohibuit,
1415 2292 1688 2386 poenitudinem,
1717 2294 1752 2366 et
1786 2291 1817 2364 si
1854 2313 1938 2382 quae

390 2413 539 2508 gerenda
565 2413 801 2504 meditabatur,
830 2413 997 2486 cautelam
1025 2412 1170 2486 induxit.
1199 2413 1298 2487 Unde
1325 2415 1359 2486 et
1385 2435 1445 2507 per
1463 2415 1572 2487 certas
1591 2410 1844 2502 ecclesiasticas,
1865 2433 1936 2484 sae-

391 2535 585 2628 cularesque
612 2555 772 2628 personas
798 2533 1008 2608 reconciliari
1035 2533 1195 2608 ccclesiae
1221 2536 1257 2609 et
1282 2533 1437 2608 Andreae
1463 2533 1684 2608 Posnaniensi
1710 2533 1875 2627 episcopo,
1904 2533 1938 2606 et

391 2655 654 2730 ecclesiasticum
695 2655 772 2730 tolli
813 2654 1051 2747 interdictum,
1093 2655 1308 2730 restitutione
1348 2656 1537 2730 ablatorum
1579 2653 1732 2748 perprius
1772 2654 1936 2747 impensa,

389 2777 546 2851 obtinuit.
573 2777 684 2851 Huius
711 2777 825 2850 autem
851 2776 932 2848 anni
960 2776 1118 2850 maiorem
1146 2779 1276 2870 partem
1306 2777 1478 2869 praefatus
1504 2775 1713 2850 Wladislaus
1740 2775 1872 2848 Loltek
1902 2773 1936 2845 in

389 2897 542 2991 partibus
568 2897 705 2972 Maioris
732 2897 890 2971 Polouiae
917 2896 1116 2991 absumpsit,
1138 2897 1311 2990 dirigendo
1339 2899 1373 2969 et
1400 2896 1584 2970 ordinando
1621 2895 1760 2990 negotia
1788 2895 1932 2988 publiea,
2089 2967 2091 2972 ,

389 3021 425 3092 et
452 3041 511 3113 pro
538 3017 659 3094 hiemis
693 3021 843 3112 tempore
871 3017 907 3090 iu
934 3040 1009 3092 oras
1035 3017 1270 3092 Oraoouieuses
1298 3017 1472 3092 remeauit.

435 3419 585 3496 titlunni
610 3423 730 3495 terram
757 3420 906 3493 Prussiae
933 3421 968 3492 et
994 3417 1253 3508 rootangemon
1279 3417 1444 3507 romonem
1471 3419 1606 3490 uastant
1632 3420 1666 3489 ot
1692 3415 1894 3508 praedantur.

496 3659 695 3755 Sexingenti
724 3659 889 3733 Lithnani
916 3659 1087 3752 equestres
1116 3660 1239 3733 terram
1266 3657 1424 3731 Prussiae
1452 3655 1609 3750 ingressi,
1638 3657 1734 3729 illam
1766 3654 1940 3729 barbarica

391 3783 572 3856 vastabant
597 3780 787 3876 tyrannide.
823 3781 948 3855 bontra
982 3801 1066 3870 quos
1101 3778 1348 3853 commendator
1383 3779 1425 3850 de
1461 3774 1770 3871 sunnemotinga,
1799 3777 1941 3850 collecta

392 3901 539 3994 equestri
566 3904 601 3976 et
628 3901 776 3995 pedestri
803 3923 938 3974 suorum
967 3900 1195 3990 multitudine,
1226 3921 1400 3992 egressus,
1429 3899 1519 3992 apud
1546 3895 1817 3990 Nectangeusem
1832 3897 1858 3991 ⁴)
1886 3919 1939 3970 re·

391 4023 526 4116 gionem
553 4021 751 4114 aliquandiu
778 4021 893 4112 latuit,
921 4021 1110 4094 Lithuanos
1138 4020 1220 4094 illuc
1248 4018 1463 4094 aduenientes
1490 4017 1670 4110 facilius⁶)
1696 4040 1740 4092 ex
1759 4016 1942 4111 improviso

392 4142 590 4216 obtritums.
627 4143 751 4216 Verum
778 4141 961 4215 Lithuanis
996 4139 1110 4216 uenire
1136 4140 1370 4231 tardantibus,
1398 4141 1518 4234 gentes
1554 4137 1767 4212 crucifericae
1793 4139 1836 4211 ad
1864 4160 1940 4231 pro·

391 4263 467 4359 pria
493 4263 702 4337 dilabuutur.
747 4261 911 4337 Lithuani
948 4263 1084 4336 interim
1119 4261 1359 4355 superueniunt
1394 4262 1428 4333 et
1469 4261 1723 4353 Nectangeuses
1736 4257 1765 4352 6)
1801 4259 1941 4332 uastant

391 4387 427 4460 et
441 4384 470 4478 ⁷)
497 4385 720 4479 praedantur;
749 4384 909 4460 ducentos
936 4404 1067 4475 quoque
1093 4385 1129 4457 et
1146 4380 1395 4476 quinquaginta
1418 4381 1458 4456 de
1477 4379 1680 4454 Christianis
1694 4381 1753 4453 aut
1771 4379 1938 4471 occidunt,

392 4507 453 4580 aut
479 4505 665 4599 captivant.

502 4815 525 4894 Ι)
549 4815 747 4878 defensionem
770 4815 830 4875 Ed.
854 4809 939 4889 Lipa.
964 4810 990 4886 Ω)
1014 4813 1152 4872 dexterae
1173 4813 1234 4872 Ed.
1258 4811 1343 4886 Lips.
1367 4806 1394 4886 8)
1416 4809 1607 4882 Brandeburg
1629 4808 1689 4869 Ed.
1711 4807 1798 4884 Lipe.
1822 4804 1850 4882 ⁴)
1864 4807 1942 4867 Noe·

393 4909 542 4996 egeriam
568 4919 639 4982 Ood.
662 4921 756 4981 Rosa.
781 4915 810 4998 δ)
833 4917 919 4977 facile
946 4915 1016 4976 Ood.
1046 4917 1139 4976 Rozr.
1163 4912 1190 4994 ⁶)
1213 4915 1413 4986 Nootageuses
1439 4911 1510 4973 Ood.
1533 4913 1625 4974 Roar.
1659 4909 1687 4986 ⁷)
1709 4929 1745 4971 ac
1766 4911 1828 4971 Ed.
1852 4911 1939 4986 Lips.
