4208 6282
426 548 473 620 70
1039 563 1150 614 urana
1176 564 1347 625 ausurus.
1705 540 1766 636 (Α.Ι
1780 540 1831 650 D.
1853 513 1966 636 1167.)

422 755 526 830 citum
553 754 690 848 prodere
716 752 939 842 consentiunt,
969 751 1255 847 proditionemque
1274 774 1332 845 pro
1351 750 1448 826 libito
1469 752 1714 826 Prnthenoruur
1741 755 1954 846 covvvponunt.

422 878 495 950 Iam
522 875 721 951 Polonorurn
749 875 857 948 Duces
883 876 918 947 et
944 873 1111 948 exercitus
1137 872 1172 947 in
1199 871 1354 946 Prussiae
1386 871 1545 947 interiora
1580 875 1811 968 pervenerant,
1839 873 1955 948 crude·

421 999 553 1090 lemque
580 1000 649 1072 tam
682 999 842 1091 puberum
878 1017 978 1089 quarn
1013 995 1222 1090 impuberum
1259 995 1391 1070 caedem
1427 995 1563 1087 edendo,
1600 997 1792 1088 frequentes
1826 1016 1956 1089 quoqne

420 1119 520 1194 villas
547 1120 582 1192 et
609 1117 698 1192 vicos
725 1116 868 1191 flarrrmis
895 1116 1053 1190 dederant
1073 1116 1106 1211 ¹),
1135 1115 1171 1188 in
1198 1115 1319 1189 ultima
1345 1115 1511 1208 Prnasiae,
1540 1115 1762 1191 continuando
1789 1117 1904 1190 caedes
1922 1118 1957 1190 ot

420 1241 583 1332 incendia,
612 1239 788 1314 transituri
803 1238 842 1334 ²).
877 1238 1100 1332 Oovnpositam
1123 1235 1241 1332 itaque
1268 1239 1420 1314 fraudem
1452 1241 1487 1313 et
1511 1237 1733 1334 proditionem
1759 1239 1955 1332 transfugae

421 1363 605 1454 executuri,
633 1385 699 1438 non
726 1361 867 1457 provisis
895 1361 1143 1452 commeatibus,
1173 1385 1239 1437 non
1265 1361 1450 1458 exploratis
1477 1361 1665 1452 itineribus,
1693 1361 1751 1436 scd
1777 1383 1838 1456 per
1863 1359 1956 1434 invia

420 1485 590 1562 silvestria
604 1482 630 1580 ³)
658 1485 836 1560 trahebant
871 1483 1038 1560 exercitus
1074 1485 1272 1560 Polouorum
1309 1485 1454 1580 primum
1489 1506 1628 1578 agmen,
1667 1483 1755 1577 quod
1788 1481 1955 1558 Heuricus

420 1607 699 1684 Sandomiriensis
734 1607 935 1702 Princeps)
971 1607 1123 1699 ducebat,
1161 1607 1242 1682 item
1269 1607 1459 1700 etreliqua
1485 1606 1640 1703 agmina,
1678 1605 1799 1698 quibus
1824 1607 1954 1701 Mycon-

421 1733 513 1806 slaus
539 1731 628 1822 Dux,
657 1729 847 1822 caeterique
874 1729 1034 1823 praefecti
1062 1731 1248 1825 praeerant,
1285 1733 1490 1824 postremum
1520 1729 1638 1806 deinde
1665 1728 1752 1822 quod
1778 1729 1955 1804 Boleslaus

419 1853 601 1928 Monarcba
626 1873 701 1928 curn
728 1851 1017 1928 exercitatissimis
1053 1852 1220 1928 militibus
1254 1853 1420 1944 servabat,
1458 1851 1495 1926 in
1525 1852 1634 1926 saltus
1661 1851 1805 1946 primum
1832 1853 1866 1925 st
1893 1850 1954 1925 sil·

419 1978 557 2068 vestras,
587 1975 754 2066 densaque
780 1974 961 2050 solitudine
987 1973 1136 2070 rigentes
1170 1997 1330 2068 recessus,
1368 1973 1486 2050 deinde
1513 1973 1740 2070 paludinibus,
1777 1972 1955 2066 limosique

419 2097 594 2173 bituminis
621 2096 813 2172 lubricitate
851 2099 1012 2193 perpetua
1046 2096 1165 2172 obsitis
1180 2097 1218 2192 ⁵),
1256 2099 1327 2173 loca
1357 2095 1535 2193 palustria,
1573 2097 1732 2172 descensu
1758 2095 1894 2192 insuper
1920 2098 1955 2172 et

418 2220 571 2316 congerie
597 2219 754 2295 imbrium
781 2219 911 2312 limosa,
940 2221 974 2295 et
1001 2241 1086 2314 quae
1103 2220 1275 2296 naturales
1292 2219 1490 2316 voraginum
1519 2222 1656 2316 abyssos
1682 2218 1858 2296 vernantia
1875 2240 1954 2314 gra-

418 2343 518 2418 minis
545 2341 861 2438 superficietenus)
888 2341 960 2416 nati
987 2344 1147 2438 tegebant
1157 2342 1196 2437 7),
1225 2342 1398 2434 inducunt,
1428 2364 1586 2438 magnum
1612 2341 1794 2434 hominum,
1810 2340 1954 2437 pecoris·

416 2489 480 2560 quo
507 2488 693 2558 numerum,
733 2464 815 2540 locis
850 2465 1040 2540 huiusmodi
1076 2465 1254 2560 superatis,
1291 2465 1472 2541 assertione
1507 2465 1620 2540 dolosa
1647 2466 1898 2560 transfugarum
1913 2465 1952 2559 ⁸),

416 2613 482 2680 quo
509 2588 616 2664 minor
643 2587 775 2663 itineris
801 2587 949 2664 taedium
975 2589 1074 2679 esset,
1102 2587 1268 2684 reperturi
1283 2587 1322 2684 9).
1367 2588 1491 2665 Verum
1518 2588 1597 2664 dum
1624 2588 1690 2662 iam
1717 2587 1862 2684 primum
1888 2589 1953 2663 Po-

416 2712 567 2786 lonornm
594 2731 715 2806 agmen
741 2711 783 2786 ad
811 2709 985 2806 angustias
1020 2711 1128 2786 saltus
1155 2711 1271 2785 frauda
1307 2711 1426 2786 ducum
1447 2709 1490 2805 ¹⁰)
1516 2711 1711 2806 perductum
1738 2711 1837 2802 asset,
1866 2711 1952 2784 Prn-

416 2835 593 2909 thonorum
620 2835 772 2910 catervae
808 2833 843 2908 in
878 2833 982 2908 variis
1016 2833 1099 2909 locis
1125 2857 1167 2909 ex
1194 2833 1327 2908 insidiis
1362 2832 1554 2928 prosiliunt,
1590 2835 1625 2909 at
1652 2831 1788 2929 sagittis
1823 2831 1954 2910 ominus

416 2955 571 3048 emissiia,
599 2977 720 3051 agmen
746 2955 892 3052 primum
919 2979 978 3051 pro
1005 2955 1165 3051 temporis
1183 2957 1217 3032 et
1234 2956 1299 3031 loci
1317 2955 1527 3048 necessitate,
1556 2977 1657 3050 quam
1684 2957 1723 3030 ut
1743 2955 1785 3050 ¹¹)
1811 2954 1859 3030 rei
1888 2954 1951 3030 mi-

415 3077 527 3154 litaris
552 3079 638 3154 ratio
666 3081 702 3154 et
728 3079 804 3154 ordo
831 3081 998 3174 poscebat,
1036 3078 1249 3172 instructum,
1286 3101 1393 3171 neque
1419 3078 1585 3175 progredi,
1622 3099 1729 3172 neque
1755 3078 1867 3154 cedere
1893 3101 1951 3154 va·

415 3204 498 3292 lons,
528 3201 671 3278 letiferis
700 3201 905 3295 vulneribus
934 3225 954 3278 a
981 3201 1157 3298 reciprocis
1184 3201 1378 3278 vulneribus
1406 3201 1471 3298 ipsi
1496 3200 1577 3294 tuti,
1605 3199 1786 3295 iniquitate
1804 3201 1951 3277 locorum

414 3324 505 3417 frati,
533 3325 635 3402 facilc
661 3347 763 3420 parvo
789 3325 923 3421 negotio
946 3325 1104 3418 fundunt,
1141 3324 1397 3420 conficiuntque.
1442 3323 1565 3400 Primis
1592 3323 1762 3400 ordinibus
1789 3323 1825 3398 in
1852 3325 1950 3419 paln-

413 3450 515 3523 strom
542 3450 578 3522 et
604 3447 759 3523 limosum
796 3447 1020 3524 incidentibus
1045 3449 1166 3538 locum,
1204 3447 1344 3524 celerius
1379 3469 1443 3542 quo
1471 3449 1626 3543 poterant
1653 3446 1890 3523 incumbebant
1910 3447 1951 3542 1Ἰ)

413 3571 537 3661 hostes
567 3570 706 3646 liberius
732 3570 810 3645 telis
838 3571 1021 3646 confossuri
1039 3594 1104 3664 coa,
1134 3571 1191 3665 qni
1218 3571 1403 3650 alocoruvn
1429 3569 1664 3646 detinebantur
1690 3569 1866 3664 voragine:
1894 3570 1951 3644 ubi

413 3691 573 3786 Princeps
607 3692 840 3768 celeberrimus
876 3693 1040 3768 Henricus
1077 3692 1356 3768 Sandomiriensis
1382 3692 1418 3766 iu
1443 3691 1514 3768 acio
1541 3713 1707 3788 pugnans,
1746 3691 1780 3766 vi
1806 3691 1950 3766 telorum

413 3835 601 3908 oppressus,
639 3837 714 3890 curn
740 3815 893 3908 pluribus
920 3814 1110 3910 insignibus
1144 3815 1310 3890 militibus
1336 3814 1473 3906 occisus,
1510 3813 1731 3907 plurimisque
1756 3812 1950 3889 vulneribus

412 3939 584 4012 consertus
603 3934 656 4031 ¹³),
686 3937 779 4031 prius
806 3937 973 4032 spiritum,
1002 3960 1102 4031 quam
1127 3939 1252 4012 bellum
1270 3937 1433 4032 deposuit,
1461 3939 1718 4033 praestabatque
1737 3935 1779 4030 ¹¹)
1806 3958 1865 4030 per
1883 3935 1948 4011 vir-

413 4061 520 4133 tutem
539 4059 632 4150 mori,
662 4083 762 4152 quam
789 4060 832 4134 ad
859 4059 1076 4154 ignominiam
1104 4059 1225 4151 vivere,
1253 4062 1288 4135 et
1315 4059 1416 4135 armis
1442 4059 1663 4153 nequicquam
1690 4057 1947 4152 tutantibns¹⁵),

411 4181 616 4256 transfossus
642 4181 677 4254 in
704 4184 827 4256 terram
855 4182 1071 4256 moribundus
1107 4181 1258 4256 defluxit.
1304 4183 1350 4258 Et
1380 4181 1461 4258 licet
1494 4182 1677 4258 secundum
1711 4182 1745 4255 et
1772 4180 1853 4256 item
1880 4183 1947 4256 ter-

411 4303 497 4376 tium
524 4305 624 4396 atquo
652 4304 808 4394 quartum
835 4327 955 4398 agmon
983 4305 1089 4399 primo
1116 4304 1281 4380 auxilium
1316 4305 1475 4396 laturum,
1504 4303 1635 4379 iniussu
1652 4305 1782 4378 Ducum
1799 4305 1834 4380 at
1851 4325 1947 4397 prae·

410 4427 573 4500 factorum
600 4426 807 4518 accurrisset,
836 4429 905 4502 fere
932 4428 1046 4502 tamen
1065 4427 1204 4522 singuli,
1234 4427 1291 4520 qui
1310 4427 1477 4502 incautius
1504 4427 1614 4502 studio
1640 4426 1710 4501 suis
1736 4425 1948 4501 succurrendi

409 4550 638 4642 erumpebant,
676 4550 736 4622 aut
769 4549 965 4624 acoenosis
1001 4549 1269 4642 involvebantur,
1307 4552 1619 4644 suffocabanturque
1655 4547 1860 4646 gurgitibus,
1888 4551 1948 4624 ant

410 4669 590 4744 hostilibus
616 4669 725 4744 hastis
743 4673 778 4745 et
796 4671 998 4766 cuspidibus,
1028 4672 1063 4744 in
1081 4674 1222 4748 mortem
1249 4672 1417 4767 propriam
1445 4695 1542 4748 coeca
1568 4671 1659 4748 rabie
1684 4673 1830 4762 ruentes,
1850 4669 1963 4765 quasi·

409 4792 571 4886 quaedam
598 4791 753 4868 victimae
780 4793 923 4888 excepti,
963 4793 1172 4888 confessique
1199 4796 1499 4884 obtruncabantur;
1527 4817 1635 4889 neque
1662 4793 1750 4870 anim
1777 4793 1945 4886 relinque·

517 5018 539 5098 ¹)
563 5021 695 5081 dedendo
722 5019 791 5081 Cori.
814 5023 904 5082 Roar.
945 5019 970 5098 Ω)
994 5023 1118 5080 transire
1140 5022 1284 5096 parabant
1310 5019 1380 5082 coa.
1394 5022 1485 5083 Roar.
1521 5017 1545 5104 ³)
1570 5027 1600 5081 et
1622 5021 1768 5082 silvestria
1790 5022 1856 5081 loca
1876 5020 1945 5082 flod.

408 5127 499 5186 Roar.
538 5121 564 5202 4)
586 5127 653 5184 Dux
679 5123 747 5188 (iod.
770 5127 861 5187 Roar.
902 5123 927 5204 5)
951 5127 1046 5186 obsita
1072 5125 1142 5187 Ood.
1165 5128 1257 5187 Beer.
1296 5121 1323 5208 ¹¹)
1346 5128 1376 5187 in
1399 5125 1552 5202 superficie
1578 5124 1648 5189 Ood.
1672 5127 1763 5186 Rosa.
1802 5122 1945 5202 ⁷)tectoa

409 5231 466 5292 Ed.
489 5229 582 5290 Dobr.
607 5227 632 5307 s)
648 5228 805 5304 transfugis
820 5231 1017 5290 asserentibus
1044 5231 1114 5290 Cod.
1137 5231 1227 5291 Rorr.
1252 5228 1278 5308 9)
1293 5232 1418 5292 Polonoa
1442 5236 1586 5306 capturos.
1606 5230 1676 5291 Ood.
1699 5232 1790 5292 Roar.
1818 5227 1858 5308 ¹⁰)
1875 5231 1944 5290 duc·

407 5340 502 5394 torum
528 5333 598 5395 Ood.
621 5335 712 5394 Rorr.
751 5332 790 5412 ¹¹)
807 5336 894 5396 aliter
915 5353 1000 5410 quam
1028 5335 1098 5396 Ood.
1121 5337 1213 5398 Roar.
1256 5335 1295 5416 ¹¹)
1309 5337 1479 5398 incumbunt
1506 5336 1576 5398 Ocri.
1599 5337 1691 5398 Rosa.
1733 5331 1772 5413 ¹³)
1795 5334 1945 5398 confectus

412 5438 483 5498 Ood.
505 5439 596 5499 Roar.
639 5434 678 5518 ¹⁴)
700 5441 858 5515 maluitque
884 5437 954 5502 Ocd.
977 5442 1068 5502 Roar.
1095 5441 1245 5504 honestius
1268 5441 1377 5504 ducens
1399 5441 1459 5504 Ed.
1481 5441 1573 5502 Dobr.
1618 5436 1657 5518 ¹⁵)
1679 5441 1761 5500 illum
1783 5440 1945 5503 tutantibus

411 5542 481 5605 Ood.
504 5545 596 5605 Beer.
