4208 6282
376 493 459 575 ‘136
1012 525 1125 578 arana
1152 525 1305 579 snxrus.
1676 504 1739 600 (Α.
1759 504 1808 580 D.
1825 505 1933 622 Ι1193.)

382 709 592 803 pararentur,
620 707 773 803 implere.
819 707 965 804 Quorum
1001 711 1155 805 precibus
1191 710 1385 786 Kaaimirus
1411 711 1491 784 Dux
1517 711 1640 804 motus,
1677 711 1713 788 et
1739 712 1873 788 caedem
1898 714 1932 788 et

383 830 594 908 exustionem
620 829 714 906 iubet
741 829 896 922 rescindi,
937 833 1136 924 retentaque
1163 832 1293 909 tributa
1320 855 1431 908 coram
1457 833 1568 908 afferri
1589 834 1611 929 ¹)
1638 835 1674 910 et
1699 833 1830 911 obsides
1857 857 1932 911 cen·

382 953 457 1026 tum
484 952 567 1044 dari,
605 952 822 1048 captiuosque
862 955 897 1027 et
924 953 1024 1048 signa
1059 953 1248 1050 intercepta
1282 954 1388 1030 reddi.
1434 955 1504 1029 Nec
1531 977 1622 1030 mora
1638 954 1666 1050 ²)
1697 957 1832 1032 barbari
1857 954 1934 1052 etl)

383 1073 495 1148 omnia
529 1073 696 1168 imperata
718 1073 910 1168 perficiunt,
938 1078 973 1150 et
988 1076 1016 1169 ⁴)
1043 1075 1254 1150 Kazimirum
1281 1079 1407 1152 Ducem
1435 1076 1666 1171 singularibus
1697 1078 1793 1153 donis
1820 1079 1933 1173 placa·

381 1194 485 1268 bilem
512 1194 577 1268 sibi
607 1195 770 1287 effecturi,
807 1195 984 1270 honorant.
1027 1197 1083 1270 Ita
1110 1197 1304 1278 Kazimiras
1340 1198 1434 1272 clade
1470 1219 1606 1272 suorum
1641 1199 1726 1290 ulta,
1764 1199 1933 1274 obsidibus

382 1338 514 1406 quoque
553 1316 801 1392 Prutheuorum
838 1319 873 1392 et
909 1317 1047 1392 tributis
1084 1319 1247 1412 receptis,
1284 1319 1494 1413 amplissima
1528 1319 1628 1395 laudo
1663 1319 1831 1395 militibus
1856 1343 1932 1396 oum

381 1435 608 1529 offerentibus,
638 1437 725 1528 quod
751 1437 888 1532 provide
915 1439 949 1512 et
976 1461 1132 1533 prospere
1159 1439 1400 1514 Prothenicum
1426 1440 1555 1516 bellurn
1581 1441 1738 1535 gesserit,
1767 1463 1843 1517 cum
1861 1464 1932 1516 ma·

381 1579 449 1652 gna
475 1580 535 1632 sua
561 1559 595 1632 et
622 1580 757 1633 suorum
784 1558 962 1634 alacritate
989 1559 1025 1633 in
1051 1560 1237 1653 Poloniam,
1266 1561 1390 1636 finibus
1416 1561 1529 1657 Regni
1555 1561 1608 1635 sui
1634 1563 1850 1658 recuperatis,
1877 1585 1932 1636 re-

383 1677 519 1754 meauit.

486 1799 666 1875 Saladinus
693 1800 900 1894 Babyloniae
927 1802 1004 1876 Rex
1028 1804 1107 1896 post
1133 1804 1329 1898 occupatam
1357 1802 1575 1898 permissione
1598 1803 1711 1879 divina
1728 1804 1764 1880 et
1782 1827 1841 1899 pro
1860 1826 1930 1880 sce-

382 1921 451 1996 lere
477 1921 624 1996 humano
660 1921 797 1996 Terram
832 1922 1001 2014 Sanctam,
1039 1925 1177 2018 etpost
1209 1925 1432 1999 multifariam
1468 1924 1735 2000 Christianorum
1769 1928 1930 2020 stragem,

382 2041 461 2115 dum
488 2043 578 2136 apud
603 2043 804 2118 Damascum
831 2043 1030 2119 decumbens
1059 2046 1199 2120 mortem
1225 2045 1290 2120 sibi
1317 2045 1479 2122 sensisset
1505 2045 1689 2139 imminere,
1727 2047 1859 2122 uocauit
1885 2047 1931 2120 si·

382 2162 552 2257 gniforum
579 2185 688 2255 suum,
719 2163 851 2240 dicens:
889 2166 939 2238 Tu
967 2165 1026 2256 qui
1053 2167 1183 2242 solebas
1210 2167 1298 2241 ferre
1324 2167 1453 2243 uexilla
1479 2190 1553 2243 mea
1580 2167 1616 2242 in
1645 2169 1818 2261 bellorum,
1847 2191 1932 2262 quae

382 2283 484 2378 gessi,
513 2285 759 2380 congressibus
787 2287 838 2362 fer
864 2287 1028 2362 uexillum
1057 2287 1175 2363 mortis
1203 2311 1307 2380 meae,
1336 2289 1553 2384 panniculum
1579 2289 1737 2365 videlicet
1754 2289 1857 2366 uilorn
1875 2311 1932 2364 su·

381 2427 441 2501 per
467 2407 631 2498 lanceam,
660 2407 863 2482 clamitando
891 2431 950 2502 por
976 2410 1083 2484 totam
1110 2411 1329 2486 Damascum:
1363 2413 1448 2486 Ecce
1475 2411 1655 2486 Saladinus
1682 2411 1757 2486 Rex
1784 2411 1932 2486 Orientis

381 2526 565 2602 moriturus
592 2551 658 2603 non
685 2528 753 2602 fort
781 2550 894 2626 secum
920 2529 1073 2606 exomni
1100 2531 1210 2626 gloria
1235 2553 1297 2607 sua
1323 2531 1390 2607 nisi
1416 2533 1507 2607 hunc
1533 2555 1683 2627 pannum
1696 2531 1725 2626 ⁵)
1750 2533 1869 2622 rilem;
1897 2534 1932 2608 et

381 2647 430 2723 sic
457 2650 610 2724 mortuus
636 2649 701 2724 est.

838 3009 1048 3125 ANNUS
1083 3010 1308 3127 DOMINI
1343 3013 1478 3126 1193.

431 3257 671 3334 doncordantnr
690 3264 844 3352 perpetuo
864 3261 977 3334 Polonl
993 3280 1068 3335 xcun
1086 3261 1260 3356 Huugaris3
1288 3267 1322 3336 et
1339 3263 1407 3336 llox
1425 3263 1502 3336 llola
1520 3280 1593 3336 cnm
1612 3261 1775 3337 Kariniro
1793 3263 1877 3336 buco

846 3383 1050 3474 conueniunt,
1074 3403 1248 3477 pacemque
1272 3383 1469 3458 confirmant.

483 3621 661 3716 (testigata
688 3624 723 3696 et
749 3623 792 3698 ad
815 3621 1024 3714 seruitutem,
1052 3623 1333 3717 tributariamque
1351 3623 1575 3701 conditionem
1594 3623 1801 3701 Pruthenica
1819 3624 1926 3720 regio·

379 3764 422 3816 ne
449 3764 508 3835 per
534 3742 745 3818 Kaaimirum
772 3745 897 3819 Ducem
924 3746 959 3818 et
984 3745 1199 3818 Monarcham
1226 3746 1427 3820 Polonorum
1454 3748 1601 3838 redacta,
1638 3747 1682 3822 ad
1707 3769 1760 3822 res
1785 3747 1926 3842 Hungu-

380 3861 498 3937 ricales
513 3861 542 3956 R
560 3865 815 3958 componendas,
843 3866 1049 3957 bellumque,
1078 3866 1165 3958 quod
1185 3869 1307 3962 treuga
1325 3888 1525 3962 suspensum
1543 3868 1627 3960 erat,
1648 3867 1924 3964 extinguendum,

380 4005 482 4078 opera
510 3984 667 4076 utrinque
702 3987 825 4060 novata
851 3987 913 4078 est,
951 3988 986 4060 et
1012 3986 1147 4081 dieta⁷)
1174 3986 1320 4081 primum
1352 3987 1389 4062 in
1415 3989 1610 4084 Regnorum
1638 3989 1738 4065 metis
1764 4011 1823 4084 por
1849 4012 1924 4064 con·

379 4103 527 4179 siliarioe
554 4127 757 4198 communes,
794 4107 1071 4198 quemadmodum
1107 4107 1254 4183 triennio
1294 4111 1372 4183 ante
1404 4109 1493 4184 inter
1519 4131 1575 4185 eos
1601 4112 1811 4202 conuenerat,
1841 4111 1925 4186 cele·

378 4225 477 4306 brata
502 4227 567 4300 est.
612 4225 665 4299 Ad
693 4248 794 4320 quam
820 4249 896 4301 cum
923 4249 983 4321 pro
1010 4230 1108 4322 parte
1143 4229 1256 4324 Regni
1282 4230 1441 4305 Poloniao
1467 4232 1573 4306 Fulco
1599 4231 1840 4307 (traconensis¹
1855 4231 1926 4326 epi·

378 4367 509 4441 scopae,
546 4347 706 4423 Nicolaus
733 4347 958 4424 cracoviensis
984 4349 1160 4444 palatinus
1186 4353 1222 4426 et
1249 4352 1371 4428 caeteri
1406 4353 1609 4429 Polonorum
1644 4353 1839 4446 consiliarii,
1870 4376 1927 4449 pro

377 4468 475 4561 parte
501 4490 578 4542 uero
604 4469 803 4564 Huugariae
830 4469 942 4564 Regni
958 4470 986 4564 Β)
1018 4471 1262 4566 strigoniensis
1289 4475 1324 4548 et
1350 4473 1527 4568 Agriensis
1562 4473 1738 4570 pontifices
1765 4496 1842 4549 cum
1868 4497 1926 4570 pa·

377 4587 486 4663 latino
512 4588 711 4684 Huugariae
738 4592 772 4664 et
798 4590 974 4666 nonnullis
1000 4590 1079 4665 aliis
1096 4593 1276 4668 baronibus
1294 4594 1539 4688 conuenissent,
1569 4595 1753 4692 multiplici
1779 4597 1927 4670 tractatu

378 4709 530 4784 irritatos
557 4709 685 4787 animos
712 4695 904 4806 pacificant,
933 4712 1167 4806 sanciuntque,
1200 4715 1238 4788 ut
1265 4715 1349 4790 Bela
1376 4715 1572 4812 Huugariae
1598 4717 1675 4794 Rex
1701 4741 1760 4792 suo
1787 4717 1926 4813 amplis·

377 4831 463 4907 simo
489 4832 687 4928 Huugariae
717 4833 837 4929 Regno
856 4837 1045 4928 contentus,
1073 4835 1308 4912 Ruthenorum
1334 4837 1487 4933 regiones
1514 4838 1557 4914 ad
1583 4839 1743 4914 Poloniae
1769 4839 1926 4935 Regnum

378 4957 529 5050 spectare
556 4954 744 5050 permittat.
789 4956 1000 5034 Conveniunt
1035 4955 1155 5033 deinde
1189 4959 1413 5053 personaliter
1447 4960 1532 5038 Belo
1566 4960 1764 5058 Huugariae
1790 4962 1866 5037 Rex
1893 4962 1926 5038 et

484 5249 513 5341 ¹)
533 5251 633 5314 offerri
654 5250 715 5312 Ed.
737 5251 831 5313 Dobr.
871 5247 1070 5330 ⁹)morantur
1095 5251 1166 5315 Ood.
1188 5255 1281 5317 Roar.
1320 5251 1348 5334 ³)
1370 5257 1424 5318 sed
1453 5254 1523 5320 (lod.
1546 5257 1640 5320 Reor.
1678 5253 1706 5335 ⁴)
1729 5263 1759 5319 et
1780 5257 1923 5321 mandatis

376 5353 525 5429 obediunt,
545 5354 620 5418 Dodo
637 5357 730 5419 Rorr.
769 5351 796 5434 ⁵)
818 5358 1005 5432 panniculum
1030 5356 1101 5421 Ood.
1123 5359 1217 5422 Rorr.
1259 5355 1477 5437 ⁰)Hungariae
1505 5361 1566 5423 Ed.
1589 5363 1684 5424 Dobr.
1722 5359 1924 5440 Dconuenfio

380 5457 451 5524 God.
474 5460 568 5525 Rorr.
604 5457 631 5539 ⁸)
653 5460 743 5537 Regis
765 5460 826 5527 Ed·
848 5461 944 5526 Dobr.

2083 1091 2095 1661 l

2087 1702 2099 2253 l

2090 2291 2100 2862 ι
