4140 6298
136 562 194 660 (lt.
215 561 263 639 D.
283 564 391 660 1241.)
742 587 854 640 urens
881 587 1077 642 susurrans.
1606 569 1681 644 283

133 896 303 970 briodua
323 895 441 970 llulm
467 896 594 970 daunai
619 896 716 970 lluoir
743 897 846 970 oooisi
872 897 961 970 illiue
980 897 1186 988 miuoreuuir,
1214 898 1367 972 latoniae
1391 900 1463 972 buu
1485 919 1504 972 u
1523 899 1684 974 militibus

279 1017 429 1108 aluntur:
461 1035 545 1110 puro
572 1036 624 1092 rou
652 1017 833 1092 tuurrdum
859 1019 1022 1092 umoriro
1048 1021 1166 1094 buram
1193 1019 1366 1111 plurimum
1393 1019 1536 1096 otendit

233 1259 317 1334 Post
343 1257 472 1334 obitum
499 1258 639 1336 Heurioi
666 1259 895 1336 cracoviensis
921 1262 957 1336 et
983 1260 1277 1338 Wratislaviensis
1304 1283 1344 1336 ao
1370 1262 1507 1338 Maioris
1524 1263 1685 1340 Poloniae

132 1380 234 1458 Duois
260 1403 283 1456 a
309 1381 486 1456 Thartaris
513 1382 549 1456 in
569 1381 696 1476 praelio
722 1382 944 1478 Leguioueusi
973 1382 1084 1474 oooisi,
1112 1384 1254 1458 barones
1280 1385 1316 1460 et
1343 1383 1470 1459 milites
1488 1385 1683 1462 Oraaouien-

132 1525 194 1595 ses,
222 1493 514 1579 Saudomirienses
540 1506 576 1578 et
600 1502 837 1596 bubliuenses,
874 1504 932 1599 qui
960 1505 1049 1581 oladl
1076 1505 1295 1581 Thartarioae
1328 1507 1577 1600 superfuerant,
1614 1509 1684 1583 ter·

131 1646 186 1700 ras
213 1624 387 1719 praelatas
414 1625 571 1702 Boleslao
597 1624 700 1700 calvo
726 1624 798 1700 filio
824 1625 966 1702 Henrioi
993 1627 1321 1718 commendaverunt,
1349 1626 1567 1704 subiioieutes
1594 1649 1630 1705 se
1650 1630 1685 1704 et
1724 1647 1727 1656 ’

12 1745 15 1750 ’
130 1747 239 1822 terras
266 1747 438 1841 praelatus
472 1745 546 1822 eius
581 1745 703 1822 ditioni
730 1749 766 1822 et
790 1747 966 1842 potestati.
1014 1747 1078 1843 Qui
1114 1769 1231 1824 earum
1267 1749 1511 1844 possessiouem
1547 1751 1679 1839 neotus,

131 1868 337 1944 clementem
364 1867 474 1944 filium
501 1867 643 1945 Sulislai
671 1868 710 1944 de
737 1869 890 1946 Rusnoua
908 1869 933 1964 ¹)
966 1869 1157 1964 palatinum
1185 1869 1434 1948 Oraoovieusem
1461 1871 1682 1964 constituens,
1789 1893 1793 1900 ’

131 1991 280 2066 auarus
307 2011 439 2084 quoque
466 1989 665 2086 dignitates,
698 1987 811 2066 oilioia
837 1993 872 2067 et
899 1991 1122 2086 magistratus
1149 1991 1186 2066 in
1213 1992 1300 2068 alios
1326 1994 1467 2068 barones
1493 1995 1528 2068 et
1554 1993 1684 2068 milites

132 2111 330 2188 elratoria„
355 2111 468 2209 Aegre
493 2112 528 2188 id
554 2113 667 2190 ferens
694 2112 871 2188 (luuradus
896 2113 1068 2188 blasoviae
1093 2115 1183 2206 Dux,
1212 2116 1248 2190 et
1274 2117 1426 2210 spretum
1453 2137 1489 2192 se
1515 2137 1536 2190 a
1562 2115 1682 2192 erano-
1815 2215 1819 2220 .

131 2233 305 2310 aiensibus
339 2233 522 2312 baronibus
538 2233 565 2329 ²)
601 2234 738 2326 dolens,
780 2233 899 2310 aloisoi
934 2234 1094 2310 iniuriam
1129 2256 1226 2312 suam
1262 2235 1509 2331 quamprimum
1547 2237 1681 2328 statuit,

131 2358 399 2451 oonrentumque
434 2357 476 2432 ob
502 2355 537 2430 id
571 2354 772 2450 (assumptis
798 2355 908 2432 tribus
935 2355 1036 2431 filiis:
1073 2356 1241 2449 Boleslao,
1278 2358 1463 2450 Kaalmiro,
1500 2356 1681 2450 Semorito,

129 2481 305 2574 assumpto
330 2480 367 2554 et
392 2476 528 2554 Andros
553 2476 729 2565 ¹Plooueusi
756 2477 921 2573 episeopo,
953 2477 1163 2571 molarisque
1188 2478 1392 2554 consiliariis
1418 2483 1454 2556 et
1480 2478 1683 2575 primatibus

132 2623 267 2678 suorum
294 2599 566 2696 Priuoipatuum)
594 2600 805 2695 personalem
832 2622 908 2676 aum
934 2601 1215 2696 suantopellroue
1241 2601 1459 2678 Pomerauiae
1485 2603 1577 2678 Duae
1594 2601 1681 2696 agit,

131 2721 318 2816 implorans
355 2722 452 2798 illius
488 2723 607 2798 eontra
640 2722 836 2797 Boleslaum
871 2722 1021 2814 (laluum,
1050 2722 1350 2800 Wratielauienses
1387 2725 1423 2798 et
1448 2721 1684 2800 Oraoovianses

131 2843 259 2922 milites
286 2844 410 2922 solatia
424 2842 465 2941 ³).
493 2845 529 2918 Is
556 2843 621 2920 etsi
648 2865 684 2920 se
711 2845 752 2919 de
779 2844 948 2940 personali
975 2843 1104 2920 auxilio
1131 2845 1268 2922 ferendo
1294 2845 1398 2922 uariis
1424 2845 1585 2941 allegatis
1603 2867 1682 2920 oau-

6 3035 16 3044 .
131 2966 176 3042 sis
201 2968 412 3060 excusasset,
449 2965 604 3062 gentium
629 2967 745 3042 tamen
772 2989 910 3042 suarum
937 2988 1058 3064 agmen
1086 2989 1123 3042 se
1150 2967 1331 3043 missurum
1358 2967 1549 3064 spopondit,
1586 2968 1621 3041 et
1647 2966 1683 3040 iu

131 3091 281 3187 tempore
307 3088 494 3167 eonstituto
514 3087 627 3174 ‚misit
1299 3067 1303 3126 ¹

18 3553 22 3561 ,
131 3458 277 3533 itamari
303 3457 338 3531 lu
364 3456 524 3550 lluugrria
542 3475 598 3549 por
615 3455 778 3531 tiouuium
805 3457 1008 3547 eommorati,
1035 3473 1107 3530 orm
1128 3455 1162 3529 iu
1182 3455 1394 3530 solitudine·
1420 3455 1585 3548 redipuut;
1612 3459 1683 3530 tum

132 3580 229 3656 otium
256 3579 444 3656 drrooulam
471 3597 583 3652 rursus
609 3580 776 3654 uenientes
803 3567 990 3671 iuopiuito,
1018 3579 1199 3669 erudeliur,
1234 3597 1331 3671 quam
1359 3582 1449 3668 ruta,
1476 3579 1509 3650 iu
1535 3577 1683 3652 lamiuar

219 3703 383 3778 moriaut.
409 3703 592 3778 bestiarum
619 3703 698 3776 item
726 3702 835 3775 rables
862 3705 897 3776 ot
924 3703 1028 3776 ramea
1054 3700 1213 3776 lorreuia
1238 3700 1434 3792 burgariam
1461 3699 1591 3791 alligit

233 3946 476 4042 Hungarorum
502 3944 597 4040 Rege
623 3943 708 4021 lea
734 3947 770 4021 et
797 3943 947 4020 exereitu
974 3943 1047 4020 eius
1074 3942 1227 4021 oonflioto
1254 3944 1290 4019 ot
1316 3941 1506 4038 profligato,
1549 3939 1683 4016 unirer·

132 4089 233 4160 seque
260 4067 381 4163 Regno
407 4067 649 4163 Huugarorum
676 4067 880 4161 peruastato,
919 4065 1078 4142 Thartari
1114 4065 1209 4142 sedes
1241 4085 1341 4156 suas,
1378 4063 1476 4157 quasi
1512 4062 1683 4157 regionem

132 4189 227 4266 illum
254 4189 292 4264 in
319 4190 518 4285 perpetuam
544 4189 790 4266 haereditatem
817 4188 1000 4283 aooepturi,
1029 4187 1065 4262 in
1092 4186 1272 4282 Hunguria
1297 4187 1440 4282 ponunt,
1467 4187 1503 4260 et
1529 4183 1566 4258 in
1593 4207 1683 4262 oum

133 4311 303 4408 pestribus
329 4311 420 4387 iuter
446 4309 656 4406 strigonium
685 4314 719 4387 et
745 4310 921 4386 laurinum
949 4310 1036 4402 sitis,
1065 4308 1244 4404 planitiem
1270 4307 1560 4404 proportionatam
1585 4308 1620 4383 et
1647 4305 1684 4382 in

133 4456 246 4511 omnes
274 4435 389 4530 partes
416 4433 606 4526 aequaliter
632 4435 821 4528 porrectam
847 4434 1039 4524 habentem,
1077 4430 1206 4507 statiua
1237 4429 1361 4527 figunt,
1398 4429 1684 4520 tabernaoulaque

132 4553 167 4631 in
193 4577 320 4632 morem
347 4577 446 4630 suum
473 4557 602 4652 egesta,
632 4555 734 4631 humo
761 4557 797 4632 et
823 4577 883 4650 pro
909 4555 1063 4647 quobuet
1088 4553 1306 4630 tabernaculo
1333 4551 1473 4648 spooiali
1500 4551 1597 4627 lorea
1614 4551 1696 4626 dis·.

133 4677 255 4773 posita,
284 4676 507 4754 eonstituunt.
552 4676 621 4754 Ubi
648 4699 751 4772 prope
782 4676 956 4753 biennium
991 4677 1111 4752 immor
1132 4674 1161 4750 ti
1176 4675 1215 4770 ⁴),
1251 4673 1466 4770 Hunguriam
1501 4695 1561 4768 pro
1588 4675 1685 4768 parte

133 4799 263 4894 maiori,
291 4799 484 4896 agrestibus
518 4799 732 4895 tyrannidem
760 4821 875 4875 eorum
901 4800 989 4875 ferre
1015 4821 1082 4875 uon
1109 4796 1314 4889 ualentibus,
1350 4795 1512 4891 redigunt
1538 4793 1575 4870 in
1601 4793 1684 4870 soli·

133 4921 285 5000 tudinem
312 4922 348 4996 et
375 4919 628 4997 desolationem.
657 4921 722 4997 Sed
740 4941 802 4997 neo
819 4921 912 4997 furor
938 4919 1075 4996 Domini
1103 4919 1221 4997 oomtra
1235 4919 1264 5014 ⁵)
1290 4917 1541 4995 Graoouleusem
1568 4915 1685 4990 urbam

133 5043 272 5138 quieuit,
300 5043 361 5120 sed
387 5065 508 5118 manus
535 5044 645 5119 adhue
671 5042 744 5120 eius
771 5064 873 5139 super
899 5065 973 5120 eam
1005 5043 1158 5119 arbuta.
1202 5041 1287 5116 Belo
1313 5038 1479 5134 siquidem
1505 5037 1599 5132 Rege
1626 5035 1683 5112 de·

133 5165 271 5259 bellato,
300 5185 422 5263 agmen
449 5165 692 5242 Thartarorum
719 5187 779 5261 per
805 5163 1080 5262 Sauepusiensem
1106 5185 1199 5240 oram
1226 5161 1330 5239 citato
1356 5162 1392 5238 et
1418 5157 1591 5237 oelerrirno
1608 5179 1685 5234 our·

240 5444 265 5525 ¹)
288 5445 425 5509 Szullslui
439 5447 477 5508 de
491 5445 658 5522 Russuouya
683 5443 753 5508 eoo.
775 5443 849 5510 Aut.
882 5443 909 5525 ⁹)
931 5445 1073 5509 militibus
1093 5443 1154 5510 Ed.
1177 5441 1264 5524 urps.
1296 5435 1325 5524 ³)
1346 5439 1465 5504 auxilia.
1494 5434 1566 5504 coe.
1589 5437 1682 5502 Rorr.

138 5545 166 5640 ⁴)
188 5552 360 5625 commorati
380 5551 442 5616 Ed.
465 5551 553 5638 Ilipa
593 5547 622 5642 ⁶)
644 5552 676 5614 iu
697 5549 758 5614 Ed.
780 5551 870 5639 Lipo.
