4162 6288
397 555 472 626 436
777 619 782 628 ,
999 573 1112 623 arnna
1138 569 1330 624 acerrume.
1664 544 1733 647 (Α.
1753 546 1801 622 D.
1820 543 1945 648 1275.)
2051 623 2054 627 ,

396 761 537 835 muliere
563 759 719 834 adultera
746 758 855 832 virum
882 759 1039 850 habente,
1067 759 1231 834 habuerat
1257 757 1444 847 Boleslaue,
1474 756 1570 830 illam
1598 756 1718 830 habuit
1745 755 1945 850 multiplici·

395 884 447 956 ter
474 881 643 955 infensam
670 883 706 955 et
732 901 888 956 exosam:
926 903 1012 973 quae
1047 882 1083 953 et
1107 879 1173 954 riri
1208 877 1430 954 contumelias
1466 879 1501 953 et
1536 877 1669 972 pollicis
1704 877 1945 972 indignitatem

395 1026 462 1076 non
489 1004 612 1093 ferens,
650 1003 808 1075 Boleslao
843 1003 984 1092 deserto,
1014 1002 1050 1074 in
1077 1002 1212 1075 domum
1239 1003 1425 1094 paternam,
1457 999 1537 1072 dum
1563 999 1665 1074 aliter
1690 999 1857 1092 nequiret,
1886 1021 1946 1093 pe-

396 1124 534 1198 ditando
561 1124 674 1197 rediit.
719 1121 812 1198 Adeo
840 1123 929 1196 enim
965 1123 1140 1216 praefatae
1176 1121 1380 1197 concubinae
1406 1124 1442 1196 et
1467 1121 1643 1194 adulterae
1669 1121 1846 1195 Boleslaus
1873 1120 1946 1214 ipse

397 1267 456 1337 per
483 1244 732 1319 incantationes
759 1246 794 1317 et
821 1243 971 1319 carmina
998 1243 1223 1317 infascinatus
1250 1245 1285 1316 et
1311 1241 1518 1332 illaqueatus
1555 1243 1727 1317 ferebatur
1753 1262 1877 1331 umere,
1905 1244 1946 1315 ut

397 1365 549 1454 alioquin
576 1367 627 1440 vir
654 1362 777 1439 natura
809 1385 945 1439 serenus
971 1365 1006 1439 et
1032 1365 1139 1455 feror,
1177 1363 1318 1438 libidine
1351 1363 1447 1436 illius
1481 1361 1639 1453 domitus,
1677 1361 1789 1436 omnia
1814 1383 1858 1437 ex
1884 1381 1945 1436 suo

396 1487 537 1561 arbitrio
563 1486 682 1580 egerit.
728 1487 780 1560 Ex
809 1485 903 1561 cuius
929 1485 1032 1561 etiam
1069 1485 1248 1560 concubitu
1284 1483 1394 1558 filium
1426 1483 1579 1578 spurium
1615 1486 1820 1579 susceptum,
1848 1483 1943 1558 Iaro·

396 1608 508 1682 slaum
534 1608 675 1683 uocauit.

397 1990 540 2062 concilio
568 1989 770 2080 Lugdnuonai
796 1990 899 2078 unito,
932 1989 1102 2080 Gregorius
1136 1989 1279 2060 decimus
1306 1989 1392 2080 Papa
1419 1988 1554 2061 moritur
1580 1993 1615 2060 ot
1640 1989 1745 2079 fuiget
1770 1987 1944 2060 miraculis.

496 2210 716 2305 lugdunensi
753 2211 900 2284 eoncilia
936 2210 972 2283 in
1006 2210 1129 2285 Galliis
1165 2212 1295 2300 exacto,
1333 2209 1516 2302 Gregorius
1542 2211 1637 2303 Papa
1656 2210 1680 2303 ¹)
1715 2210 1864 2285 decimus
1899 2233 1942 2285 ex

393 2332 558 2424 Lugduno
585 2331 621 2404 in
648 2330 814 2405 Viennam
849 2331 953 2421 venit,
992 2332 1113 2405 abinde
1149 2327 1354 2423 Laueaupim
1370 2330 1416 2423 ²),
1453 2332 1692 2423 consequenter
1719 2331 1755 2404 in
1781 2332 1942 2406 Lombar-

393 2452 483 2525 diam
511 2451 659 2542 divertit,
688 2475 732 2527 ex
758 2453 959 2527 Irombardia
985 2452 1152 2542 Tusciam,
1182 2450 1336 2525 dretium
1364 2451 1571 2545 petroniano,
1609 2451 1810 2542 infirmatur,
1838 2454 1875 2527 et
1900 2474 1943 2527 ex

392 2574 560 2667 languore
586 2573 743 2648 continuo
762 2573 886 2668 Quarto
915 2575 996 2647 Idus
1024 2572 1175 2646 Ianuarii
1203 2572 1345 2647 moritur
1385 2575 1421 2646 et
1456 2572 1491 2646 in
1518 2572 1661 2648 ecclesia
1686 2572 1806 2648 maiori
1832 2572 1942 2648 Aretii

270 2787 272 2796 Ι
392 2693 566 2785 sepelitur.
606 2693 668 2768 Oui
695 2694 809 2788 gratia
834 2695 989 2769 coelestis
1017 2694 1121 2768 etiam
1139 2693 1235 2766 illam
1262 2693 1422 2767 uirtutem
1450 2693 1635 2788 praestitit,
1653 2695 1692 2767 ut
1719 2717 1779 2788 per
1806 2693 1940 2768 inuoca-

391 2813 518 2888 tionem
546 2814 599 2887 eui
627 2814 772 2889 nominis
799 2815 955 2908 operetur
988 2814 1023 2887 in
1051 2813 1221 2911 plerisque
1257 2813 1340 2888 locis
1367 2815 1541 2889 miracula.
1579 2813 1675 2890 Sedit
1700 2817 1816 2890 autom
1842 2814 1942 2890 annis

392 2935 554 3026 quatuor,
582 2934 699 3010 diebus
726 2936 859 3026 decem,
887 2935 1081 3029 accipiendo
1107 2937 1242 3029 tempus
1268 2957 1334 3029 quo
1361 2935 1538 3011 Pontificio
1573 2958 1656 3010 usus
1683 2937 1754 3028 eet,
1783 2959 1851 3011 non
1877 2959 1941 3028 quo

391 3054 459 3126 fuit
493 3056 644 3144 croatua3
682 3055 772 3132 inter
808 3055 1011 3132 creationem
1046 3055 1213 3149 siquidem
1248 3058 1283 3130 et
1318 3057 1583 3152 acceptationem
1618 3059 1688 3133 tres
1724 3079 1857 3133 menses
1891 3059 1940 3132 ef·

393 3174 574 3250 duxerant.

605 3537 685 3609 Puer
711 3540 883 3611 semestris
909 3539 1138 3613 btrmrorum
1165 3539 1340 3614 aduentum
1366 3539 1538 3614 draconino
1564 3538 1736 3630 praedixit

494 3777 689 3872 Prodigium
716 3802 754 3854 eo
780 3801 868 3854 anno
895 3781 1091 3857 nuntiatum
1119 3783 1245 3857 multos
1259 3804 1380 3876 pauore
1399 3779 1502 3856 nimio
1520 3781 1698 3856 concussit.
1735 3781 1835 3877 Apud
1861 3784 1961 3875 era-v

391 3897 576 3971 coriensem
603 3898 769 3992 siquidem
795 3904 922 3993 urbem,
951 3926 1033 3999 puer
1059 3903 1120 3977 vix
1145 3903 1317 3980 semestris
1345 3903 1380 3976 in
1407 3925 1520 3977 rocem
1546 3903 1763 3978 articulatam
1790 3927 1940 3998 prorum-

393 4039 487 4111 pens,
515 4019 698 4096 Thartaros
716 4025 977 4117 superventuros
990 4027 1025 4099 et
1039 4025 1240 4100 Polonorum
1258 4025 1373 4120 capita
1391 4024 1611 4118 praecisurus,
1629 4025 1810 4118 praedixit.
1831 4027 1938 4116 Quae·

393 4138 480 4212 eitue
507 4141 549 4212 ab
576 4141 785 4232 astantibus,
823 4145 911 4219 unde
938 4145 971 4219 id
999 4147 1132 4221 nosset:
1169 4146 1291 4221 Divino
1327 4146 1460 4219 oraculo
1496 4166 1532 4218 ee
1567 4146 1693 4218 fretum
1729 4145 1797 4220 ista
1831 4168 1938 4238 nosse,

390 4259 573 4353 respondit.
602 4263 839 4358 Interrogatus
866 4265 1007 4358 deindo,
1036 4290 1080 4340 an
1107 4270 1142 4342 et
1169 4267 1241 4362 ipse
1268 4267 1510 4341 Thartarorum
1545 4266 1727 4340 adrentum
1763 4267 1938 4360 pertimes-

391 4381 505 4454 cereti
540 4381 647 4474 Quam
673 4385 821 4460 maxime
848 4407 883 4460 se
909 4386 1028 4462 timere
1064 4388 1198 4479 adiecit,
1235 4409 1309 4462 cum
1338 4387 1443 4462 etiam
1478 4386 1569 4461 inter
1595 4386 1681 4460 alios
1708 4407 1804 4462 suam
1831 4389 1939 4465 forent

389 4520 551 4575 cermcem
577 4504 772 4596 precursori.

502 4793 523 4873 ¹)
545 4797 625 4874 Papa
647 4801 725 4862 deest
747 4803 781 4861 in
808 4801 879 4863 Ged.
902 4803 974 4864 Aut.
1001 4803 1027 4881 ⁹)
1050 4806 1229 4878 Jausaupum
1255 4804 1317 4866 God
1338 4803 1431 4864 Roer.
