4140 6298
117 541 384 645 (aomos)
724 567 835 619 amas
862 565 1056 622 sarnum.
1586 549 1658 622 351

115 777 220 847 sunum,
251 755 308 848 qui
336 757 425 850 apud
453 755 640 830 Gruoiferos
666 757 805 830 Fratres
832 756 873 830 de
899 754 1038 830 Proseis
1065 754 1163 829 aunis
1190 753 1321 848 aliquot
1351 757 1448 830 obses
1474 756 1558 846 erat,
1587 777 1662 830 curn

114 875 262 951 exercitu
297 899 412 952 uorsus
447 876 607 952 Maiorem
642 875 829 966 Poloniam,
867 879 976 951 terras
1012 877 1171 970 nepotum
1203 899 1246 951 es
1273 897 1384 951 sorore
1419 876 1660 951 infestatorum

114 999 331 1073 transmittit.
378 999 440 1094 Quri
470 999 504 1072 in
532 1001 630 1074 noete
657 999 745 1074 diem
773 999 888 1074 Sancti
921 998 1097 1072 Michaelis
1134 999 1352 1092 retrocedente
1379 998 1419 1071 ad
1447 991 1557 1073 Nakel
1586 1021 1660 1093 per-

115 1121 260 1212 veniens,
293 1122 442 1196 castrnm
469 1123 579 1196 Nubel
608 1123 694 1213 qnod
732 1121 984 1212 aPrzomislaq
1019 1122 1111 1195 Duce
1146 1120 1368 1195 Posnaniensi
1404 1121 1438 1193 in
1474 1143 1536 1196 sua
1573 1127 1663 1196 sorta

114 1242 248 1337 pacifice
276 1245 466 1335 tenebatur,
504 1244 539 1317 et
565 1245 653 1336 quod
694 1227 951 1338 Suuutopolkus
989 1243 1163 1317 astruebat
1198 1241 1289 1316 intra
1315 1241 1478 1317 terminos
1505 1245 1661 1319 Pomera-

114 1365 185 1440 uiae
212 1366 407 1456 consistere,
447 1366 557 1439 rninus
593 1369 693 1460 probe
730 1368 853 1458 (neque
890 1365 980 1440 enim
1017 1367 1059 1439 ab
1086 1366 1251 1440 anuncnlo
1287 1387 1447 1460 germano
1482 1365 1662 1460 quicquam
1783 1427 1786 1434 .

113 1486 234 1561 hostile
262 1487 488 1563 Praemisluus
516 1490 576 1562 aut
603 1487 654 1562 sui
682 1489 900 1581 verebantur)
935 1487 1152 1578 custoditum,
1190 1507 1372 1582 aggressus
1398 1487 1661 1581 coruprehoudit,

113 1633 175 1682 aruo
202 1632 246 1684 ex
275 1609 461 1684 balistariis
488 1613 523 1684 ct
550 1610 781 1685 defensoribus
817 1609 932 1700 castri,
961 1609 1113 1704 pecunia
1145 1609 1468 1703 aSuantopelkone
1494 1611 1661 1703 corrupto,

112 1731 314 1806 tradimento
341 1734 377 1806 et
403 1731 540 1826 iugenio
567 1754 627 1806 suo
655 1755 714 1827 pro
742 1731 1036 1827 comprehensione
1069 1729 1172 1805 castri
1199 1730 1344 1824 praelati
1373 1753 1507 1824 operam
1536 1753 1663 1805 narcar-

112 1855 155 1925 te.
183 1851 279 1946 Quod
306 1853 381 1927 cuiu
410 1853 614 1928 Praemislao
642 1853 862 1928 Posuuniensi
889 1853 974 1928 Duci
1002 1852 1197 1926 urantiatum
1224 1854 1286 1942 cst,
1315 1852 1432 1946 paucis
1455 1851 1664 1946 interpositis

113 1973 237 2064 diebus,
281 1997 356 2050 cum
384 1975 490 2050 fratre
517 1976 674 2051 Boleslao
701 1977 792 2050 Duce
814 1976 837 2069 ¹)
863 1974 1060 2049 Calissiensi
1096 1977 1130 2049 et
1158 1973 1316 2068 gentibus
1349 1973 1525 2066 utriusque
1552 1974 1662 2048 Duco·

112 2099 165 2168 tos
192 2096 277 2171 illuc
304 2097 352 2171 ire
379 2097 492 2192 pergit
519 2101 554 2172 ot
586 2100 734 2172 castrum
760 2099 872 2172 Nubel
899 2097 1069 2171 obsidione
1096 2096 1216 2190 cingit.
1245 2095 1305 2170 Oui
1332 2095 1367 2170 iu
1386 2095 1570 2169 subsidium
1590 2096 1662 2170 Ka·

112 2217 247 2292 uiruirns
275 2218 502 2312 capariensis,
540 2219 769 2294 Larrciciensis
796 2221 830 2294 et
858 2218 1060 2294 Siradiensis
1096 2219 1174 2292 Dux
1201 2239 1276 2292 curu
1308 2217 1469 2313 gentibus
1495 2220 1661 2292 terrarum

112 2361 245 2413 suarum
275 2340 497 2435 personaliter
523 2342 616 2416 uenit
631 2341 670 2437 l),
709 2341 885 2416 Boleslnus
920 2363 997 2416 uero
1033 2341 1179 2414 Pndicus
1215 2339 1440 2414 tiracoriensis
1471 2341 1507 2414 ct
1533 2339 1661 2414 Sando-

114 2461 280 2537 nririensis
307 2465 387 2536 Dux
415 2463 509 2537 mille
537 2463 666 2560 milites
694 2465 729 2538 et
756 2463 947 2538 Semonibus
973 2462 1119 2538 Gunrudi
1150 2461 1318 2538 Maserius
1344 2463 1423 2535 Dux
1450 2460 1662 2556 octingentos

112 2583 144 2657 in
171 2584 333 2658 solatium
361 2585 455 2659 misit
472 2585 511 2680 ³).
557 2587 682 2660 Verarm
711 2609 785 2662 curn
814 2588 963 2660 castrum
990 2585 1101 2660 Nabel
1129 2587 1163 2658 et
1190 2585 1260 2658 situ
1286 2587 1322 2658 st
1349 2583 1535 2659 introitione
1570 2581 1661 2657 diffi-

113 2706 206 2780 cilem
243 2707 297 2780 sui
334 2707 621 2804 expuguationem
658 2708 891 2803 portenderet,
934 2707 1128 2783 Pomoranis
1164 2707 1206 2780 ad
1242 2705 1468 2782 defensionem
1511 2705 1606 2779 illius
1642 2729 1662 2780 a

112 2827 282 2924 llsceugio
309 2828 345 2902 in
372 2829 601 2924 multiplicato
629 2853 767 2905 nurnero
803 2829 949 2920 relictiS,
987 2832 1124 2904 strenue
1152 2827 1399 2918 resistentibus
1436 2826 1662 2900 Praemislaus

112 2949 186 3022 Dux
212 2949 455 3025 Posuunieusis
482 2973 563 3026 sano
590 2953 699 3026 fretus
727 2951 876 3043 consilio,
906 2951 999 3025 alind
1028 2973 1148 3025 norum
1177 2952 1326 3025 castrum
1352 2973 1370 3024 e
1397 2949 1533 3044 regione
1560 2948 1662 3023 castri

112 3071 240 3163 antiqui
280 3094 397 3147 uersus
433 3072 606 3148 occiduum
643 3073 734 3148 iufra
762 3073 832 3149 dies
859 3095 981 3168 pariens
1008 3071 1176 3163 aedificat,
1205 3074 1240 3146 et
1263 3071 1368 3147 'uallis
1395 3070 1597 3164 fossatisque
1623 3091 1662 3145 ac

111 3192 309 3268 victualium
336 3194 432 3290 copia
460 3194 637 3288 fulcitum,
674 3195 898 3270 fortissimum
934 3195 974 3269 de
1011 3194 1082 3268 suis
1109 3194 1297 3285 militibus,
1334 3193 1392 3287 qui
1428 3215 1599 3289 egressum
1627 3196 1662 3267 et

111 3313 301 3409 ingressum
327 3319 587 3392 Pomeranorum
616 3341 657 3394 cu
686 3321 796 3392 castro
823 3317 963 3410 antiquo
1001 3317 1164 3409 arcerent,
1202 3317 1307 3412 ratus,
1337 3318 1488 3407 uteret,
1526 3314 1662 3390 facilius

111 3435 202 3511 illius
220 3437 502 3530 conquisitionem
531 3439 716 3534 provenire,
745 3438 950 3534 praesidium
978 3438 1133 3534 imponit,
1162 3443 1197 3513 et
1219 3438 1332 3512 soluta
1349 3437 1529 3528 obsidione,
1558 3437 1661 3512 etiam

112 3559 230 3634 solatia
246 3559 276 3654 ⁴)
304 3559 461 3634 remittit.
508 3561 621 3636 Crebri
649 3561 763 3654 itaque
791 3561 879 3636 iuter
907 3563 1050 3636 Polonos
1078 3562 1112 3635 et
1139 3562 1340 3635 Pomeranos
1366 3560 1557 3654 agebantur
1583 3581 1660 3633 cou-

112 3680 218 3755 llictus
246 3683 284 3757 et
311 3682 380 3757 fero
416 3683 532 3758 dicbus
569 3683 717 3778 singulis
753 3685 795 3757 ab
824 3683 976 3776 utrisque
1011 3682 1204 3777 eruptiones
1240 3682 1442 3758 facientibus
1474 3680 1661 3756 certamina

112 3801 236 3878 diverso
266 3803 389 3894 Marte,
427 3827 517 3879 nnuc
552 3805 688 3878 Polouis
716 3827 805 3878 urano
831 3803 1026 3879 Pomernnis
1062 3805 1270 3894 cadentibus
1309 3803 1494 3878 inibantur.
1540 3801 1658 3876 Poloni
1755 3863 1756 3868 ,

111 3921 196 3999 inter
210 3924 239 4018 5)
269 3923 474 4000 desideratos
502 3925 629 4002 militas
657 3927 862 4001 Pakoslanm
897 3925 1042 4000 Scodrici
1058 3925 1087 4020 6)
1124 3927 1158 4000 ot
1184 3925 1393 4001 Hermaeum
1429 3925 1524 4000 volart
1552 3922 1661 4018 magis

111 4043 271 4141 insignes,
300 4046 495 4123 amiserant.

110 4411 279 4485 boloniae
305 4413 377 4485 ltux
403 4413 566 4487 Prosaiarn
594 4431 668 4486 oum
695 4415 842 4488 exercitu
870 4415 1055 4506 ingressus,
1088 4415 1210 4488 maltos
1237 4413 1279 4487 ad
1306 4415 1520 4488 dimotionem
1548 4414 1660 4508 adegit

146 4535 355 4626 religionen:
382 4536 414 4606 in
442 4536 534 4609 cuius
561 4537 607 4609 rei
634 4537 823 4610 memoriam
850 4540 940 4610 lloua
967 4537 1086 4628 Regius
1114 4540 1148 4610 ct
1175 4537 1353 4629 bmuabarg
1376 4541 1616 4612 construuntur.
1667 4547 1670 4556 ’

209 4777 393 4853 Bohemiae
420 4778 498 4852 Dux
525 4777 730 4853 Premisleus
748 4778 834 4854 alias
852 4779 1047 4873 Ottoknrus,
1077 4781 1272 4874 treugarum
1300 4779 1453 4855 inducias
1480 4803 1555 4854 cnm
1574 4781 1659 4854 Bela

110 4894 305 4993 Huugariae
332 4899 438 4995 Rege,
478 4897 540 4974 sibi
570 4902 605 4974 et
631 4899 732 4975 terris
759 4900 830 4974 suis
856 4901 953 4974 hoste
982 4899 1105 4975 infesto
1132 4902 1263 4993 nactus,
1302 4900 1454 4976 exercitu
1481 4901 1521 4975 de
1547 4901 1680 4976 Boho·'

111 5019 170 5093 ruis
197 5024 232 5096 ot
259 5022 407 5096 Moranis
434 5023 637 5128 comparato,
666 5023 793 5096 habeus
812 5022 848 5096 in
867 5023 1029 5097 corrritntu
1057 5045 1116 5098 sno
1143 5024 1334 5098 Bruuoucm
1362 5025 1567 5118 Prageuscm
1585 5023 1657 5117 epi·

110 5161 254 5237 scopum,
293 5143 374 5218 item
409 5144 638 5218 Marohionem
665 5144 1012 5240 Braudoburgensem,
1051 5143 1131 5219 item
1169 5144 1396 5219 Marchionem
1433 5145 1474 5218 de
1509 5145 1657 5238 Merauo,

137 5450 140 5454 ·
216 5423 239 5502 ¹)
261 5425 345 5485 Duce
367 5427 445 5487 deest
466 5427 503 5486 ta
529 5424 599 5486 Ood.
622 5425 696 5485 Aut.
729 5422 756 5502 ⁹)
778 5426 859 5485 venlt
880 5423 957 5486 decet
979 5428 1014 5485 ia
1040 5423 1111 5487 (lod.
1135 5423 1208 5486 Aut.
1241 5422 1271 5505 ³)
1294 5427 1324 5485 in
1346 5425 1485 5486 auxilium
1507 5427 1656 5489 miseruut.

115 5523 182 5590 Ood.
205 5531 299 5594 Rorr.
332 5526 361 5612 ⁴)
377 5531 487 5623 auxilia
514 5528 585 5592 Cod.
610 5531 702 5592 Roas.
736 5526 762 5608 ⁶)
777 5532 855 5590 inter
877 5548 909 5591 so
933 5531 1005 5590 duos
1031 5529 1102 5593 (iod.
1126 5532 1218 5592 Roar.
1251 5527 1280 5612 ⁸)
1295 5531 1441 5592 Friderici
1468 5529 1539 5593 Occi.
1563 5531 1655 5594 Rorr.
