4192 6272
377 459 452 532 522
981 481 1093 532 urens
1120 478 1314 532 serrrmcs.
1645 454 1714 556 (Α.
1735 458 1782 533 D.
1802 455 1926 556 1204.)

376 669 450 742 tum
477 665 654 761 Ceretani,
684 664 781 740 tituli
813 664 930 740 Sancti
970 665 1109 740 Martini
1150 665 1185 739 in
1220 664 1392 741 Montibus
1432 667 1665 761 presbyterum
1705 665 1925 759 Cardinalem‚

379 788 516 863 natione
543 787 752 883 Campanum
779 788 820 862 do
847 786 982 862 duania
1007 787 1205 878 oriundum,
1234 789 1336 882 longo
1363 789 1514 882 tempore
1541 787 1652 862 curiae
1684 787 1928 884 ¹experientiam

376 911 565 1002 habentem,
594 909 629 983 in
656 912 784 1005 Papam
811 910 956 1006 eligunt,
985 932 1084 1003 quem
1111 909 1324 984 Bonifacium
1351 911 1506 985 octauum
1533 911 1720 1004 appellant.
1749 909 1815 1002 Qui
1833 933 1926 1006 prae·

376 1033 580 1107 decessorem
608 1054 706 1106 suum
733 1031 960 1107 Caelestinum
1003 1034 1045 1107 ad
1072 1055 1221 1107 aramum
1249 1032 1399 1106 latenter
1417 1032 1617 1127 fugientem,
1639 1031 1814 1107 schismati
1834 1055 1928 1127 prae·

376 1176 508 1244 carens,
534 1175 612 1228 curn
639 1155 682 1228 ab
708 1154 881 1248 aliquibus
907 1154 1147 1245 dubitabatur,
1175 1177 1219 1230 an
1244 1154 1360 1230 cedere
1386 1153 1533 1249 Papatui
1560 1153 1746 1248 potuisset,
1775 1153 1867 1249 capit
1893 1155 1928 1228 et

377 1275 412 1349 in
440 1277 548 1350 castro
575 1275 737 1350 Fumonis
765 1278 828 1350 snb
867 1276 1009 1351 honesta
1036 1275 1189 1351 custodia
1216 1275 1371 1367 includit,
1400 1275 1457 1350 nbi
1478 1275 1592 1352 virens
1610 1277 1746 1351 andern
1764 1274 1928 1372 Quatuor-

375 1397 502 1472 decimo
529 1397 696 1472 Calendas
722 1397 825 1488 Iunii,
854 1420 942 1472 anno
969 1421 1046 1488 uno,
1076 1397 1246 1473 mensibus
1273 1399 1429 1488 quatuor,
1457 1397 1576 1472 diebus
1593 1397 1717 1493 viginti
1738 1399 1812 1474 octo
1830 1419 1928 1472 exac-

380 1519 437 1610 tis,
466 1518 608 1593 moritur
634 1520 669 1594 et
709 1520 744 1593 in
772 1518 976 1594 monasterio
1003 1519 1120 1594 Sancti
1146 1518 1288 1594 Antonii
1315 1520 1575 1610 oeconomico,
1612 1519 1740 1595 ordinis
1765 1519 1832 1611 sui,
1851 1519 1930 1593 llil-

380 1639 497 1715 lesimo
525 1638 750 1714 ducentesimo
778 1639 995 1735 nonagesimo
1023 1642 1120 1715 sexto
1146 1663 1234 1716 enno
1260 1640 1444 1735 sepelitur;
1473 1641 1590 1715 multis
1617 1639 1736 1716 deinde
1754 1661 1931 1716 coruscans

378 1760 559 1852 miraculis,
588 1783 609 1835 a
636 1762 806 1838 Clemente
832 1761 952 1853 quinto
980 1764 1042 1836 sub
1061 1761 1195 1838 nomine
1223 1762 1339 1838 Sancti
1366 1761 1459 1837 Petri
1477 1761 1706 1838 canonisatur.
1734 1761 1932 1837 Bonifacius

381 1906 424 1957 ex
451 1882 592 1976 Neapoli
620 1882 747 1957 curiam
775 1882 812 1957 in
842 1882 965 1958 Urbem
991 1885 1221 1976 transferens,
1250 1883 1323 1958 illic
1349 1905 1444 1958 suam
1471 1883 1678 1960 mansionem
1697 1882 1805 1978 ligans
1825 1885 1849 1978 ¹)
1866 1883 1932 1958 ali·

377 2006 503 2098 quanto
530 2007 691 2098 tempore,
720 2005 862 2080 Sextum
890 2005 1015 2079 librum
1042 2005 1272 2082 Decretalium
1299 2005 1499 2101 composuit.
1541 2007 1637 2081 Idem
1663 2005 1876 2081 Caelestinus
1890 2005 1930 2099 i),

376 2128 416 2200 nt
442 2125 550 2216 aliqui
577 2125 684 2218 aiunt,
713 2125 749 2200 in
776 2126 917 2201 ecclesia
942 2127 1059 2202 Sancti
1094 2127 1208 2218 Petri,
1237 2127 1294 2202 ubi
1330 2127 1512 2202 crucifixus
1548 2128 1716 2220 refertur,
1744 2127 1782 2201 in
1819 2130 1931 2202 monte

376 2249 473 2321 trans
500 2247 657 2341 Tyberim
684 2249 783 2322 extra
809 2248 947 2341 Urbem,
977 2251 1054 2343 post
1080 2247 1264 2324 cessionem
1293 2251 1463 2344 Papatus,
1491 2249 1651 2324 sanctiori
1678 2249 1784 2324 vitam
1812 2248 1930 2324 solita·

376 2369 461 2443 riam
488 2369 607 2444 ducere
634 2369 808 2445 deuotione
835 2369 984 2465 cupiens,
1013 2370 1229 2446 inhabitarit.
1256 2370 1361 2466 Quem
1388 2371 1585 2446 Bonifacius
1611 2392 1791 2464 successor,
1818 2369 1930 2465 suspi-

376 2493 472 2568 catus
497 2493 533 2566 et
563 2489 698 2584 veritus,
729 2515 771 2567 ne
798 2514 946 2586 unquam
972 2492 1040 2568 alio
1066 2492 1190 2587 spiritu
1217 2493 1349 2583 ductus,
1378 2493 1546 2588 Papatum
1574 2494 1752 2588 repeteret,
1779 2515 1929 2588 compre·

377 2612 515 2705 bendit,
556 2613 592 2686 et
618 2611 768 2688 uinctum
795 2614 950 2707 squalore
976 2613 1119 2690 carceris
1146 2613 1384 2689 miserabiliter
1419 2614 1601 2710 extinguit.
1646 2615 1712 2690 Hic
1748 2635 1929 2706 successor,

376 2735 497 2810 cessori
526 2733 739 2830 tyrannicam
766 2757 826 2830 pro
853 2734 1013 2811 beneficio
1040 2735 1150 2811 reddit
1176 2735 1295 2812 vicem.
1324 2735 1395 2832 Quo
1422 2737 1514 2812 metu
1543 2737 1667 2831 posteri
1693 2736 1795 2828 docti,
1815 2735 1852 2810 in
1869 2757 1931 2810 sua

377 2856 552 2932 uacatione
592 2878 667 2930 cum
708 2857 911 2932 diuturniori
948 2857 1020 2934 uita
1055 2857 1242 2932 consultius
1282 2880 1417 2934 manare
1457 2858 1626 2953 deligunt,
1654 2881 1757 2950 quarn
1783 2880 1824 2932 ea
1851 2879 1929 2932 con·

376 2980 528 3073 tempta,
561 2977 836 3074 intempestivam
876 2978 940 3055 sibi
981 2979 1130 3056 conscire
1170 2980 1333 3070 mortem,
1362 2981 1398 3056 et
1432 3003 1475 3056 ex
1515 2979 1784 3056 benefactoribus
1819 2979 1928 3055 fecere

376 3103 550 3198 tyrannos.

402 3469 594 3548 ludaeorum
620 3471 723 3548 babbi
750 3476 784 3547 ct
810 3471 989 3565 rropnoue
1017 3467 1102 3544 diem
1128 3473 1254 3546 conum
1282 3471 1410 3547 ludaeis
1436 3471 1682 3564 praedixerant,
1709 3470 1832 3564 inquo
1860 3471 1903 3544 si

403 3617 500 3688 muru
536 3595 770 3689 redemptionis
797 3599 933 3668 sanotae
959 3594 1070 3666 Crucis
1096 3595 1336 3668 dementissimo
1363 3595 1533 3668 orantibus
1559 3595 1592 3666 in
1620 3593 1822 3684 candoribus
1850 3613 1902 3683 ap·

515 3719 639 3810 paruit:
665 3737 728 3810 quo
754 3717 836 3807 viro,
863 3717 1009 3790 nonnulli
1036 3735 1145 3790 comm
1172 3717 1305 3806 turbati,
1332 3717 1477 3790 nonnulli
1503 3716 1662 3808 baptisati
1688 3717 1785 3790 lucro.

481 3961 522 4034 In
549 3961 671 4052 quarto
707 3980 840 4051 coense,
877 3957 935 4052 qui
973 3958 1064 4054 apud
1103 3958 1245 4034 Iudaeos
1284 3959 1423 4034 vocatur
1464 3957 1629 4034 Chamucu
1646 3955 1694 4052 ³),
1723 3955 1847 4032 ultima
1873 3955 1925 4031 die

377 4081 484 4178 ipsius
512 4081 647 4174 mensis,
677 4080 712 4155 in
739 4104 807 4172 qua
833 4079 887 4157 dia
915 4079 1158 4175 praedixerunt
1184 4079 1294 4156 Rabbi
1321 4080 1541 4171 Iudaeorum,
1570 4079 1659 4173 quod
1685 4078 1803 4154 Iudaei
1829 4079 1926 4154 debe

376 4205 460 4279 bant
486 4205 614 4278 babere·
635 4203 771 4298 signum
799 4201 1038 4296 redemptionis
1065 4223 1145 4277 suae
1171 4224 1192 4276 a
1218 4203 1286 4277 Deo
1314 4201 1512 4276 miraculose
1538 4201 1688 4290 factum;
1716 4200 1758 4276 ad
1784 4223 1927 4292 quorum

376 4325 674 4420 proclamationem
713 4345 827 4404 omnes
867 4322 986 4398 ludaei
1012 4324 1166 4398 fecarunt
1201 4345 1279 4398 suas
1306 4323 1532 4418 poenitentias
1567 4322 1602 4396 in
1637 4321 1774 4398 ieiuniis
1809 4321 1929 4397 multis

376 4469 452 4522 cum
480 4445 770 4522 satisfactionibus
796 4448 831 4522 et
859 4445 1090 4541 eleemosynis,
1118 4445 1215 4538 quasi
1241 4446 1285 4521 ad
1311 4447 1419 4521 Deum
1446 4444 1590 4536 reversi,
1620 4446 1766 4536 orantes,
1797 4445 1837 4518 ut
1863 4443 1929 4518 sibi

378 4569 586 4664 praedictum
613 4567 750 4664 signum
777 4589 859 4644 suae
885 4567 1009 4642 salutis
1036 4568 1238 4658 ostenderet,
1268 4567 1303 4640 in
1330 4590 1397 4659 quo
1424 4590 1531 4657 anno,
1560 4587 1675 4642 mense
1701 4569 1737 4642 ot
1762 4565 1817 4641 die
1845 4565 1928 4640 assi·

376 4690 504 4788 gnatis,
533 4691 746 4767 intrauerunt
772 4711 964 4786 synagogas
991 4711 1069 4764 suas
1096 4691 1139 4764 ad
1166 4689 1329 4765 orandum
1356 4691 1475 4780 Deum,
1504 4687 1615 4764 induti
1641 4688 1849 4784 syndonibus
1876 4688 1928 4763 al·

377 4814 430 4890 bis
457 4812 557 4890 lineis
583 4835 643 4889 seu
669 4809 855 4906 sericeis⁴),
884 4813 985 4906 prout
1010 4813 1064 4888 est
1091 4811 1192 4886 moris
1219 4811 1309 4906 apud
1335 4833 1392 4886 eos
1417 4811 1453 4886 in
1480 4810 1534 4886 die
1560 4809 1778 4906 expiationis,
1798 4809 1930 4886 scilicet

376 4936 413 5012 in
439 4935 649 5012 diedecima
676 4934 802 5010 mensis
830 4931 979 5028 septimi.
1007 4933 1054 5006 Et
1080 4935 1162 5008 tunc
1188 4931 1359 5008 altissimo
1385 4934 1453 5007 Dec
1480 4935 1689 5028 cooperante,
1717 4932 1777 5024 qui
1794 4933 1930 5007 nullum

375 5059 510 5152 tempus
536 5057 610 5132 sine
636 5055 800 5132 bonitatis
826 5077 908 5131 suae
935 5055 1129 5131 testimonio
1155 5053 1305 5147 reliquit,
1334 5054 1370 5128 in
1397 5055 1602 5150 syndonibus
1628 5076 1715 5146 quae
1747 5056 1928 5130 seruaban-

378 5253 453 5263 ...-

490 5339 514 5419 ¹)
537 5359 628 5416 agens
653 5340 726 5403 Cod.
750 5342 841 5403 Reor.
881 5335 1115 5422 ⁹)Caelestinus
1144 5339 1224 5400 deest
1245 5340 1279 5398 r'n
1316 5337 1393 5401 Ccd:
1410 5336 1483 5399 Aut.
1519 5333 1548 5417 ³)
1569 5338 1706 5399 Chamicz
1740 5333 1813 5403 Cod.
1836 5340 1928 5402 Rozr.

377 5442 406 5526 ⁴)
430 5447 532 5508 sericis
558 5445 630 5510 Cod.
652 5447 744 5510 Roer.
1571 5437 1573 5444 ⁵
1651 5437 1652 5440 Ἴ
