4208 6282
391 475 465 553 152
1019 498 1131 552 arena
1158 499 1312 554 snxnus.
1668 477 1738 577 (Α.
1758 479 1804 556 D.
1824 477 1943 578 tres.)

386 684 683 781 superimpendens
713 706 734 758 a
766 685 952 780 Myecaslao
979 685 1065 760 Seno
1091 685 1228 762 Maioris
1254 683 1413 761 Potoniae
1441 687 1532 762 Duco
1552 685 1575 781 ¹)
1601 685 1789 780 hostilitas,
1817 711 1859 764 ne
1878 710 1942 783 pro

388 830 454 884 uuo
480 807 655 883 abeodem
689 807 839 901 ternpore
875 829 896 882 a
931 807 1041 882 nense
1068 809 1104 882 et
1129 809 1226 903 tergo
1263 808 1475 903 urgerentur,
1512 808 1718 885 lestkonem
1752 809 1878 886 Ducem
1903 811 1942 885 et

388 929 590 1004 Polonorum
617 927 827 1003 consiliarios
853 927 1006 1024 pervicit,
1036 931 1076 1003 ut
1094 929 1239 1024 propriis
1267 929 1558 1004 commoditatibus
1585 932 1620 1006 ct
1646 933 1851 1008 caeterorum
1868 932 1942 1006 Du·

387 1071 464 1126 curn
490 1049 634 1125 ltussiao
669 1071 708 1125 ac
738 1049 1003 1125 Halicaionsium
1040 1050 1188 1126 militum
1223 1051 1444 1146 petitionibus
1478 1052 1655 1147 neglectis,
1692 1052 1941 1129 Halicaiensem

386 1173 554 1247 Donatum
572 1171 723 1248 Romnum
741 1171 1009 1248 Wladimirieusi
1028 1172 1189 1267 Principi‚
1214 1173 1402 1248 subiectum
1415 1173 1530 1248 'illurn
1555 1176 1658 1266 atque
1684 1173 1788 1250 fidum
1815 1177 1940 1270 putan-

387 1296 439 1368 tes
465 1292 530 1368 sibi
558 1293 722 1384 futurum,
760 1293 962 1384 conferrent,
1000 1292 1177 1388 ipsumque
1205 1297 1286 1369 tuuc
1312 1295 1352 1368 do
1379 1295 1512 1370 Ducatu
1548 1295 1718 1390 praedicto
1733 1294 1762 1390 9)
1797 1295 1939 1371 inaedi-

387 1417 475 1506 rent‚
503 1415 539 1488 et
565 1413 661 1488 illius
688 1413 932 1509 possessionem
960 1437 1026 1490 non
1053 1414 1127 1491 eine
1145 1414 1410 1490 Helicziensium
1432 1436 1547 1492 amaro
1565 1415 1728 1509 cruciatu,
1756 1417 1941 1512 multiplex

267 1585 270 1592 »
388 1537 516 1611 malum
549 1535 613 1610 sibi
641 1534 875 1626 eminentium,
913 1536 1148 1611 contraderent
1162 1534 1201 1630 ³),
1238 1536 1389 1611 ltomauo
1417 1535 1528 1628 fidem,
1564 1537 1773 1614 devotionem
1799 1539 1834 1613 et
1859 1541 1940 1614 obe·

388 1656 550 1732 dientiam
577 1655 613 1731 iu
639 1657 765 1732 Ducem
801 1657 1000 1732 Polouorum
1036 1657 1252 1748 lestkonem,
1289 1659 1497 1749 aequitatem
1532 1681 1609 1734 uero
1644 1660 1680 1732 et
1707 1659 1873 1734 iustitiam
1900 1659 1942 1734 iu

388 1777 618 1854 Halicaiensos
653 1777 782 1852 milites
816 1780 852 1853 ot
877 1777 1029 1852 subditos
1057 1801 1092 1853 se
1119 1777 1332 1854 iureiurando
1368 1778 1580 1873 astringente
1594 1775 1623 1874 ⁴)
1650 1781 1685 1856 ct
1711 1784 1852 1856 noronte
1879 1803 1941 1855 cu-

387 1900 602 1974 stoditurum.
634 1899 676 1972 In
694 1899 784 1974 hunc
810 1900 943 1973 modurn
971 1901 1070 1974 rebus
1096 1899 1362 1975 Halioaiousiuru
1391 1899 1595 1995 compositis,
1623 1901 1749 1975 lestko
1765 1903 1843 1976 Dux
1862 1924 1941 1976 curn

387 2042 449 2094 sua
476 2020 601 2096 militia
627 2019 819 2096 cracoviam
846 2020 995 2116 repetiit.

762 2385 981 2460 tubrocensis
1006 2389 1093 2460 terre
1121 2402 1140 2456 s
1167 2387 1301 2460 totonis
1328 2389 1561 2480 sequestretur.

387 2701 389 2706 ,
492 2625 670 2702 Boleslaus
696 2648 784 2700 unus
820 2649 862 2702 ox
890 2626 973 2701 filiis
1008 2627 1124 2702 beatos
1160 2625 1325 2721 Hadrigis
1352 2628 1387 2702 et
1413 2626 1551 2703 Henriei
1588 2649 1664 2702 cum
1700 2629 1804 2703 barba
1835 2628 1942 2704 Ducis

388 2747 700 2840 wratislaviensis,
737 2749 963 2824 substantiam
999 2749 1194 2842 paternam,
1232 2749 1401 2825 celebrata
1435 2771 1510 2823 cum
1542 2749 1704 2824 iratribus
1729 2749 1876 2826 Haurico
1901 2753 1942 2825 et

387 2870 541 2944 Conrado
567 2869 683 2965 Crispo
710 2869 859 2944 Ducibus
877 2869 1228 2961 Wratislaviausibus‚
1258 2873 1354 2966 patro
1378 2871 1606 2966 permittente,
1635 2870 1808 2964 divisione,
1835 2871 1941 2966 adep-

387 2994 456 3083 tus,
484 2992 653 3067 Ducatum
688 2992 950 3084 tabernensem,
987 2991 1045 3085 qui
1074 2991 1127 3066 illi
1154 2994 1245 3066 sorte
1261 2993 1288 3087 ⁵)
1316 2991 1495 3087 obtigerat,
1531 3015 1607 3068 curn
1633 2992 1730 3068 illius
1756 3015 1833 3069 areo
1859 2993 1942 3089 ot⁶)

388 3112 559 3189 territorio
585 3112 835 3189 marchionibus
861 3113 1219 3209 Brandcburgensibus
1247 3137 1305 3210 pro
1333 3116 1425 3190 carta
1450 3136 1582 3190 summa
1612 3115 1786 3211 pecunias,
1823 3115 1943 3192 uirens

387 3235 560 3312 luxuriose
586 3237 621 3311 at
647 3235 870 3331 prodigaliter
896 3237 1060 3332 perpetuo
1086 3235 1257 3312 vendidit:
1290 3259 1333 3312 ex
1360 3259 1425 3329 quo
1450 3237 1601 3332 tempore
1627 3238 1803 3333 praetatus
1828 3237 1941 3314 Duca-

388 3359 447 3432 tus
481 3359 518 3434 ot
543 3356 756 3453 episcopatus
783 3357 856 3434 eius
881 3357 1107 3433 Lubucnsnsis
1133 3357 1280 3454 insignis
1306 3381 1327 3433 a
1353 3358 1512 3434 Polouiae
1543 3359 1662 3456 Regno
1689 3361 1878 3436 abstractus
1902 3362 1943 3435 et

388 3481 620 3573 monostratus
647 3480 719 3572 est,
752 3501 792 3556 ac
818 3501 992 3575 perperam
1019 3481 1054 3556 et
1081 3479 1207 3556 iniuste
1233 3478 1481 3556 blanchionatui
1506 3481 1800 3577 Brandeburgensi
1826 3481 1943 3577 appli-

356 3646 358 3652 ·
387 3601 496 3692 catus,
523 3623 591 3676 non
618 3599 691 3676 siue
718 3601 831 3696 Regni
858 3601 1016 3677 Potoniae
1043 3601 1187 3676 notabili
1214 3601 1428 3676 mutilatione
1454 3611 1561 3696 usque
1587 3602 1623 3677 iu
1645 3605 1762 3678 nostra
1787 3605 1943 3698 tempora

388 3723 543 3796 duranto.
575 3719 667 3798 Adeo
694 3725 808 3798 autom
835 3722 982 3816 praefati
1008 3722 1155 3798 Boleslai
1182 3721 1284 3797 Dncis
1311 3723 1443 3798 nolitia
1468 3725 1505 3800 et
1529 3723 1755 3819 transgressio
1782 3725 1942 3800 ascendo·

388 3846 468 3918 rent
481 3843 522 3938 ⁷),
551 3843 653 3919 utin
680 3843 802 3940 oppido
829 3844 972 3918 Sraroda
994 3845 1030 3920 et
1057 3844 1093 3917 in
1119 3843 1284 3920 cimiterio
1320 3845 1524 3939 paroehialis
1558 3845 1708 3922 eiusdem
1744 3831 1858 3942 oppidi
1884 3867 1943 3922 ac·

386 4084 541 4162 incendio
567 4085 743 4181 perierunt
756 4083 797 4180 9).

490 4206 700 4282 caelettuus
726 4209 820 4302 Papa
845 4207 978 4302 tertius,
1009 4231 1085 4284 cunr
1112 4209 1210 4284 annis
1237 4231 1310 4303 sex,
1348 4209 1521 4285 mensibus
1547 4211 1621 4286 octo
1642 4208 1696 4305 ¹⁰),
1733 4209 1849 4287 diebus
1874 4233 1942 4285 un-

386 4327 492 4404 decim
518 4327 672 4420 sedisset‚
700 4325 826 4405 Rornae
853 4329 995 4404 moritur
1021 4333 1055 4405 et
1083 4331 1118 4405 iu
1150 4331 1293 4407 ecclesia
1320 4331 1436 4407 Sancti
1463 4331 1558 4408 Petri
1584 4331 1765 4427 sepelitur;
1793 4331 1845 4406 cui
1872 4333 1942 4408 le-

386 4447 521 4524 thasius
541 4449 595 4544 ¹¹),
628 4450 822 4545 appellatus
849 4451 1068 4527 Innocentius
1094 4453 1229 4544 tertius,
1258 4453 1395 4528 natione
1421 4453 1612 4548 Campanus
1638 4475 1682 4528 ex
1708 4455 1803 4548 patro
1830 4453 1941 4528 Trau-

387 4569 554 4662 sinuudo‚
592 4570 746 4662 quamvis
780 4573 892 4648 aetate
927 4571 1069 4666 iuuenis,
1106 4573 1165 4648 sed
1192 4573 1335 4649 scientia
1362 4573 1477 4649 divina
1502 4577 1605 4668 atquo
1631 4575 1781 4650 bumana
1805 4577 1939 4665 acutus,

386 4689 423 4766 iu
450 4691 599 4766 omniurn
626 4694 806 4788 conspectu
833 4693 1016 4789 gratiosus,
1046 4693 1379 4770 vicesimosecundo
1406 4695 1460 4770 die
1486 4695 1662 4772 Februarii
1689 4695 1848 4772 succedit.

389 4905 391 4910 ·
496 4885 520 4964 ¹)
541 4885 623 4946 Duce
645 4885 773 4947 deestis
793 4883 864 4947 oea.
888 4883 961 4946 Aee.
994 4881 1171 4963 ⁹)praeiato
1194 4883 1255 4946 Ed.
1277 4885 1373 4946 Dobr.
1405 4881 1430 4968 θ)
1446 4885 1599 4947 traderent
1623 4884 1694 4948 Ood.
1716 4886 1810 4948 Rosr.
1841 4880 1869 4964 ⁴)
1884 4885 1941 4947 ob·

386 4991 549 5065 stringente
571 4987 631 5050 Ed.
653 4987 742 5065 Ltpr.
781 4984 808 5066 β)
831 4987 907 5049 torte
930 4988 990 5048 Ed.
1013 4988 1109 5048 Dobr.
1148 4983 1296 5070 ⁸)arcenn
1319 5007 1384 5048 curn
1406 4991 1469 5049 eius
1506 4989 1577 5051 Ood.
1600 4990 1693 5051 Rosr.
1732 4987 1942 5069 ⁷)progresss

387 5102 433 5156 est
458 5091 529 5158 Ocd.
551 5095 644 5156 Rosr.
683 5090 710 5170 8)
733 5092 858 5154 flaminis
888 5093 950 5153 Ed.
972 5093 1067 5153 Deae.
1100 5089 1224 5154 flammis
1254 5099 1285 5152 ot
1313 5093 1374 5154 Ea.
1396 5093 1484 5170 cape.
1523 5089 1942 5172 emmerammenses.

386 5197 717 5276 poenitentemne.
759 5193 799 5274 ¹⁰)
822 5202 935 5270 septem
961 5195 1032 5256 God.
1056 5197 1148 5257 Rosr.
1195 5195 1235 5274 ¹¹)
1258 5197 1429 5258 Lactantius
1452 5197 1526 5258 alias
1548 5198 1724 5273 Lothargius
1750 5196 1821 5258 θοὰ.
1843 5197 1943 5258 Resr.
