4140 6298
407 537 482 612 352
704 481 709 494 Ι
1011 555 1122 610 nrsnn
1149 557 1343 611 sosarnus.
1682 536 1750 632 (Α.
1772 535 1818 610 D.
1838 534 1962 639 1256.)

406 744 487 820 item
515 745 640 818 Duoenr
666 742 837 834 Austriae,
867 743 948 818 itero
976 743 1159 819 Henrieum
1187 743 1410 834 belunensem,
1443 743 1641 818 Ansehuum
1670 744 1914 820 Ermelionsern
1937 745 1962 837 ¹)

405 870 440 942 et
467 867 763 942 Olorunnoaeusom
789 863 972 960 episeopus,
1002 865 1036 938 in
1064 865 1249 957 Pruseiaru,
1287 888 1387 959 quarn
1415 868 1544 940 ueteres
1571 865 1787 960 Utrnigiriaen
1804 866 1833 960 ²)
1860 887 1959 940 noea-

405 1011 492 1078 uere,
521 989 638 1062 eontra
663 988 823 1062 barbaros
850 985 1009 1061 mititiam
1037 988 1186 1078 notanus,
1215 987 1371 1061 advenit:
1400 987 1442 1062 ad
1462 1009 1563 1080 quarn
1582 989 1616 1062 ot
1634 987 1749 1079 draeo,
1778 1010 1838 1083 per
1856 987 1958 1062 Sunn-

406 1111 451 1184 nri
479 1108 654 1184 Pontifioie
683 1109 893 1202 mandatura,
919 1131 980 1204 per
1006 1108 1186 1204 opizonem
1214 1111 1367 1184 abbateru
1396 1110 1444 1196 do,
1463 1106 1645 1204 Meeanob
1670 1109 1892 1204 apostolieum
1921 1109 1958 1184 in

404 1232 563 1308 Poloniae
589 1233 625 1306 ot
652 1231 810 1306 Prussiao
837 1230 990 1326 partibus
1010 1231 1176 1306 Nuntium
1205 1232 1409 1326 praedicata,
1438 1233 1473 1306 et
1500 1253 1626 1324 rnensa,
1655 1253 1755 1324 quarn
1779 1231 1904 1306 caliido
1921 1234 1959 1306 et

284 1431 288 1440 ,
404 1356 497 1432 raino
525 1353 661 1450 ingenio
687 1355 825 1428 Fratres
851 1352 1013 1428 Orueifori
1040 1354 1179 1428 ioearrdo
1207 1353 1242 1426 in
1269 1353 1330 1426 iila
1357 1354 1477 1445 Duees,
1505 1353 1662 1446 domins,
1700 1375 1862 1448 proteres,
1891 1352 1958 1426 rni-

404 1478 494 1568 titoe,
524 1498 584 1571 pro
611 1475 772 1566 euiusque
800 1475 1076 1570 praeeminentia,
1105 1477 1140 1549 ot
1168 1474 1303 1549 iliorum
1331 1479 1407 1550 aeta
1433 1477 1468 1550 et
1495 1475 1622 1570 stirpes
1647 1499 1706 1570 por
1732 1476 1866 1550 aroidos
1891 1477 1958 1550 sub

404 1598 494 1676 onrni
522 1599 685 1693 ternpore,
714 1598 849 1688 quoad
876 1598 1075 1672 aescendune
1101 1597 1305 1686 residebant,
1334 1597 1491 1670 laudibus
1518 1598 1594 1691 plus
1620 1619 1700 1672 uero
1724 1599 1760 1672 et
1786 1597 1876 1672 iusto
1903 1597 1955 1670 ef-

404 1721 550 1812 ferendo,
580 1721 778 1814 provocatus
804 1722 878 1794 erut
893 1721 932 1813 6).
974 1719 1021 1792 Et
1047 1718 1198 1794 barbaris
1225 1718 1260 1792 in
1287 1719 1454 1794 abditiora
1480 1720 1554 1794 toea
1580 1717 1811 1794 secedentibus
1837 1719 1874 1792 et
1895 1718 1955 1792 de-

403 1865 536 1918 eernere
563 1865 629 1916 non
656 1840 758 1934 ausie,
787 1842 865 1914 Dux
893 1840 966 1935 ipso
992 1839 1197 1914 Premisiaus
1225 1840 1405 1915 Boherrriee
1434 1841 1623 1916 Prutbenos
1649 1840 1685 1914 in
1707 1839 1880 1916 Seniensi
1899 1861 1954 1914 re·

402 1965 502 2059 giono
529 1965 666 2058 propter
700 1962 925 2038 vastationem
954 1961 1033 2056 igne
1059 1963 1094 2035 et
1121 1961 1236 2056 gladio
1263 1962 1416 2054 illatam,
1456 1962 1657 2038 deditionem
1685 1961 1866 2051 faoienteS,
1893 1983 1955 2054 por

402 2089 607 2180 Prageuseru
641 2083 835 2180 opisoopum
872 2084 1075 2176 Brunonern,
1113 2104 1211 2158 eruum
1240 2083 1310 2160 illie
1337 2107 1457 2158 nornen
1487 2084 1673 2179 imponens,
1700 2083 1864 2178 baptisat.
1910 2083 1953 2156 In

402 2207 508 2302 ipsius
535 2206 674 2302 insuper
701 2205 912 2302 praesentiae
948 2205 1141 2280 memoriam
1174 2205 1336 2282 drueiferi
1373 2229 1493 2282 nonani
1528 2205 1701 2282 ciuitatem
1729 2225 1833 2300 prope
1860 2227 1953 2280 mare

400 2330 559 2406 Baltounr
595 2331 630 2404 et
662 2329 696 2403 in
724 2328 863 2402 flumine
899 2330 1036 2424 Preger,
1074 2351 1174 2420 quarn
1210 2328 1357 2423 Regium
1385 2330 1545 2419 Mentem,
1574 2328 1609 2402 in
1637 2327 1814 2404 Premistai
1848 2325 1952 2402 buois

399 2451 580 2528 Boherniae
607 2451 775 2545 tquarnnis
809 2452 891 2526 turno
918 2473 983 2524 non
1011 2451 1098 2543 Rex,
1128 2451 1186 2526 sod
1214 2450 1306 2524 titirus
1333 2451 1438 2545 Regis
1465 2450 1654 2545 existeret),
1672 2449 1704 2544 ⁵)
1731 2449 1813 2524 item
1844 2448 1950 2522 aliare

399 2573 607 2667 Brunsberg,
645 2573 680 2648 in
711 2595 779 2666 qua
813 2571 954 2648 eoolosin
989 2571 1213 2648 Warrniensis
1247 2572 1452 2648 cathedralis
1487 2572 1555 2648 sita
1590 2573 1654 2662 est,
1692 2571 1726 2644 in
1756 2569 1950 2646 memoriam

399 2693 568 2770 Brunonis
585 2693 733 2789 episeopi
752 2693 933 2789 Prngonsis
952 2693 1177 2768 eonstituunt.
1205 2694 1392 2768 Prenrisiao
1419 2695 1532 2769 autern
1559 2693 1738 2770 Bohenriae
1765 2693 1857 2768 Dnoe
1875 2712 1950 2766 euru

398 2838 461 2894 sua
487 2815 645 2892 eornitina
670 2839 713 2892 ex
741 2815 879 2891 Prussia
913 2815 1116 2908 discedente,
1155 2815 1359 2907 reliquarum
1396 2815 1570 2912 regionum
1607 2815 1771 2890 Protheni
1805 2813 1839 2887 in
1868 2814 1950 2888 Saa-

400 2959 529 3012 ruensos
556 2938 757 3029 Pruthenoe,
785 2939 872 3031 quod
901 2937 1031 3012 iniussu
1059 2960 1172 3012 eorurn
1199 2937 1352 3012 hostibus
1380 2960 1416 3012 se
1443 2937 1650 3029 dediderant,
1680 2959 1802 3032 ruagno
1829 2937 1949 3010 debae-

398 3059 542 3136 obantur
568 3059 691 3152 iuroro,
720 3061 756 3134 et
781 3061 907 3134 terram
936 3060 1148 3135 Saarnonsern
1184 3059 1301 3134 hostili
1330 3061 1365 3136 ot
1391 3060 1503 3136 ualido
1538 3059 1674 3156 agmine
1710 3057 1866 3154 ingressi,
1896 3057 1948 3130 iu-

398 3180 537 3274 ooudiis,
565 3180 787 3275 caedibusque
819 3183 941 3256 eunota
976 3180 1123 3272 foedant,
1161 3181 1263 3274 atque
1290 3204 1308 3254 o
1336 3182 1473 3277 regione
1499 3181 1601 3256 eastri
1629 3181 1803 3274 Kinsberg
1829 3201 1949 3254 aonam

398 3302 630 3396 munitionen,
659 3325 745 3396 quino
772 3326 793 3378 a
819 3301 999 3378 [irueiioris
1026 3302 1133 3377 Vilou
1159 3305 1277 3378 noenta
1301 3306 1364 3395 est,
1392 3303 1541 3399 erigunt.
1580 3302 1674 3376 Tune
1699 3325 1832 3394 quoque
1858 3301 1947 3375 Gun-

397 3424 477 3502 rado
495 3424 660 3520 Magistro
686 3423 844 3502 Prassiae
872 3425 966 3500 Nono
984 3424 1148 3500 delendas
1166 3424 1315 3522 Augusti
1334 3426 1490 3518 obeunte,
1517 3425 1690 3501 Herardus
1704 3424 1735 3518 ⁶)
1761 3425 1802 3498 de
1820 3424 1946 3498 Heren-

397 3549 481 3642 boug
508 3547 543 3622 in
570 3547 719 3622 offieiunr
746 3547 949 3641 snoouitp,
978 3547 1160 3622 soonndurn
1187 3570 1264 3623 nero
1291 3547 1376 3622 alios
1404 3547 1562 3643 Poppop
1588 3549 1630 3622 de
1656 3547 1809 3622 Osterna.

498 3669 640 3746 Iaoobus
675 3668 928 3746 arobidiaoonus
963 3668 1168 3760 leodiensis,
1205 3669 1409 3763 apostoliens
1441 3668 1591 3744 Nuntius
1626 3671 1661 3744 et
1697 3668 1859 3763 legatus,
1887 3665 1945 3760 qui

395 3791 512 3885 postea
530 3789 564 3864 in
584 3791 773 3867 Romanurn
792 3789 990 3866 Pontitioeur
1009 3791 1193 3885 promotus,
1218 3790 1377 3866 Urbanus
1400 3792 1541 3884 quartus
1559 3787 1751 3882 necabatur,
1780 3789 1816 3864 in
1843 3790 1945 3862 Prus-

394 3911 477 3986 siarn
507 3912 655 4005 uenbns,
684 3913 783 3988 atrox
810 3913 937 3986 bellurn
965 3911 1065 3986 annis
1093 3911 1243 3988 undeoirn
1272 3913 1362 3986 inter
1388 3913 1701 4008 Suantopeikonern
1729 3909 1946 3986 Pomeraniae

394 4033 518 4108 Duoern
545 4036 581 4109 ot
606 4035 744 4108 Fratres
771 4033 957 4108 Orueiferos
982 4034 1117 4128 gestum
1145 4032 1329 4129 intercipit,
1357 4036 1393 4108 et
1419 4057 1479 4129 per
1505 4056 1629 4128 aequo
1651 4033 1860 4110 eonditiones
1886 4055 1944 4126 pa·

394 4175 464 4229 oorn
491 4156 688 4250 perpetuam
724 4153 869 4245 ordinat,
907 4177 995 4246 quae
1021 4178 1042 4230 a
1069 4155 1165 4250 parte
1192 4155 1336 4249 utraque
1372 4155 1440 4230 fuit
1470 4155 1628 4250 deinceps
1654 4155 1689 4231 et
1716 4153 1886 4230 custodita
1910 4155 1944 4228 ot

394 4278 538 4352 servata.

843 4599 1058 4716 Annus
1086 4600 1312 4716 DOMINI
1348 4602 1485 4716 1256.

390 4847 607 4924 irrenirtarr
634 4851 706 4924 linx
731 4849 960 4925 Peruenionrir
988 4855 1134 4927 rastrum
1161 4853 1350 4926 dwnansob
1376 4853 1584 4926 Ponerauiao
1602 4855 1691 4948 oepit
1716 4858 1750 4930 ot
1774 4855 1943 4930 onorat

492 5093 636 5170 Tardius
663 5117 764 5188 quarn
792 5094 905 5170 animo
931 5093 1161 5171 destinauerat
1197 5095 1422 5172 Praemislaus
1455 5093 1693 5172 Posnaniensis
1719 5097 1810 5191 Dux,
1839 5099 1940 5176 castri

497 5302 521 5382 ¹)
543 5305 775 5367 Hermelieneonr
807 5302 880 5366 dod.
903 5305 995 5366 Reor.
1036 5303 1266 5382 ²)Ulmirigiarn
1302 5305 1373 5367 Ood.
1396 5307 1488 5368 Roer.
1529 5303 1615 5386 ³)de
1645 5307 1770 5368 Mezano
1800 5309 1881 5370 deest
1905 5312 1937 5369 ia
2016 5345 2020 5354 ·

392 5405 464 5470 Ood.
486 5407 560 5472 eor.
599 5406 626 5488 ⁴)
649 5416 825 5486 provocatus
856 5415 927 5471 erat
958 5410 1035 5471 deest
1060 5411 1096 5470 io
1121 5409 1193 5470 coe.
1216 5409 1289 5472 Ant.
1329 5408 1355 5488 ⁵)
1379 5413 1519 5473 extiterat
1549 5413 1608 5474 Ba
1631 5413 1719 5490 lips.
1758 5410 1788 5491 ⁶)
1812 5414 1936 5475 Gerbar·

388 5513 457 5576 dum
479 5513 538 5574 Ed.
561 5514 649 5591 Dipo.
690 5512 1104 5594 boamundanae.
1144 5513 1341 5594 ⁸)Poponem
1367 5515 1436 5580 coe.
1461 5517 1554 5579 Reor.
