4192 6272
147 544 211 637 (Α.
232 542 278 617 D.
301 542 422 637 1283.)
764 565 876 616 urens
902 563 1095 616 supernus
1205 561 1209 568 ·
1625 545 1699 618 469

146 751 293 826 moritur
320 751 471 826 Secundo
498 751 581 824 Idus
607 748 760 844 Aprilis3
788 751 823 824 et
849 749 1009 844 oppidum
1042 749 1200 825 [tostinin
1228 772 1288 846 per
1314 750 1505 826 cunradum
1532 751 1701 828 tisserius

145 874 276 948 Ducem
303 873 470 948 restatur.

253 995 381 1090 Sophia
406 995 548 1072 Ducisse
574 1016 708 1068 consors
735 994 883 1069 Boleslei
909 974 1076 1070 Maeoniae
1111 994 1215 1070 Ducis
1250 994 1360 1068 filium
1397 994 1500 1070 enixa
1536 997 1609 1088 est,
1646 996 1701 1071 cui

146 1137 270 1192 nomen
298 1115 499 1207 Semovitus,
529 1116 608 1192 dum
636 1115 877 1211 baptisaretur,
905 1116 1022 1190 dutum
1050 1118 1103 1191 est
1124 1115 1158 1210 ¹).
1395 1117 1400 1124 '

174 1485 295 1556 lentes
323 1484 497 1576 episcopus
524 1483 748 1558 traconensis
774 1484 867 1556 iussu
893 1485 989 1558 bucis
1017 1485 1193 1558 tosttcnis
1219 1486 1307 1576 tligri
1335 1487 1451 1558 iterum
1479 1486 1674 1577 captivetur.

254 1723 465 1799 Inrasionem
493 1723 738 1800 Litbuanorum
767 1747 805 1800 eo
832 1747 920 1799 enno
946 1728 982 1800 et
1009 1725 1172 1820 superiori
1201 1727 1393 1818 patratam,
1430 1726 1558 1798 Paulus
1584 1726 1703 1800 Greco-

144 1846 276 1921 viensis
302 1845 478 1940 episcopus
506 1867 711 1939 procurasse,
742 1847 925 1920 multorum
953 1846 1136 1921 assertione
1165 1847 1394 1935 insimulatus,
1424 1847 1583 1920 mandato
1603 1847 1701 1920 host·

146 1967 249 2042 nonis
278 1967 377 2061 Nigri
404 1967 634 2042 cracoviensis
660 1970 696 2042 et
722 1967 1046 2061 Soudomiriensis²)
1074 1968 1187 2056 Ducis,
1218 1989 1276 2061 per
1304 1968 1442 2058 milites,
1471 1969 1549 2040 dum
1577 1968 1611 2040 in
1645 1990 1703 2061 op-

148 2089 228 2183 pido
256 2090 380 2183 Legou
407 2091 536 2182 ageret,
566 2088 699 2183 capitur
726 2091 760 2163 et
788 2089 921 2162 vinctus
950 2089 984 2162 in
1012 2092 1160 2164 cestrum
1189 2089 1380 2163 Sirudienso
1407 2089 1516 2162 ultera
1543 2089 1614 2162 rice
1646 2089 1703 2162 de-

146 2212 326 2304 portetur:
355 2209 411 2283 ubi
439 2209 617 2301 eliquanto
643 2212 793 2304 tempore
820 2212 961 2286 honeste
998 2213 1033 2285 et
1061 2211 1206 2284 humane
1244 2210 1381 2285 habitus
1414 2213 1479 2286 est.
1520 2212 1636 2303 Neque
1662 2212 1704 2284 ob

147 2331 202 2404 sui
229 2331 465 2425 captiuitatem
492 2333 648 2422 (uacsbet
675 2331 764 2406 onim
792 2332 875 2408 tunc
901 2332 1106 2408 Guesnensis
1142 2332 1252 2426 sedes)
1292 2331 1463 2426 prouincia
1499 2331 1704 2407 Gucsnensis

148 2452 303 2528 censuris
330 2452 504 2528 interdicti
531 2451 711 2527 subiacuit.

610 2819 769 2894 cordesio
797 2821 973 2914 hospitalis
1000 2824 1077 2894 ecte
1104 2820 1246 2894 ltelisct.

256 3061 370 3135 Pridie
396 3061 560 3137 calentes
587 3062 750 3154 Ianuarii,
789 3062 1015 3138 Przemisleue
1055 3063 1220 3138 secundus
1260 3064 1338 3135 Dux
1374 3061 1512 3136 Maioris
1548 3061 1706 3137 Poloniue
1778 3083 1786 3105 ⁸

149 3184 273 3258 fundet
299 3183 469 3277 hospitale
495 3185 576 3258 ente
603 3185 735 3278 portem
762 3184 878 3278 oppidi
905 3185 1058 3275 Kelisch,
1087 3209 1146 3279 pre
1174 3183 1409 3260 recollectione
1436 3182 1645 3258 intirmorum
1672 3184 1707 3256 et

151 3305 396 3380 miserabilium
425 3327 654 3400 personarum,
682 3310 718 3382 et
750 3307 837 3381 illud
863 3329 939 3382 cum
967 3308 1044 3382 dote
1069 3306 1099 3382 oi
1128 3308 1254 3382 collata
1280 3305 1430 3396 libertut,
1459 3305 1623 3380 fratribus
1650 3305 1705 3378 Io·

151 3426 306 3501 bannitis
333 3426 420 3502 illud
447 3427 532 3502 dans
559 3427 594 3501 in
622 3449 737 3502 curem
765 3431 800 3502 et
826 3427 987 3523 regimen.

177 3793 335 3866 desertis
370 3812 452 3866 uxor
487 3795 676 3868 irremislei
713 3796 842 3868 lleioris
878 3796 1031 3868 roloniae
1066 3795 1163 3868 lluels
1200 3813 1220 3866 e
1256 3793 1445 3885 pedisequis
1481 3793 1597 3864 misere
1634 3792 1680 3863 in·

176 3915 356 3988 tertcitur:
392 3916 486 3988 cuius
521 3917 611 3990 necis
646 3919 809 3990 scelestae
845 3919 932 3990 terre
959 3921 1039 4000 oret,
1078 3916 1244 3988 conscium
1281 3916 1384 3988 luisse
1422 3914 1528 4005 ipsum
1563 3914 1681 3987 bucon

811 4038 1052 4112 irremislumu.

257 4277 385 4372 Quarta
411 4277 539 4354 decima
565 4279 758 4354 Decembris
785 4279 850 4368 die,
887 4278 1055 4354 Lukerdis
1071 4277 1099 4373 8)
1135 4276 1298 4366 Ducissa,
1340 4297 1474 4350 consors
1510 4274 1707 4350 Praemislui

151 4400 292 4476 Maioris
319 4399 478 4476 Polouiee
506 4399 629 4490 Ducis,
666 4401 701 4475 et
729 4401 802 4474 tilia
830 4397 960 4476 Nicolei
987 4399 1196 4474 Kasuubitue
1212 4397 1250 4492 ἦ),
1289 4397 1324 4470 in
1351 4395 1571 4471 Posnaniousi
1598 4399 1709 4472 castro

151 4522 241 4595 diem
276 4521 379 4612 obiit,
416 4543 437 4594 a
474 4521 618 4614 propriis
653 4522 878 4596 familiaribus
913 4525 949 4596 et
984 4521 1120 4596 ancillis
1156 4519 1322 4613 iugulate.
1361 4518 1468 4612 Quem
1505 4517 1571 4592 etsi
1608 4517 1708 4591 meri·

154 4647 212 4718 tus
252 4665 334 4716 suus
375 4641 599 4716 Prcemisluus
635 4644 714 4716 Dux
755 4644 886 4718 fleverit
926 4646 961 4718 et
1001 4644 1136 4718 ducales
1176 4640 1230 4714 illi
1271 4638 1490 4716 celebrauerit
1524 4639 1708 4730 funebries,

152 4763 372 4838 insimulatus
399 4767 513 4838 tanrmr
542 4767 605 4855 est,
643 4765 799 4856 quouienr
835 4765 964 4840 sterilis
1000 4769 1092 4855 eret,
1132 4766 1166 4838 et
1202 4759 1478 4836 infoecunditatis
1514 4760 1647 4854 gretie,
1675 4763 1710 4835 et

152 4885 260 4979 prolis
286 4885 395 4958 virilis
431 4887 465 4960 et
500 4884 719 4960 successionis
756 4886 938 4978 desiderio,
979 4887 1159 4961 nonnullas
1196 4905 1356 4979 personas
1391 4880 1427 4954 in
1462 4880 1534 4954 eius
1570 4884 1709 4956 mortum
1763 4915 1767 4922 ·

151 5005 398 5081 subordinasse.
442 5005 552 5080 Auxit
579 5029 711 5099 quoque
738 5009 959 5102 suspicionem
989 5008 1202 5083 dissimulata
1238 5003 1324 5080 ultio
1356 5005 1391 5078 et
1421 5002 1586 5097 praestita
1612 5006 1709 5078 auto·

153 5127 249 5201 ribus
280 5125 439 5221 indignae
475 5125 566 5202 necis
601 5127 799 5222 impunitus.
845 5129 910 5204 Sed
946 5131 982 5205 ot
1018 5129 1169 5204 cerrrrina
1206 5123 1360 5222 publica,
1398 5143 1503 5216 usque
1542 5123 1576 5199 in
1616 5127 1708 5200 aeta·

265 5403 289 5476 ¹)
311 5405 430 5465 iubente
453 5411 536 5481 patro
560 5407 724 5466 detumest.
753 5405 824 5466 Cod.
849 5409 941 5468 Recr.
967 5405 992 5483 9)
1009 5408 1254 5468 Sandomiriensis
1271 5416 1301 5469 et
1317 5407 1496 5476 Siradiousis
1523 5404 1594 5470 coa.
1618 5405 1710 5468 Roer.

157 5507 183 5588 ³)
208 5509 355 5571 Lukardis
383 5508 452 5572 Occi.
477 5508 550 5572 Aet.
576 5505 602 5590 4)
625 5511 850 5575 Keszrrbiterum
874 5511 965 5576 Ducis
992 5509 1062 5579 Ood.
1085 5513 1177 5580 Roar.
