4172 6278
386 506 459 582 186
1013 531 1124 586 amno
1151 531 1305 588 snxrns.
1342 615 1346 623 .
1665 512 1727 610 (Α.
1749 512 1795 592 D.
1816 513 1935 610 1209.)

385 717 568 809 tummodo,
598 716 656 791 sod
683 717 718 792 et
745 716 963 813 Hungerious
991 718 1159 796 exercitus
1186 721 1380 815 persecutus
1405 723 1467 814 est,
1496 721 1659 816 plurimos
1684 722 1858 800 trucidans
1875 726 1934 802 aut

381 839 573 934 captivans,
603 838 671 914 iam
697 837 899 915 existimans
937 840 1156 916 debellatum.
1202 843 1351 935 Euros,
1389 865 1494 936 eaque
1521 845 1592 918 tam
1619 845 1723 940 longa
1748 845 1933 941 persecutio

380 961 557 1058 Hungaris
583 963 619 1036 ot
646 960 782 1036 Polonis
808 960 984 1038 uictoriam
1012 962 1173 1055 adimens,
1213 964 1307 1040 clade
1335 963 1467 1060 ingenti
1494 965 1573 1040 illos
1599 965 1722 1042 affecit.
1768 968 1810 1042 In
1836 969 1934 1064 terga

380 1085 470 1160 onim
496 1085 738 1179 Hungarorum
765 1085 801 1158 ot
827 1083 1105 1176 Halioziensinm,
1138 1085 1196 1179 qni
1224 1086 1347 1161 solutis
1374 1087 1547 1162 ordinibus
1574 1087 1784 1179 incedebant,
1812 1090 1931 1164 Moeri-

379 1208 473 1281 slans
492 1206 516 1301 ¹)
543 1227 620 1282 oum
647 1204 827 1280 Polouoais
854 1205 996 1298 durusne,
1025 1205 1117 1300 ipsos
1143 1206 1238 1282 facili
1266 1207 1402 1302 negotio
1428 1208 1543 1284 fundit
1568 1212 1604 1284 et
1629 1209 1824 1304 prosternit.
1861 1211 1930 1285 Du·

377 1351 432 1404 ces
458 1329 597 1423 insuper
624 1325 839 1402 ffieouislaus
865 1326 1082 1402 Dauidouier
1109 1330 1144 1403 et
1170 1329 1386 1404 Itoscaislaus
1412 1329 1661 1423 Macrislauiou,
1690 1331 1769 1406 dum
1787 1332 1929 1426 Hungu-

377 1473 431 1525 ros
459 1471 495 1524 se
521 1448 677 1544 persequi
705 1447 843 1524 cessisse
855 1447 883 1542 ²)
910 1451 1110 1543 Quaerunt,
1139 1449 1256 1545 fugam
1283 1450 1421 1542 sistunt,
1450 1453 1485 1528 et
1511 1451 1546 1526 in
1565 1473 1714 1547 pugnam
1740 1453 1928 1545 redeuntes,

378 1574 470 1646 latus
497 1569 688 1666 Hungarioi
715 1570 885 1646 exercitus
912 1570 1088 1662 inuadunt,
1118 1571 1343 1668 plurimisque
1370 1573 1487 1664 caesis,
1518 1574 1708 1668 palatinum
1735 1573 1931 1669 Hunguriao

375 1694 494 1788 Tplam
510 1690 538 1786 ³)
564 1691 713 1788 capiunt,
751 1693 785 1767 ot
822 1693 958 1786 plenam
992 1692 1168 1768 uictoriam
1204 1694 1244 1770 de
1279 1694 1454 1789 Hungaris
1491 1695 1526 1770 et
1553 1695 1824 1772 Halicriensibus
1851 1696 1921 1770 ltu·

374 1814 483 1890 thoni·
498 1814 767 1905 consequuntur:
805 1813 957 1907 palatino
993 1814 1082 1889 enirn
1119 1817 1237 1909 capto,
1274 1816 1432 1910 Hungari
1469 1818 1504 1892 ot
1529 1817 1762 1894 Halioziensos
1797 1816 1926 1892 animos

375 1935 588 2026 remiserant,
626 1933 818 2028 passimque
846 1957 866 2008 a
892 1935 1073 2010 Poloucnis
1108 1936 1376 2028 trucidabantur,
1414 1937 1572 2030 quoniam
1599 1961 1708 2030 neque
1734 1938 1924 2031 dimicandi,

373 2081 479 2151 neque
507 2055 659 2153 fugiendi
688 2056 759 2130 illis
787 2058 921 2150 poterat
948 2079 1021 2132 esse
1039 2058 1195 2149 facultas,
1225 2059 1395 2135 Ruthenis
1422 2062 1457 2136 et
1485 2061 1665 2136 Poloucuie
1691 2059 1841 2152 undique
1861 2061 1923 2136 cir·

374 2179 548 2255 cumfusis.
593 2179 750 2254 Redeunt
785 2177 922 2253 interim
957 2179 1076 2254 Poloni
1104 2179 1167 2275 a⁴)
1194 2181 1293 2256 caede
1320 2183 1355 2254 ot
1381 2183 1612 2277 persecutione
1646 2182 1853 2274 Wlodimiri,
1891 2185 1924 2258 ot

373 2303 533 2378 dumntes
560 2322 672 2375 secum
707 2299 816 2395 spolia
842 2302 877 2374 ot
904 2301 1090 2375 maximum
1125 2301 1333 2396 captiuorum
1369 2327 1555 2396 numerum,
1594 2326 1727 2380 carmen
1762 2303 1921 2398 patrium,

373 2423 485 2519 ignari
512 2422 618 2498 cladis
644 2443 730 2516 quae
757 2421 933 2516 Hungaris
961 2421 1126 2497 acciderat
1153 2425 1188 2498 et
1210 2423 1492 2517 Halicaiensibus‚
1521 2428 1695 2518 canebant,
1725 2425 1922 2500 existiman·

371 2549 424 2621 tes
452 2567 487 2620 so
514 2545 649 2640 plenam
676 2541 850 2618 uictoriam
878 2543 1048 2618 retulisse.
1081 2545 1206 2619 Verum
1233 2545 1466 2622 altasonislao
1491 2547 1707 2624 Dauidouica
1733 2549 1769 2622 st
1795 2547 1921 2622 Polou-

371 2667 439 2741 ouis
465 2669 507 2742 ab
534 2665 625 2740 omni
652 2667 750 2759 parto
777 2664 1004 2760 circumsepti,
1043 2667 1123 2740 dum
1149 2689 1257 2759 neque
1284 2667 1470 2762 pugnandi,
1504 2691 1613 2762 neque
1639 2669 1801 2746 euadendi
1829 2671 1920 2746 locus

370 2790 471 2880 esset,
500 2787 708 2862 occiduntur.
745 2787 875 2860 Looant
902 2785 1022 2862 deinde
1049 2787 1201 2862 Rutheni
1228 2790 1264 2862 et
1291 2789 1326 2862 ln
1353 2791 1463 2864 altum
1490 2789 1627 2884 erigunt
1653 2791 1849 2866 Polonicum
1875 2791 1920 2864 si·

370 2933 487 3006 gnum,
516 2909 558 2982 ad
585 2909 673 3001 quod
700 2907 780 2982 dum
806 2907 989 2984 residuitas
1016 2909 1228 3001 Polonernm,
1262 2909 1321 3001 qui
1348 2911 1402 2985 uel
1429 2933 1470 2985 ax
1496 2911 1595 2986 caede
1621 2911 1839 3007 diffugerant,
1867 2913 1920 2988 uel

370 3054 413 3107 ex
439 3030 670 3127 persecutione
696 3028 889 3105 Wlodimiri
916 3029 1098 3122 redierant,
1127 3031 1301 3106 credontes
1328 3032 1401 3107 illio
1420 3054 1498 3106 suos
1516 3031 1709 3122 consistere,
1738 3033 1918 3110 confluxis-

369 3155 456 3246 sent,
484 3175 599 3228 omnes
626 3151 753 3247 passim
779 3151 1005 3227 trucidantur.
1038 3153 1107 3226 Neo
1134 3152 1389 3230 interfectorum
1415 3155 1549 3250 poterat
1575 3176 1734 3230 numerus
1760 3155 1916 3230 aestima·

369 3277 410 3370 ri,
441 3276 523 3352 adeo
550 3276 589 3349 ut
615 3272 756 3348 fiumina
783 3296 826 3350 ex
853 3296 968 3350 cruore
994 3275 1096 3350 rubra
1132 3275 1255 3367 forent,
1292 3277 1327 3350 et
1354 3275 1568 3351 morientium
1596 3278 1698 3368 atquo
1725 3277 1918 3352 vulnerato·

368 3422 444 3475 rum
470 3397 666 3474 uociferatio
693 3395 729 3471 in
756 3399 867 3473 castro
893 3395 1103 3473 Haliorionsi
1131 3397 1359 3473 exaudiretur.
1397 3399 1559 3474 Iacebant
1586 3401 1700 3474 autom
1726 3399 1918 3474 interfecto·

368 3545 453 3615 rum,
482 3522 576 3596 uelut
603 3541 716 3610 arena,
746 3519 908 3595 cadauera
935 3519 1118 3614 insepulta,
1147 3541 1208 3595 noc
1234 3523 1309 3594 orat
1336 3520 1594 3614 circumquaque
1619 3519 1751 3611 Halios,
1780 3521 1838 3614 qui
1866 3543 1917 3596 oo·

373 3645 459 3720 cisoa
487 3642 675 3738 sepelisset.
713 3641 874 3716 Poloucni
900 3642 1014 3716 antem
1042 3641 1162 3716 multis
1188 3641 1356 3716 nobilibus
1382 3641 1511 3736 spoliis,
1541 3643 1646 3734 equis,
1674 3642 1789 3734 armis,
1817 3643 1918 3718 vesti-

371 3765 434 3840 bus
461 3763 573 3859 potiti,
603 3763 706 3837 otiam
733 3762 897 3857 plurimos
923 3761 1106 3858 ilungaros
1133 3764 1168 3838 et
1194 3763 1337 3838 Polonos
1355 3763 1389 3838 in
1407 3764 1533 3838 terram
1561 3785 1656 3838 suam
1669 3763 1697 3857 ⁵)
1723 3765 1919 3858 perpetuam

365 3886 494 3961 laturos
530 3883 728 3961 seruitutem
769 3884 989 3960 deduxerant.
1035 3883 1254 3960 Mandaverat
1294 3887 1405 3960 autom
1446 3884 1643 3960 Mseaielaus
1681 3884 1915 3962 blsozislauior

364 4007 506 4084 uictoria
540 4007 670 4102 potitus
701 4007 735 4081 ot
763 4007 904 4099 superbo
941 4005 1081 4080 uictoria
1116 4006 1278 4096 abutens,
1315 4006 1387 4080 suis
1422 4005 1612 4098 Itutbenis,
1648 4028 1691 4080 ne
1726 4027 1914 4100 quenquam

363 4127 565 4224 Hungarum
591 4129 653 4202 aut
678 4126 842 4201 Polonnm
869 4125 983 4202 uiuum
1010 4147 1083 4201 esse
1109 4126 1278 4202 sinerent:
1308 4128 1513 4220 quapropter
1540 4150 1607 4202 non
1630 4129 1673 4202 ab
1690 4127 1874 4203 hostilibus
1888 4127 1914 4221 fi)

362 4252 498 4326 tantum
526 4248 705 4340 Rutheuia,
743 4248 801 4323 sod
828 4247 931 4322 etiarn
958 4247 1241 4340 Halicaiensibus,
1278 4248 1562 4342 gratificationem
1588 4248 1765 4324 blsorislao
1792 4251 1829 4325 et
1855 4271 1913 4322 suo

362 4373 493 4448 decreto
520 4368 735 4464 impensuris,
765 4370 808 4444 ed
834 4391 918 4460 quos
945 4370 1180 4464 confugerant,
1220 4372 1280 4444 aut
1306 4371 1395 4464 apud
1423 4392 1506 4463 (quos
1533 4369 1729 4462 latitabant,
1757 4393 1912 4464 pecomm

361 4515 451 4568 more
479 4492 792 4587 strangulabantur,
830 4512 980 4585 peneque
1014 4491 1122 4566 omnis
1156 4491 1396 4585 Hungarorum
1431 4495 1467 4566 et
1502 4491 1705 4566 Polonornm
1741 4491 1909 4566 exercitus

361 4614 492 4690 deletus
519 4615 582 4687 ost.
628 4613 840 4687 Efferebatur
874 4614 987 4686 autern
1024 4614 1106 4686 tunc
1136 4611 1334 4687 Msezislaus
1369 4612 1605 4688 ldscaislauioa
1635 4614 1724 4704 Dux,
1761 4613 1851 4706 quod
1876 4615 1910 4687 et

360 4734 536 4810 victoriam
563 4733 750 4825 retulisset,
788 4735 823 4808 et
849 4734 982 4809 eaodem
1010 4733 1045 4808 in
1073 4732 1222 4808 devictos
1248 4733 1431 4828 Hungaros
1458 4735 1492 4808 ot
1519 4733 1662 4809 Polonne
1689 4733 1763 4807 flori
1792 4733 1908 4808 iussis-

359 4859 422 4949 set,
452 4879 472 4932 a
497 4855 679 4948 Ruthenis,
708 4854 766 4948 qui
793 4855 829 4929 in
856 4854 1024 4930 laetitiam
1052 4854 1160 4946 adusi,
1189 4855 1322 4949 magnis
1349 4855 1619 4930 vociferabantur
1638 4854 1841 4931 clamoribus
1858 4855 1907 4930 di-

359 4981 492 5053 centes:
522 4978 549 5052 0
576 4999 698 5072 magne
724 4977 803 5050 Dux
830 4978 866 5052 et
892 4975 999 5052 victor
1025 4975 1202 5052 ldscaislao
1229 4975 1506 5052 Macrislawiorel
1535 4975 1671 5050 ofortis
1689 4975 1850 5071 accipiter
1866 4976 1906 5052 ad

357 5099 615 5175 conterrendum
640 5099 746 5174 tortos
773 5099 808 5172 ot
834 5099 1001 5190 robustos,
1029 5119 1188 5190 armaque
1215 5097 1362 5190 illorum,
1391 5097 1613 5174 transmissus
1639 5120 1660 5172 a
1686 5097 1768 5174 Deo.
1812 5097 1904 5173 Desi-

464 5377 488 5456 ¹)
510 5379 669 5440 Miscuimus
691 5377 752 5440 Ed.
775 5377 868 5441 Dobr.
908 5375 937 5457 9)
960 5376 1119 5440 secessisse
1149 5375 1209 5438 Ed.
1232 5374 1328 5438 Dobr.
1367 5371 1394 5456 ³)
1416 5376 1559 5454 Attilyam
1592 5375 1663 5444 coa.
1688 5377 1781 5443 Reor.
1820 5374 1847 5460 ⁴)
1869 5391 1902 5439 ex

360 5481 430 5562 Ood.
454 5480 547 5551 acar.
587 5479 614 5568 ⁶)
637 5489 732 5546 terras
756 5501 824 5548 suas
850 5481 922 5548 (lod.
946 5484 1038 5548 licor.
1078 5478 1106 5556 ⁶)
1130 5482 1263 5545 hostibus
1290 5480 1361 5546 ooo.
1384 5483 1476 5546 acar.
