4140 6298
129 553 188 648 (Α.
209 554 257 629 D.
277 553 397 650 1254.)
740 579 852 630 crena
878 579 1072 634 66666666.

495 887 589 961 loric
617 893 731 964 exorta
758 891 846 964 bella
872 891 1085 965 1616616666
1113 894 1312 968 161666666.

228 1131 408 1206 Boleslaus
435 1130 581 1206 Pudicns
608 1131 837 1208 066666166616
854 1134 889 1207 61
907 1133 1200 1226 Sandomirieneis,
1228 1137 1263 1210 61
1283 1135 1492 1212 Wladislaus
1519 1138 1677 1232 Opolien·

126 1253 171 1328 sis
198 1254 234 1328 ot
261 1252 534 1327 Rathiboriensis
560 1255 680 1346 Duces,
719 1255 859 1330 molesto
886 1255 1034 1330 16666166
1062 1255 1270 1350 Oppauionse
1297 1257 1456 1352 oppidum
1483 1259 1518 1334 61
1545 1259 1678 1336 distric-

125 1379 196 1448 tum
222 1396 244 1448 a
271 1374 430 1449 Bohemis
456 1377 492 1450 61
519 1375 614 1470 Rogo
641 1397 755 1450 eorum
792 1377 992 1452 Wencoslao
1028 1379 1158 1452 mortuo
1194 1384 1373 1472 occupatos
1407 1401 1489 1471 esso,
1526 1382 1678 1458 exercitu

125 1497 225 1572 6116
252 1495 388 1591 proprio
415 1496 526 1572 milite
553 1499 588 1572 61
615 1499 756 1572 externo
782 1499 934 1590 collecto,
971 1500 1207 1574 ltuthencrum
1241 1500 1344 1574 otiam
1371 1499 1585 1596 Principibus
1612 1503 1678 1578 Bo·

125 1619 229 1694 166166
265 1617 391 1693 Pudioo
426 1618 615 1694 ferentibus
650 1618 828 1713 66161161),
871 1621 997 1694 terram
1034 1621 1278 1715 Opparionso'm
1314 1621 1486 1696 hostiliter
1521 1623 1678 1718 ingressi,

124 1741 320 1815 eamtotam
347 1739 476 1834 spoliis,
506 1739 651 1814 dammis
677 1742 713 1816 61
740 1741 896 1815 caedibus
923 1743 1161 1830 vastaverunt;
1191 1745 1227 1816 61
1244 1743 1398 1817 omnibus
1426 1743 1559 1838 oppidis
1577 1747 1679 1838 atquc

123 1861 216 1936 uillis
242 1862 387 1953 exustis,
426 1883 501 1960 culm
529 1863 654 1956 praeda
681 1864 751 1936 tam
779 1863 954 1938 hominum
980 1863 1157 1957 utriusque
1185 1885 1296 1956 sexus,
1329 1887 1430 1958 quum
1459 1889 1615 1960 pecorum
1642 1869 1678 1940 ct

125 1984 292 2060 uariarum
320 2005 442 2076 rerum,
472 1983 507 2058 in
523 1984 550 2079 2)
579 1985 714 2080 propria
742 1983 925 2060 incolumes
953 1987 1179 2060 revertuntur.

226 2106 294 2180 Sed
320 2105 471 2182 6116166
511 2108 658 2182 66616666
694 2107 895 2182 Polonorum
931 2109 1039 2182 Duroos
1078 2109 1139 2182 aut
1175 2106 1269 2198 odia,
1307 2111 1367 2183 aut
1398 2109 1488 2183 bella
1523 2111 1678 2185 conserta

125 2229 230 2304 crant.
278 2229 366 2302 Nam
393 2231 428 2302 61
456 2227 649 2302 Κ661661666
676 2229 905 2324 hispaniensis,
944 2228 1172 2304 Lancicionsis
1199 2233 1235 2305 et
1262 2229 1465 2305 Siradiensis
1501 2232 1579 2304 Dux
1607 2231 1676 2306 1664

125 2354 208 2424 16666
235 2372 335 2424 suum
363 2373 560 2445 gorrnanum
589 2351 794 2426 Sernoritum
822 2351 990 2426 1616666166
1016 2353 1142 2427 Ducem
1165 2354 1200 2427 61
1218 2373 1356 2427 uxorem
1384 2351 1456 2426 eius
1482 2352 1676 2428 Gortrudim

125 2471 285 2567 captivat,
315 2475 498 2567 captosque
526 2473 561 2546 in
590 2473 722 2575 Siradia
740 2473 881 2549 detinet.
910 2475 956 2548 Et
974 2474 1200 2548 Prnernislaus
1220 2473 1469 2566 Posnoniensis,
1499 2475 1677 2551 Boleslaus

125 2593 347 2686 (161166166616,
376 2595 541 2690 germani,
571 2599 606 2670 61
633 2577 807 2670 (16666166
834 2595 963 2671 Slesiac
990 2598 1068 2670 Dux
1095 2619 1199 2692 gener
1225 2594 1393 2690 6666661),
1422 2599 1548 2672 1666666
1575 2598 1676 2672 Wra-

126 2717 355 2792 tislariensom
391 2717 530 2792 Henrioi
568 2717 670 2793 Ducis
705 2716 878 2792 hostiliter
913 2721 949 2793 61
984 2740 1058 2792 66666
1095 2717 1300 2794 exercitibus
1336 2721 1502 2792 terrarum
1540 2741 1676 2793 suarum

126 2837 225 2931 (quod
252 2837 424 2913 Henricus
450 2840 530 2914 Dux
556 2838 850 2915 Wratislcriensis
878 2839 1020 2916 mediam
1050 2843 1173 2916 sortem
1209 2841 1400 2916 Ducatuum
1429 2840 1509 2916 clim
1537 2840 1678 2916 Henrioi

126 2960 348 3035 aThartaris
374 2959 474 3037 occisi
501 2962 667 3054 obtinens,
705 2962 857 3036 Ounrado
893 2961 992 3036 fratri
1020 2985 1080 3036 suo
1116 2985 1224 3055 nequo
1259 2961 1356 3036 illius
1396 2961 1586 3056 portionem
1610 2961 1675 3037 ali·

126 3105 221 3176 quam
250 3083 365 3176 dabat,
403 3105 511 3176 noque
539 3085 780 3158 6161611666
808 3085 914 3158 166166
941 3085 1097 3160 Β6166166
1124 3085 1226 3160 Caluo
1252 3083 1471 3180 Legnicnensi
1500 3086 1591 3160 Duce
1618 3085 1677 3158 da·

127 3207 225 3296 retur,
255 3205 430 3294 instabat;
459 3205 540 3280 item
569 3205 649 3298 quia
675 3205 917 3281 Przcmislaun
944 3206 1070 3282 Ducem
1098 3205 1360 3282 Posnaniensem
1388 3207 1429 3282 do
1448 3205 1677 3302 quinquagin-

125 3327 308 3404 tcruarcis
343 3325 476 3424 argenti
515 3328 749 3422 proquodam
787 3327 969 3403 Teutonico
1005 3330 1104 3423 copto
1132 3329 1168 3402 61
1193 3327 1331 3403 dimisso
1366 3327 1529 3424 obligatis
1543 3327 1582 3424 ⁴),
1612 3328 1678 3404 nori

109 3450 286 3546 soluerat)
302 3449 330 3544 ⁵)
357 3451 548 3524 restabant.
595 3449 758 3524 Omnibus
786 3453 899 3526 autem
935 3449 1029 3526 611116
1057 3453 1092 3525 61
1118 3449 1251 3546 oppidis
1288 3450 1377 3526 circa
1412 3450 1677 3543 Olesohniozam,

127 3569 256 3664 Siczou,
287 3571 516 3664 Trsbnicuam,
544 3571 835 3666 (1166661666661),
865 3571 1153 3648 6161666666616
1180 3574 1339 3647 666661666
1366 3594 1473 3664 66666
1492 3573 1533 3647 cd
1552 3573 1677 3646 fiumen

127 3692 287 3786 Widaua,
324 3716 391 3768 nno
418 3717 439 3768 a
465 3693 689 3770 Wratislauia
720 3693 870 3769 distante
898 3693 1051 3786 milliari,
1076 3694 1280 3789 pervastatis
1308 3697 1343 3768 61
1370 3693 1405 3767 16
1433 3694 1590 3788 praedam
1617 3716 1677 3768 ex·

127 3813 252 3908 positis,
290 3803 397 3890 ¹etiam
434 3815 518 3890 uado
545 3815 580 3888 in
608 3815 745 3891 flumine
781 3817 869 3890 Odra
904 3818 1054 3911 reperto,
1086 3815 1119 3890 in
1147 3817 1292 3892 alteram
1321 3815 1495 3910 66616661)
1527 3815 1678 3890 fluminis

126 3937 228 4012 01666
254 3937 473 4032 transgressi,
501 3938 684 4033 magnoni
712 3941 747 4013 61
773 3961 911 4013 numero
938 3959 1094 4033 pecorum
1121 3940 1157 4012 61
1174 3937 1357 4034 spoliorum
1385 3937 1497 4033 potiti,
1526 3937 1675 4033 singula,

128 4059 217 4132 nullo
244 4057 441 4149 obsistente,
470 4059 505 4132 in
532 4058 670 4134 Maioris
697 4059 855 4134 Polonioe
892 4063 1001 4134 torrae
1037 4060 1216 4135 deducunt.
1263 4060 1305 4133 In
1332 4060 1396 4134 hac
1423 4061 1536 4148 autam
1563 4061 1678 4133 rasta·

128 4179 214 4254 tione
241 4179 397 4255 omnibus
424 4181 639 4256 ecclesiarum
667 4183 702 4256 61
729 4181 1007 4255 monasteriorum
1046 4180 1138 4255 villis
1165 4185 1200 4255 61
1227 4180 1369 4276 oppidis,
1406 4181 1536 4254 Ducum
1564 4202 1679 4255 666666

130 4303 294 4396 6661616,
324 4303 536 4395 6666166666,
565 4325 692 4397 suaque
719 4303 858 4378 libertas
885 4306 1020 4388 6666616
1046 4304 1146 4391 6661;
1176 4303 1391 4398 providerant
1419 4325 1551 4395 quoque
1568 4304 1678 4377 Duces

129 4424 287 4499 adhibitis
315 4425 518 4517 custodibus
547 4449 589 4500 ne
616 4426 795 4519 quisquam
831 4427 871 4500 de
906 4425 1074 4500 militibus
1110 4425 1211 4499 611166
1247 4423 1463 4504 666166166666
1499 4426 1676 4499 61666666-

130 4545 314 4638 storiornm,
351 4549 411 4621 aut
447 4569 560 4622 eorum
596 4547 748 4622 homines
775 4550 811 4624 et
838 4547 1062 4642 possessiones
1088 4547 1123 4620 in
1151 4546 1265 4639 aliquo
1301 4547 1356 4621 661
1392 4546 1586 4637 offenderet,
1624 4547 1678 4622 661

130 4667 346 4764 contingeret.
377 4669 521 4743 Laesum
549 4691 584 4744 66
611 4693 648 4745 66
676 4671 776 4762 bello,
804 4692 910 4761 eaque
937 4668 1126 4745 6661611666
1153 4670 1188 4744 61
1214 4667 1429 4765 expeditione
1443 4667 1546 4762 Opino
1573 4669 1677 4742 abbas

131 4787 167 4864 de
191 4789 372 4885 Mezancff)
399 4790 603 4886 apostolicus
640 4792 790 4866 Nuntius
825 4792 1042 4867 uehementer
1077 4790 1264 4883 queritans,
1302 4790 1390 4884 quod
1417 4812 1455 4864 66
1483 4789 1518 4863 16
1545 4789 1676 4865 Wrati-

131 4911 231 4986 alania
258 4915 382 5008 agente
408 4915 444 4988 61
469 4913 674 5004 demorante,
712 4912 870 5008 spoliatio
897 4911 1105 4988 6166616116
1140 4911 1295 5007 1666669)
1322 4909 1614 4988 Wratislariensis
1642 4910 1677 4984 in

132 5031 180 5104 sui
206 5035 239 5107 et
265 5033 481 5129 Apostolicae
509 5034 604 5109 Sedis
632 5034 837 5130 vituperium
865 5037 900 5110 et
926 5035 1164 5110 contumeliam
1192 5035 1362 5109 attentata
1380 5033 1494 5124 fucrit,
1524 5031 1677 5107 161666-

233 5331 257 5410 ¹)
280 5334 389 5393 auxilia
417 5331 487 5394 Ood.
510 5333 602 5393 11666.
637 5329 662 5407 ²)
686 5333 799 5393 61111.
823 5331 910 5409 1166.
944 5330 1226 5410 3)666666,116666,
1255 5329 1440 5392 06111666.
1473 5323 1499 5406 ⁴)
1516 5329 1589 5389 solvi
1604 5329 1678 5389 obli-

134 5435 202 5504 caus
234 5435 420 5498 06111666.
460 5433 486 5515 5)
510 5441 732 5497 contestaverat
765 5435 835 5496 Ood.
860 5438 952 5497 Roer.
993 5433 1020 5514 1)
1047 5435 1272 5509 Gzeroouiozanr
1306 5428 1384 5496 coc:
1399 5435 1492 5494 Rorr.
1534 5429 1561 5508 ⁷)
1584 5433 1679 5508 ripam

139 5535 316 5616 (16111666,
357 5538 852 5634 ἣο616666116661611666666
879 5539 1044 5612 (16616161.
1084 5535 1425 5622 ⁸)terraepraedictae
1450 5537 1635 5604 6366111666,
