4172 6278
380 533 457 626 204
1011 551 1124 608 creua
1150 549 1303 608 sunaus.
1673 531 1737 626 (Α.
1757 529 1803 623 D.
1824 529 1930 630 1217.)

380 740 473 834 erat,
501 738 654 830 nobilior,
691 760 752 836 per
786 761 887 836 quom
922 738 1069 820 salutem
1095 737 1233 816 Polonis
1258 741 1350 818 Deus
1377 739 1516 823 dederat
1542 739 1579 816 in
1606 739 1734 836 praelio
1759 738 1929 825 zamora-

381 861 488 938 stensi
514 884 590 938 cum
615 861 767 938 Romano
793 861 886 938 Duae
912 860 1056 947 Russiae
1082 860 1219 952 habito,
1256 863 1319 936 suh
1346 860 1440 936 ouius
1468 859 1679 941 ordinatione
1705 863 1740 938 et
1765 861 1931 958 regimine

380 986 416 1060 et
440 982 627 1060 Ducatihus
650 981 818 1058 Masoviae
853 985 888 1060 et
914 981 1071 1060 (tuiaviae
1106 981 1341 1075 tranquillitas
1376 985 1597 1078 provenerat,
1633 984 1669 1058 et
1704 984 1842 1062 ducales
1879 983 1930 1060 in·

381 1105 505 1182 troitus
524 1105 548 1200 ¹)
575 1126 779 1201 magnopere
805 1105 1038 1200 augebantur,
1075 1105 1312 1199 plectebantur
1337 1103 1493 1183 scelerati
1520 1105 1555 1182 et
1582 1103 1890 1182 honorificabantur
1904 1106 1934 1200 3)

381 1225 535 1304 virtuosi.
569 1225 634 1322 Qui
660 1227 740 1302 dum
766 1227 946 1302 effrenatos
961 1225 991 1318 ³)
1016 1227 1051 1302 et
1078 1225 1223 1302 lascivos
1250 1247 1357 1302 mores
1384 1226 1425 1302 ad
1451 1247 1606 1320 quaeque
1631 1227 1748 1322 turpia
1774 1229 1810 1304 et
1836 1226 1935 1304 devia

382 1347 546 1446 proclives
572 1345 675 1423 Ducis
700 1346 753 1422 sui
780 1347 925 1422 Guuradi
960 1345 1119 1442 corripit,
1158 1369 1235 1424 oum
1271 1343 1369 1422 illum
1405 1347 1552 1442 primum
1587 1350 1734 1440 sacrem,
1769 1347 1891 1426 deinde
1906 1349 1934 1444 ⁴)

382 1493 493 1548 coram
527 1468 747 1562 consiliariis,
776 1471 816 1544 ut
841 1469 1003 1564 quosdam
1030 1470 1154 1544 abusus
1181 1490 1301 1563 pravos
1337 1471 1372 1544 et
1403 1469 1580 1546 illecebras
1607 1469 1796 1561 rescindat,
1825 1469 1933 1546 virtu-

382 1594 540 1686 tihusque
566 1591 624 1666 det
650 1613 795 1686 operam,
824 1589 1040 1685 reprehendit
1066 1592 1101 1664 et
1127 1589 1277 1666 inducit:
1305 1613 1372 1664 non
1399 1589 1482 1664 tulit
1509 1589 1683 1666 cunradus
1709 1591 1935 1688 correptiones

383 1713 575 1790 huiusmodi
609 1713 777 1788 salutares
792 1711 847 1806 3),
884 1713 943 1788 sed
978 1710 1014 1786 in
1045 1712 1192 1788 fororem
1226 1712 1410 1788 nefandum
1444 1711 1707 1806 excandescens,
1744 1715 1936 1808 praefatum

383 1835 568 1912 cristinam
600 1833 792 1929 palatinum
818 1832 1005 1924 hlasoviao,
1042 1831 1095 1907 sui
1127 1832 1263 1907 honoris
1289 1834 1325 1909 ot
1351 1832 1473 1908 salutis
1500 1833 1668 1910 sincerum
1693 1835 1875 1915 relatorem
1900 1837 1937 1912 et

384 1956 601 2046 servatorem,
631 1952 877 2030 adolescentiae
903 1953 1042 2048 insuper
1068 1975 1149 2030 suae
1175 1956 1445 2049 praeceptorem,
1474 1955 1708 2052 paedagogum
1734 1958 1771 2032 et
1796 1955 1935 2034 institu-

383 2081 492 2154 torem
518 2075 669 2172 captivat
695 2077 730 2151 ot
756 2075 911 2170 squalido
938 2074 1063 2150 carceri
1090 2074 1246 2150 includit.
1288 2075 1358 2151 Sub
1384 2097 1450 2169 quo
1476 2075 1612 2170 quidem
1639 2078 1787 2172 tompore
1822 2079 1937 2154 hostes

384 2201 419 2276 ot
445 2197 552 2274 invidi
588 2197 641 2272 sui
676 2197 791 2292 plures
828 2197 869 2272 do
895 2219 933 2272 eo
960 2196 1212 2272 criminationes
1247 2198 1282 2273 ot
1318 2197 1482 2292 figmenta
1516 2199 1606 2292 apud
1641 2221 1739 2274 aures
1778 2198 1936 2288 (iumadi,

385 2321 523 2416 singula
548 2319 592 2396 ad
618 2317 855 2394 credulitatem
869 2317 900 2411 6)
926 2317 1132 2414 recipientia,
1161 2320 1196 2394 et
1223 2316 1399 2414 signanter
1425 2319 1595 2394 Iohannes
1622 2319 1783 2415 (iraplah
1805 2321 1936 2396 mucel·

383 2441 490 2518 lurius
517 2462 598 2516 suus
624 2439 766 2530 ducalis,
794 2439 1006 2534 ingerebant.
1046 2439 1175 2536 Quibus
1201 2440 1377 2515 Gunravlus
1404 2442 1483 2516 Dux
1510 2439 1668 2518 incensus
1695 2443 1731 2519 et
1754 2440 1936 2533 inescatus,

385 2562 570 2642 (iristiuum
602 2560 794 2657 palatinum
821 2561 1033 2656 praefatum,
1067 2561 1215 2656 primurn
1242 2560 1279 2634 in
1305 2560 1391 2636 villa
1416 2562 1621 2657 Kouulpe⁸i
1647 2563 1817 2640 excoecavi
1832 2586 1939 2640 man-

386 2683 543 2778 davit⁹);
571 2683 631 2758 sed
657 2705 766 2775 noque
792 2682 855 2758 hoo
880 2703 1005 2778 genere
1031 2681 1244 2759 crudelitatis
1270 2684 1459 2774 contentus,
1493 2682 1648 2778 pessimis
1673 2684 1941 2761 aemulatoribus

387 2803 668 2902 suggerentibus,
697 2804 868 2878 caecatum
895 2802 1049 2898 iugulat,
1077 2805 1113 2880 et
1138 2803 1286 2878 militem
1309 2802 1605 2896 strenuissimum,
1632 2804 1803 2898 totiusque
1829 2807 1939 2882 hlaso-

386 2929 462 3004 viae
488 2928 622 3017 horem,
651 2924 761 3004 virum
788 2925 936 3016 clarum,
965 2923 1108 3002 heroicis
1135 2925 1370 3020 splendentem
1396 2924 1572 3020 oporibus,
1600 2927 1679 3002 dum
1705 2949 1848 3018 aequare
1874 2951 1941 3004 uon

387 3049 512 3146 potuit,
541 3069 601 3142 per
627 3045 849 3124 elevationem
876 3045 1078 3142 suspicionis
1105 3047 1140 3121 et
1166 3045 1323 3138 invidiae,
1354 3046 1520 3123 salutaria
1546 3047 1676 3123 monita
1700 3070 1859 3144 perosus,
1888 3049 1941 3124 in·

387 3170 494 3266 digua
514 3170 632 3260 morte,
661 3167 847 3244 maculanti
875 3167 1053 3264 tyrannide
1071 3170 1106 3244 et
1123 3167 1275 3263 improbo
1293 3166 1433 3244 consilio
1453 3168 1614 3244 Iohannis
1632 3169 1828 3264 (impleam)
1845 3170 1941 3246 scho-

387 3290 502 3368 lastici
529 3289 722 3366 Ploouensis
757 3310 858 3382 usus,
895 3289 1039 3366 necavit.
1094 3290 1177 3364 Post
1203 3288 1299 3366 cuius
1326 3311 1501 3376 excessum
1527 3289 1697 3368 Maeoniae
1723 3293 1759 3365 et
1785 3290 1942 3368 (lutariae

388 3412 581 3490 Ducatuum
616 3411 786 3508 speciosus
821 3411 934 3488 status
969 3411 1117 3506 plurima
1153 3409 1299 3507 caligine
1334 3412 1498 3488 obductus
1523 3414 1578 3486 ost
1604 3415 1639 3488 et
1665 3411 1769 3488 variis
1796 3412 1944 3490 iactatum

389 3535 532 3627 casibus,
551 3532 687 3608 wsensim
705 3533 741 3606 in
759 3532 978 3628 praecipitem
1005 3531 1150 3624 ruinam,
1179 3531 1356 3608 innoxium
1368 3533 1376 3572 ¹
1388 3533 1413 3626 ¹)
1432 3532 1633 3630 sanguinem
1651 3533 1844 3613 vindicante
1861 3535 1942 3626 Deo,

343 3713 344 3718 a
389 3657 571 3733 ferebatur.
599 3655 700 3729 Hunc
726 3676 766 3730 oa
793 3653 996 3730 shenuituto
1022 3654 1057 3730 et
1084 3652 1301 3729 animositate
1327 3653 1517 3748 praeditum
1535 3652 1739 3748 Annalium)
1766 3654 1944 3749 perhibent

363 3777 513 3866 trisse,
542 3777 583 3880 ut
608 3775 813 3865 Prothenis,
842 3773 1046 3865 Lithuanis,
1076 3773 1284 3866 caeterisque
1311 3774 1497 3870 gentilibus
1517 3773 1561 3868 ¹³)
1588 3775 1728 3851 devictis
1755 3776 1858 3867 atque
1885 3776 1944 3850 do·

390 3897 485 3973 mitis
511 3899 546 3972 et
571 3898 634 3971 sub
661 3896 779 3992 iugum
806 3895 951 3988 coneha,
986 3896 1163 3980 mneuales
1188 3894 1267 3977 illos
1293 3897 1396 3988 atque
1422 3893 1620 3970 tributarios
1646 3896 1847 3970 Polonorum
1873 3897 1944 3971 Du·

391 4020 486 4096 cibus
512 4017 643 4110 fecerit,
672 4017 825 4092 victricia
852 4039 983 4110 quoque
1010 4038 1071 4090 sua
1097 4039 1192 4091 arma
1219 4016 1311 4091 ultra
1337 4039 1430 4091 marc
1458 4017 1642 4111 proferens,
1672 4016 1707 4090 id
1733 4015 1798 4092 sihi
1824 4041 1946 4094 nornen

391 4161 532 4234 eamque
555 4139 680 4216 famam
706 4162 728 4216 a
754 4137 901 4235 propriis
926 4140 963 4214 et
988 4137 1118 4214 exteris.
1142 4137 1353 4232 quaesierat,
1382 4139 1422 4212 ut
1448 4159 1592 4234 magnus
1624 4137 1792 4216 Maeoniae
1821 4139 1944 4234 palati-

391 4285 457 4338 nus
483 4285 504 4336 a
530 4260 676 4359 propriis
702 4261 737 4338 et
764 4259 921 4336 finitimis
947 4259 1163 4336 vocitaretur.
1196 4259 1301 4356 Quem
1327 4259 1538 4354 splendorem
1565 4259 1741 4338 (luuradus
1767 4260 1846 4334 Dux
1873 4261 1944 4334 hla-

392 4384 504 4460 soviao
530 4376 764 4478 impatientius
791 4383 915 4472 ferens,
943 4403 1042 4456 suum
1069 4382 1104 4458 et
1130 4381 1279 4457 filiorum
1306 4403 1442 4456 suorum
1469 4382 1598 4456 statum
1626 4383 1668 4456 ab
1695 4403 1733 4456 eo
1751 4383 1947 4476 depressum

393 4507 455 4582 aut
480 4506 677 4582 enervatum
703 4503 746 4578 iri
772 4503 922 4594 veritus,
960 4502 1071 4598 ipsum
1106 4501 1233 4578 iniusto
1259 4502 1295 4578 et
1322 4501 1450 4578 crudeli
1485 4501 1604 4578 mortis
1638 4525 1762 4599 genere
1797 4503 1947 4580 consumi

393 4626 586 4714 mandavit;
632 4646 753 4720 corpus
788 4626 901 4702 tamen
939 4647 1037 4700 suum
1073 4623 1108 4698 iu
1145 4623 1263 4699 maiori
1299 4623 1473 4700 Ploouensi
1508 4622 1649 4700 ecclesia
1684 4623 1796 4702 debito
1823 4624 1948 4711 honore

394 4747 557 4822 tumulari
584 4767 704 4842 passus
731 4747 795 4821 est.
825 4747 868 4820 In
894 4744 1118 4822 fortissimum
1144 4743 1311 4836 siquidem
1330 4746 1365 4826 et
1382 4743 1447 4820 sibi
1474 4743 1579 4820 fidum
1606 4743 1752 4822 militem
1779 4745 1950 4826 saeviebat

394 4870 499 4946 etiam
526 4869 562 4942 in
589 4867 734 4944 occisum
761 4865 910 4964 simplici
936 4889 1061 4964 genere
1088 4866 1208 4945 mortis
1235 4865 1272 4940 in
1298 4889 1336 4943 eo
1362 4890 1430 4944 non
1456 4867 1646 4958 conmotus,
1675 4887 1736 4963 per
1763 4888 1862 4960 quom
1889 4867 1949 4942 ho-

502 5077 526 5156 ¹)
549 5083 706 5154 proventus
741 5073 812 5140 (iod.
843 5079 934 5140 Βοῦν.
973 5074 1242 5154 ³)honorabantnr
1271 5077 1331 5138 Ed.
1361 5077 1456 5138 Βοῦν.
1496 5073 1524 5154 3)
1552 5075 1733 5137 effeminatos
1764 5075 1823 5138 Ed.
1856 5077 1950 5139 Βοῦν·

398 5179 427 5264 ⁴)
452 5183 566 5243 demum
589 5183 650 5244 Eoi.
674 5184 769 5243 Βοῦν.
810 5178 836 5259 3)
859 5183 1003 5244 salutares
1033 5199 1092 5243 non
1121 5179 1414 5244 ferendonam.
1445 5181 1590 5242 salutares
1620 5195 1676 5240 neo
1705 5197 1764 5241 non
1795 5179 1952 5255 nogueres

395 5287 457 5350 Ed.
480 5287 575 5355 Dobr.
615 5283 643 5364 3)
666 5287 870 5348 crudelitatem
901 5285 962 5346 Ed.
993 5287 1089 5346 Βοῦν.
1129 5281 1157 5364 3)
1182 5285 1327 5360 Gzyaplya
1362 5283 1432 5346 Ood.
1465 5281 1540 5345 Act.
1580 5281 1745 5362 ⁸)Konele
1774 5284 1834 5345 Ed.
1856 5284 1953 5346 Βοῦν.

395 5387 424 5472 3)
446 5391 599 5468 praecepit
620 5391 680 5454 Ed.
703 5391 798 5454 Dodr.
843 5386 883 5469 ¹⁰)
908 5389 1053 5466 Omplyae
1087 5386 1158 5454 dou.
1182 5387 1255 5461 Aut.
1298 5386 1339 5474 ”)
1362 5389 1547 5462 monentem
1570 5387 1630 5460 Eu.
1653 5387 1750 5466 Dedi·
1790 5385 1831 5472 ¹²)
1854 5389 1953 5455 Amit-

291 5553 297 5561 .
395 5494 444 5560 lea
466 5491 527 5560 Ed.
548 5495 643 5562 Βοῦο.
684 5493 727 5576 ’3)
749 5495 885 5573 gentibus
906 5494 967 5558 Ed.
989 5492 1085 5558 Βοῦν.
