4172 6278
387 516 462 589 252
1017 535 1128 586 arara
1155 535 1308 588 srxnns.
1643 511 1724 610 (Α.
1746 511 1791 588 D.
1812 513 1938 611 1231.)

387 723 481 800 61166
508 724 743 818 praeparasset
782 722 879 798 6116
907 722 968 798 illo
1005 722 1143 818 opipare
1176 745 1299 798 neurus
1334 722 1550 815 consedisset,
1589 721 1679 798 inter
1706 703 1938 818 prandendum

387 848 423 922 et
444 844 698 937 convivandum,
727 844 913 920 iustissimo
941 847 1010 922 1166
1037 843 1187 945 enormia
1214 867 1276 920 sna
1294 846 1432 940 peecata
1451 845 1475 940 ¹)
1502 844 1695 940 praesentia
1712 846 1747 921 ot
1764 846 1939 922 transacta

387 967 580 1042 vindicante
595 966 635 1062 ²),
672 989 784 1043 mures
820 966 947 1042 infiniti
984 968 1199 1059 conveniunt,
1237 967 1415 1062 ipsumque
1442 968 1600 1043 devorare
1635 969 1828 1063 coeperunt.
1875 966 1938 1062 Qui

388 1087 568 1164 imminens
595 1088 781 1184 periculum
809 1090 1040 1165 declinaturus
1054 1088 1094 1185 ³),
1123 1089 1238 1165 nanim
1265 1090 1518 1181 conscendens·
1535 1089 1578 1164 ad
1604 1111 1710 1182 aquas
1737 1091 1773 1166 et
1798 1085 1939 1164 fiumina

390 1211 551 1307 perrexit.
597 1211 727 1304 Quibus
762 1212 1002 1306 necquicquam
1038 1211 1324 1308 suffragantibus,
1357 1233 1378 1287 6
1414 1211 1565 1287 muribus
1602 1211 1701 1286 illurn
1738 1233 1797 1307 per
1824 1231 1939 1287 omnes

390 1334 498 1409 undas
524 1335 559 1407 ct
587 1333 693 1411 maria
720 1335 966 1410 insectantibus
1006 1334 1243 1411 miserabiliter
1269 1335 1488 1429 consumptus
1515 1335 1551 1410 et
1577 1334 1754 1410 devoratus
1780 1335 1853 1425 est,
1881 1335 1938 1410 do·

391 1457 583 1531 66666166
602 1481 678 1532 non
706 1457 880 1553 16611661)
907 1457 1052 1534 iniuriae
1078 1456 1190 1534 riduis
1216 1459 1251 1533 et
1269 1455 1430 1553 orphanis
1452 1455 1646 1532 inferendae
1673 1454 1815 1551 posteris
1843 1478 1939 1552 prae·

392 1577 549 1653 stitutus.

444 1948 615 2020 Boleslaus
642 1945 779 2020 1166611
806 1947 968 2020 noconius
995 1947 1091 2020 116616
1119 1947 1206 2020 nlius
1232 1945 1389 2037 virginem
1416 1945 1597 2028 dortrrdln
1624 1951 1752 2039 neptun
1775 1947 1892 2020 166166

703 2067 855 2160 arrugia
882 2073 917 2142 ot
942 2069 1069 2142 1166161
1096 2087 1169 2141 666
1195 2069 1296 2141 tarta
1319 2067 1409 2142 doolt
1435 2069 1468 2141 in
1489 2085 1632 2143 rnorem.

498 2309 785 2386 Reconciliatiore
812 2309 902 2386 inter
929 2309 1114 2385 Hernicum
1151 2332 1227 2385 cum
1253 2310 1358 2385 barba
1391 2308 1527 2386 Maioris
1553 2309 1714 2386 Poloniae
1742 2311 1777 2386 et
1804 2310 1942 2402 Slcsiao,

393 2435 428 2508 et
455 2433 647 2508 tlunradum
673 2432 842 2508 Maeoniae
869 2435 904 2508 et
930 2431 1096 2527 Ouranion
1113 2433 1224 2507 Duces
1251 2433 1414 2524 confecta,
1442 2431 1639 2528 nuptiarum
1667 2432 1770 2508 etiam
1797 2431 1945 2510 solenni·

395 2557 450 2628 tas
476 2553 720 2632 Wratislariae
747 2556 824 2631 acta
851 2557 923 2630 eet:
953 2554 1081 2646 inqua
1108 2553 1207 2629 iuxta
1233 2553 1478 2630 ordinationem
1505 2555 1623 2631 166166
1649 2554 1816 2651 Hadrigis
1833 2556 1868 2631 ot
1888 2577 1946 2651 pa·

395 2679 453 2752 cta
479 2675 516 2750 in
543 2673 704 2753 Plocasko
732 2700 792 2772 per
819 2676 965 2753 medinm
993 2675 1142 2752 eiusdem
1168 2676 1288 2753 beatae
1325 2679 1497 2752 matronae
1524 2675 1622 2770 inita,
1651 2665 1829 2753 Boleslaus
1855 2675 1948 2753 lilius

395 2798 541 2876 Gunradi
569 2799 738 2876 Maeoniae
764 2797 868 2875 Ducis
894 2798 1001 2875 maior
1027 2781 1317 2894 natu‚'rirginem
1344 2798 1541 2875 Gertrudim
1568 2799 1675 2875 filiam
1701 2799 1854 2892 Henrici,
1883 2798 1948 2874 lilii

396 2921 536 2997 Henrici
563 2943 639 2997 cum
666 2922 780 3014 barba,
809 2923 944 3017 neptem
971 2921 1088 2996 beatae
1115 2920 1281 3017 Hedvigis
1308 2921 1439 3016 accepit
1465 2922 1501 2997 in
1524 2943 1675 2998 uxorein.
1705 2923 1793 2998 llam
1810 2921 1877 3028 etsi
1896 2922 1950 3016 (ut

397 3045 434 3119 in
461 3043 689 3139 superioribus
716 3043 967 3140 praemisimus)
1001 3043 1255 3118 matrimonium
1281 3041 1471 3120 huiusmodi
1503 3044 1628 3119 dudum
1664 3043 1787 3121 luisset
1813 3044 1949 3120 contra·

397 3169 501 3256 otum,
530 3189 596 3242 non
623 3167 738 3243 16666
764 3168 910 3262 poterat,
947 3167 1020 3241 tum
1057 3168 1195 3261 propter
1230 3165 1528 3243 minorennitatem
1564 3165 1847 3258 contrahentium,
1875 3167 1950 3241 turn

397 3291 535 3385 propter
561 3289 652 3364 16116
678 3288 833 3381 orientia,
862 3287 929 3362 risi
956 3311 1044 3364 anno
1071 3311 1109 3364 eo
1128 3287 1364 3364 consummari.
1392 3288 1590 3365 Celebritati
1618 3290 1731 3394 autem
1758 3287 1952 3364 huiusmodi

399 3413 498 3486 16616
525 3410 652 3486 166166
678 3410 844 3507 Hadrigls
872 3413 912 3486 ut
939 3410 1162 3505 personaliter
1190 3411 1380 3501 interesset,
1408 3412 1506 3486 nulla
1532 3413 1666 3507 poterat
1693 3431 1790 3507 prece
1816 3412 1852 3487 61
1870 3433 1951 3506 snp-

400 3531 582 3627 plicatione
601 3531 739 3624 molliri,
767 3533 826 3608 sod
846 3533 881 3608 in
901 3531 1103 3608 monasterio
1122 3531 1376 3608 'l'rrebniczensi
1402 3533 1642 3625 6666611666,
1671 3531 1952 3627 contemplationi

400 3655 538 3730 sanotae
565 3655 599 3727 et
627 3653 770 3729 orationi
798 3653 926 3750 iugiter
953 3635 1386 3748 16616161611166661166
1413 3675 1487 3729 curn
1516 3655 1588 3730 viro
1616 3677 1675 3730 suo
1702 3653 1849 3732 Hanricc
1876 3676 1951 3730 curn

342 3757 351 3870 s
400 3777 504 3851 barba
531 3775 807 3853 Wratislariensi
836 3775 939 3867 Duce,
968 3774 1214 3850 continentium
1242 3797 1278 3848 se
1304 3775 1380 3871 lege
1404 3777 1568 3871 perpetua
1585 3775 1783 3868 vincientes,
1812 3797 1874 3873 per
1892 3765 1952 3851 an·

402 3921 462 3974 ros
488 3897 634 3995 triginta
660 3897 808 3996 gratiam
835 3895 1081 3974 coniunctionis
1107 3921 1175 3974 non
1201 3899 1387 3993 repetebat.

402 4264 559 4338 laudatio
587 4265 775 4338 nonasterii
803 4263 925 4338 ordinis
952 4265 1105 4338 1166666
1132 4266 1245 4339 Sancti
1272 4266 1434 4340 16661661
1453 4267 1486 4338 in
1505 4266 1660 4340 1666616
1687 4284 1743 4358 per
1769 4267 1953 4340 Boleslau

1098 4387 1260 4460 1611661.
1384 4452 1387 4458 .

508 4623 687 4698 Boleslaus
714 4625 861 4700 Pudicus
888 4624 1117 4700 (lracoviensis
1143 4626 1179 4701 61
1206 4625 1487 4702 Sandoniricnsis
1513 4628 1592 4700 Dur
1633 4625 1788 4721 precibus
1815 4629 1851 4701 61
1877 4649 1953 4702 con-

404 4744 493 4824 siliis
520 4744 697 4840 genitricis
725 4769 805 4822 suae
824 4746 1128 4841 Grnimislanno⁶)‚
1158 4747 1303 4823 feminae
1330 4747 1510 4843 religiosae
1529 4750 1565 4824 ct
1583 4747 1732 4840 dovotae,
1762 4769 1952 4842 persuasus,

404 4867 543 4943 Fratres
569 4867 715 4944 Minores
729 4868 758 4964 ⁶)
786 4868 821 4942 ln
848 4868 1040 4944 Oracoviam
1067 4891 1110 4944 66
1138 4871 1249 4965 Praga
1284 4872 1391 4960 vocat,
1431 4869 1568 4964 illisque
1603 4873 1639 4944 ot
1666 4891 1725 4965 pro
1752 4869 1955 4946 ecclesiast

405 5011 465 5084 pro
494 4990 694 5066 monasterio
729 4991 764 5064 in
798 4989 936 5066 civitate
972 4989 1184 5066 dracovienei
1220 4991 1330 5067 locum
1366 4992 1518 5087 amplum
1554 4991 1677 5084 donat,
1717 4991 1956 5085 ducalibusqno

515 5284 540 5367 ¹)
563 5286 642 5348 facta
671 5287 731 5348 Ed.
758 5287 853 5348 Dobr.
892 5283 918 5364 ²)
940 5287 1080 5384 puniente
1109 5287 1170 5348 Ed.
1202 5273 1296 5349 Dotr.
1330 5273 1549 5366 ’1166161666
1581 5289 1641 5349 Ed.
1671 5288 1766 5348 chr.
1806 5283 1834 5365 ⁴)
1856 5289 1957 5348 inutile

411 5389 482 5452 ch.
505 5392 598 5452 Roar.
634 5388 660 5467 ⁶)
684 5393 909 5468 Grnyrnislauao
930 5391 1074 5458 Ducissae
1100 5391 1171 5462 (161.
1194 5393 1287 5464 Reor.
1318 5387 1346 5482 ⁶)
1368 5393 1490 5466 Fratres
1512 5393 1646 5469 Minores
1669 5392 1789 5468 Ordinis
1812 5391 1842 5467 S,
1866 5392 1956 5464 Fran·

409 5495 480 5560 oisoi
508 5493 580 5560 Ccd.
604 5495 696 5562 soor.
