4162 6288
407 523 484 597 454
1004 543 1116 596 urana
1144 543 1336 597 susumus.
1668 523 1736 626 (Α.
1757 523 1803 600 D.
1823 525 1936 625 1279.)
2054 601 2058 606 .

398 732 486 822 nuit,
515 733 654 826 paterno
683 729 816 806 nomine
842 729 992 804 Zauisaa
1019 729 1214 805 uocitatum.
1252 729 1344 825 Quod
1381 730 1528 827 singulis
1554 733 1624 808 fere
1650 733 1832 810 Bolremiae
1858 736 1940 810 mili·

400 853 531 928 taribus
552 853 574 946 ¹)
614 852 851 927 execrantibus
879 853 913 926 et
940 875 1000 947 pro
1027 852 1172 927 ludibrio
1200 852 1419 946 ducentibus,
1457 853 1559 930 cessit
1586 853 1621 927 in
1648 855 1822 950 singulare
1848 856 1941 931 fasti·

400 975 492 1051 dium
520 975 555 1049 et
581 972 732 1049 livorem.

424 1341 459 1412 ln
487 1340 584 1413 ltalia
612 1343 722 1412 motus
750 1343 858 1412 terrae
885 1341 1049 1412 maxilua
1084 1343 1208 1430 septem
1246 1339 1364 1430 oppida
1399 1339 1570 1428 absorbet,
1606 1345 1641 1413 et
1675 1341 1777 1414 nubea
1813 1346 1921 1415 rorant

1076 1461 1276 1550 sanguinem.

503 1689 672 1776 vicesima
699 1701 820 1792 quinta
846 1699 976 1794 Aprilis
1003 1701 1056 1775 die
1084 1723 1126 1774 en
1154 1700 1328 1794 repentino
1355 1703 1391 1774 et
1417 1701 1511 1794 graui
1547 1702 1658 1776 terrae
1684 1701 1720 1775 in
1747 1701 1854 1776 Italia
1880 1725 1945 1776 mo·

398 1827 437 1896 tu
475 1825 604 1916 septam
645 1823 768 1915 oppida
796 1821 896 1894 simul
934 1844 1009 1896 curn
1047 1821 1294 1895 habitatoribus
1329 1823 1487 1915 absorpta
1523 1823 1623 1911 sunt,
1661 1822 1946 1914 audiebanturqna

397 1943 575 2036 quatriduo
602 1963 697 2016 uoces
724 1941 981 2016 vociferantium
1009 1943 1191 2016 identidem
1219 1965 1262 2014 ex
1289 1945 1429 2036 abysso:
1466 1942 1730 2017 Misericordiam
1767 1944 1860 2017 Deus
1887 1943 1945 2016 mi·

399 2062 633 2137 sericordiam!
671 2062 795 2136 Eodem
822 2061 926 2136 etiam
954 2064 1064 2137 terrae
1093 2064 1204 2153 motu,
1235 2063 1291 2153 qui
1329 2063 1364 2134 in
1401 2061 1471 2136 dies
1509 2062 1698 2154 quindecim
1737 2063 1946 2153 tendebatur,

399 2184 564 2256 nonnulla
590 2183 702 2258 castra
728 2181 830 2256 simul
858 2204 933 2255 cum
973 2183 1162 2272 montibus,
1201 2181 1237 2256 in
1263 2183 1386 2273 quibus
1412 2182 1481 2256 sita
1507 2185 1623 2275 erant,
1653 2205 1788 2273 eversa,
1818 2187 1947 2260 nonas

399 2303 524 2378 excelsi
551 2304 592 2376 ad
620 2302 819 2396 planitiem,
857 2325 924 2376 non
952 2303 1025 2378 sine
1052 2305 1166 2397 strage
1194 2305 1422 2396 proximorum
1449 2303 1616 2386 uicorum,
1655 2305 1789 2379 deducti
1818 2305 1854 2378 et
1879 2305 1947 2378 solo

397 2423 543 2517 aequati,
574 2423 814 2498 monasterium
841 2423 1149 2497 sanctimonialium
1176 2424 1407 2498 disterciensis
1434 2424 1580 2515 ordinis,
1618 2425 1823 2500 exanimatis
1851 2425 1947 2517 quin·
2069 2499 2070 2508 ,

399 2545 563 2639 quinginta
590 2544 768 2634 sororibus,
797 2545 1005 2619 deleverunt.
1043 2546 1120 2638 Ipse
1157 2545 1295 2638 insuper
1321 2547 1430 2620 terrac
1459 2548 1568 2620 motus
1594 2547 1677 2620 duos
1705 2549 1853 2636 mentae,
1881 2547 1942 2620 flu·
2069 2571 2070 2576 ¹

399 2666 488 2758 mine
515 2665 603 2740 inter
631 2666 759 2740 fluenta
785 2665 974 2756 distinctos,
1003 2665 1190 2756 commisit,
1227 2669 1263 2740 et
1300 2666 1399 2740 urndis
1434 2667 1528 2741 durii
1555 2669 1738 2743 retrorsum
1766 2667 1943 2758 conversis,

400 2789 434 2860 et
461 2809 560 2881 agros
587 2789 623 2861 et
648 2787 750 2861 uillae
778 2789 986 2877 subvertens,
1025 2786 1245 2862 inundatione
1282 2787 1440 2862 uastauit.
1478 2789 1520 2862 Iu
1547 2787 1692 2883 Alpibus
1727 2811 1859 2882 quoque
1885 2787 1948 2862 aa
2019 2841 2022 2846 ,

399 2907 615 2982 nonisnsibus
642 2929 697 2982 ros
723 2907 931 3002 sanguineus
958 2907 1162 2998 quantitatis
1189 2907 1348 2983 insolitae
1374 2907 1510 2983 decidit.

400 3271 551 3344 Pratlcni
580 3269 762 3342 molendino
789 3269 974 3360 libingcnai
1002 3269 1172 3342 obsidione
1199 3271 1318 3358 cincto,
1348 3288 1412 3362 quo
1431 3270 1519 3344 ciros
1538 3271 1702 3363 praecipui
1721 3271 1948 3360 coaluerant

747 3391 828 3462 illud
855 3391 1049 3482 conquirunt
1075 3395 1109 3462 et
1136 3409 1249 3463 omnes
1277 3391 1453 3463 crudeliter
1479 3395 1604 3464 uacant.

504 3605 702 3706 (ilemerati¹
718 3629 883 3704 Prutheni
911 3629 1042 3704 barbari
1072 3629 1107 3702 in
1135 3629 1267 3721 aliquot
1293 3650 1425 3720 cuneos,
1455 3651 1514 3723 pro
1541 3628 1764 3721 conquirendo
1790 3631 1898 3703 castro
1915 3633 1950 3702 et

401 3751 522 3846 oppido
550 3752 707 3844 Elbpang
724 3749 752 3848 ²)
779 3749 974 3839 adveniunt,
1003 3748 1061 3824 sed
1088 3771 1164 3824 curn
1190 3749 1342 3822 difficilis
1368 3748 1577 3842 expugnatio
1604 3748 1795 3838 uideretur,
1824 3749 1949 3823 molen·
2069 3771 2070 3774 ¹

401 3873 516 3946 dinum
545 3871 761 3965 Elbingensa
792 3870 828 3942 in
856 3872 943 3962 quod
971 3870 1226 3964 principaliores
1253 3869 1342 3945 cives
1360 3871 1593 3963 Elbingenscs‚
1622 3869 1794 3944 defensuri
1811 3869 1898 3942 illud
1916 3890 1951 3944 se

402 3993 625 4080 contulerant,
654 3991 824 4065 obsidione
852 3994 1035 4066 coarctant.
1064 3993 1140 4064 Non
1167 3991 1352 4065 terentibus
1378 3993 1493 4066 autem
1519 3989 1699 4064 Orueileris
1725 3990 1813 4082 quod
1839 4010 1874 4062 se
1901 3991 1951 4062 la

401 4117 495 4186 turos
522 4111 770 4206 spoponderant
796 4111 1020 4204 praesidium,
1058 4133 1096 4185 eo
1123 4111 1335 4185 necessitatis
1371 4111 1508 4184 uentum
1536 4111 1608 4200 est,
1646 4111 1686 4182 ut
1712 4109 1802 4182 datis
1828 4107 1953 4203 uiginti

403 4234 551 4325 quinque
577 4231 748 4307 obsidibus
773 4253 818 4305 ex
845 4235 961 4325 pacto,
1003 4231 1144 4323 reliquis
1180 4231 1309 4306 civibus
1345 4231 1381 4304 in
1408 4230 1597 4305 molendino
1635 4229 1802 4304 conclusis
1837 4231 1952 4323 patere

403 4354 546 4428 debebat
568 4355 606 4426 et
632 4351 703 4426 vita
729 4354 764 4426 et
791 4351 941 4427 libertas.
970 4353 1035 4426 Sed
1062 4353 1187 4426 caduca
1214 4354 1249 4425 et
1276 4353 1369 4425 fluxa
1396 4353 1450 4426 est
1477 4351 1566 4445 apud
1593 4352 1763 4440 barbaros,
1782 4351 1863 4424 dum
1877 4371 1952 4442 pro·

404 4495 502 4566 spera
528 4473 664 4546 fortuna
690 4473 844 4562 utuntur,
874 4473 969 4546 fides.
1006 4472 1187 4546 Obsidibus
1223 4471 1313 4546 enim
1341 4473 1457 4547 contra
1494 4472 1548 4545 ius
1582 4471 1738 4564 gentium
1773 4470 1953 4545 crudeliter

404 4591 563 4683 enecatis,
591 4591 694 4666 etism
721 4591 904 4682 uniuersos,
933 4593 991 4683 qui
1020 4592 1055 4666 in
1083 4591 1272 4666 molendino
1300 4591 1540 4682 constiterant,
1577 4591 1670 4665 uario
1696 4589 1868 4664 carnificio
1895 4611 1952 4664 ex·

405 4712 595 4806 stinguunt.
633 4712 676 4785 In
704 4735 842 4804 quorum
871 4713 1035 4788 ultionem
1063 4713 1219 4787 Prussiae
1246 4712 1408 4805 Magister
1434 4711 1607 4786 Ounradus
1634 4710 1791 4805 regiones
1808 4709 1952 4784 Pmthe-

403 4854 521 4907 uorum
548 4833 635 4905 ferro
662 4834 697 4906 et
725 4833 803 4927 igne
830 4833 961 4926 aliquot
988 4833 1206 4907 hebdomadis
1233 4835 1390 4923 vastans,
1420 4831 1523 4906 etiam
1550 4832 1700 4905 castrum
1726 4826 1953 4924 Heilsbcrgp

403 4952 583 5046 conquirit.

513 5227 535 5307 1)
558 5231 716 5291 baronibus
746 5237 776 5290 et
804 5230 979 5290 militaribus
1013 5225 1085 5291 Ood.
1114 5231 1207 5290 Rcsr.
1247 5226 1274 5306 ²)
1306 5227 1412 5305 Elbiag
1445 5225 1516 5289 (iod.
1546 5227 1639 5288 Reer.
1674 5223 1701 5302 ³)
1723 5225 1850 5300 Eleberg
1883 5223 1953 5286 (iod.

406 5333 498 5395 Reor.
