4246 6274
428 553 476 626 48
1039 573 1148 624 crana
1175 572 1343 634 aurnuns.
1698 549 1760 646 (A.
1780 549 1824 644 D.
1844 551 1948 644 1157.)

425 757 539 833 livoris
565 757 672 853 magis
699 757 734 832 in
761 759 911 848 Polonos,
926 781 1038 850 *quarn
1066 759 1201 853 pietatis
1228 759 1263 833 in
1289 759 1421 834 exulem
1448 761 1609 852 respectu,
1638 782 1679 834 ne
1705 758 1740 832 id
1766 758 1946 834 ludibrium

425 881 511 954 ferat
537 879 673 972 Caesar,
702 881 984 974 pertinaciamque
1011 883 1166 956 Polouiae
1193 881 1386 975 Principum
1422 903 1480 954 suo
1516 881 1668 956 calcaneo
1704 881 1949 956 aduersantium

426 1003 582 1093 domaret,
611 989 775 1090 admovit;
803 1003 951 1076 universi
978 1002 1095 1078 deinde
1121 1003 1293 1098 Principes
1318 1003 1492 1078 Almaniae
1523 1002 1601 1078 huic
1628 1003 1782 1098 petitioni
1809 1003 1947 1092 assensi,

426 1127 464 1199 ut
490 1124 735 1200 restitutionem
753 1124 934 1201 Wladislai
961 1127 1159 1199 Polonorum
1176 1125 1277 1198 Ducis
1303 1124 1459 1215 efficeret,
1489 1125 1661 1200 Gaesarem
1687 1125 1845 1215 consiliis,
1874 1148 1949 1220 pre·

426 1247 583 1338 cibusque
611 1247 847 1341 impellebant:
885 1247 1091 1323 Wladislaus
1118 1247 1206 1322 enim
1233 1249 1430 1321 Polonorum
1457 1248 1535 1320 Dux
1561 1251 1595 1321 et
1621 1270 1664 1322 ax
1690 1248 1844 1322 continuo
1872 1270 1949 1322 con-

425 1367 596 1460 tubernio,
625 1372 659 1443 et
685 1392 727 1443 ex
755 1369 912 1442 diuturna
948 1393 1056 1460 mora,
1093 1369 1162 1443 fere
1197 1369 1342 1442 omnium
1377 1369 1440 1444 sibi
1476 1369 1652 1444 Almaniac
1686 1369 1878 1464 Principum
1913 1371 1949 1443 et

426 1489 673 1566 familiaritates
699 1494 734 1566 et
760 1491 923 1564 amicitias
950 1493 1126 1566 meruerat.
1154 1489 1341 1566 Fridericus
1368 1493 1480 1566 autem
1506 1492 1641 1584 (laesor,
1670 1514 1744 1565 cum
1770 1494 1804 1565 et
1830 1494 1950 1584 suapte

426 1613 467 1686 ad
494 1613 664 1687 ferendum
691 1613 784 1687 exuli
809 1613 993 1686 subsidium
1020 1615 1223 1703 moveretur,
1261 1613 1492 1706 frequentibus
1518 1617 1628 1687 tamon
1655 1613 1847 1708 Principum
1873 1635 1949 1687 sen·

427 1733 544 1809 tentiis
565 1735 586 1828 )
613 1735 647 1809 et
674 1734 827 1828 precibus
853 1735 933 1808 adeo
960 1735 1146 1828 pervictus,
1174 1757 1395 1827 succensusque
1421 1737 1491 1824 est,
1520 1737 1559 1808 ut
1585 1734 1725 1828 priorem
1741 1733 1766 1829 Ἰ)
1794 1735 1828 1808 in
1851 1735 1949 1809 Polo-

427 1879 496 1946 nos,
526 1878 626 1948 quam
653 1857 688 1930 in
714 1857 974 1931 Mediolanenses
1009 1856 1253 1951 expeditionem
1289 1857 1468 1948 indiceret,
1506 1859 1541 1932 et
1576 1857 1685 1930 exulis
1716 1879 1846 1931 causan
1873 1880 1949 1951 per·

428 1977 520 2073 prius
536 1975 563 2071 ³)
590 1977 656 2072 agi,
686 2000 785 2070 quam
811 1978 989 2073 propriam,
1019 1979 1147 2054 mallet.
1188 1979 1309 2052 Verum
1337 1979 1415 2071 quia
1441 1982 1568 2054 aestate
1594 1979 1656 2052 illu
1682 1978 1850 2073 expeditio
1877 1979 1952 2072 ipsa

427 2099 562 2173 minime
596 2101 731 2194 propter
767 2101 924 2194 temporis
960 2101 1128 2175 defluxum
1144 2103 1171 2194 4)
1199 2103 1397 2195 proventura
1422 2101 1605 2175 uidebatur:
1634 2123 1697 2192 quo
1724 2100 1843 2174 iustior
1868 2100 1950 2174 balli

427 2244 526 2296 causa
552 2225 655 2312 esset,
693 2221 784 2296 mitti
819 2221 962 2316 primum
989 2224 1032 2296 ad
1057 2223 1164 2297 Duces
1191 2223 1368 2313 Poloniae,
1398 2223 1455 2315 qui
1480 2222 1612 2298 nomine
1639 2223 1787 2298 caesaris
1812 2222 1950 2297 restitu-

427 2343 551 2419 tionem
576 2343 684 2418 exulis
711 2345 942 2434 admonerent,
971 2345 1123 2437 belloque
1150 2345 1319 2420 inferendo
1346 2347 1528 2435 terrerent,
1565 2345 1692 2439 placuit
1727 2345 1867 2439 lagatos.
1903 2343 1951 2416 Hi

428 2489 502 2541 cum
529 2488 571 2540 ax
597 2466 709 2541 eodem
735 2469 897 2541 murentu
916 2466 951 2540 in
969 2466 1167 2542 Wirczburk
1194 2467 1308 2542 habito
1335 2467 1429 2540 missi
1455 2467 1575 2558 essent,
1604 2467 1795 2542 Boleslaum
1822 2489 1951 2558 quoque

427 2589 551 2663 Ducem
577 2589 611 2662 et
637 2588 849 2662 Monarcham
875 2589 1048 2664 draconino
1083 2588 1314 2680 offendissent,
1350 2567 1538 2683 imperialia
1573 2589 1747 2680 mandata,
1782 2591 1821 2662 ut
1852 2591 1949 2662 erant
2008 2637 2010 2642 .

428 2709 583 2784 instructi
610 2711 644 2784 et
671 2710 764 2800 iussi,
792 2733 900 2784 coram
927 2733 963 2784 eo
990 2714 1024 2785 et
1050 2711 1176 2786 duobus
1202 2710 1340 2802 reliquis
1363 2711 1521 2785 fratribus
1540 2712 1724 2806 Myecnslao
1743 2712 1777 2786 et
1793 2709 1950 2800 Henrico,

429 2853 509 2924 quos
549 2831 661 2925 gratia
700 2832 880 2906 audiendae
920 2832 1098 2926 legationis
1139 2833 1307 2926 praefatae
1341 2833 1514 2907 Boleslaus
1550 2831 1742 2907 (traconiam
1777 2831 1950 2920 acciverat,

428 2952 573 3028 edicunt.
602 2954 749 3031 Orabant
775 2957 897 3044 autem,
922 2958 961 3028 ut
978 2955 1080 3029 Ducis
1098 2954 1279 3030 Wladislai
1305 2953 1420 3028 fratris
1447 2955 1498 3026 sui
1525 2954 1655 3028 veniam
1681 2954 1793 3045 errori,
1821 2953 1952 3028 ueniam

427 3074 687 3170 transgressioni
712 3075 909 3166 tribuerent,
940 3078 1211 3167 moverenturque
1238 3074 1302 3150 etsi
1329 3098 1394 3149 non
1427 3076 1667 3169 germanitate,
1704 3077 1824 3150 saltem
1860 3075 1951 3148 cala-

431 3197 547 3271 mitate
582 3195 727 3271 hominis
762 3200 796 3270 et
822 3219 971 3272 caesarea
1006 3197 1257 3273 intercessione:
1303 3196 1386 3270 satis
1412 3196 1633 3272 Wladislaum
1660 3197 1783 3272 Ducem
1810 3219 1868 3290 pro
1895 3196 1952 3270 de-

430 3318 510 3394 licto
537 3341 712 3413 poenarum
751 3319 889 3394 dedisse.
943 3321 1117 3395 Boleslaus
1144 3323 1254 3394 autem
1282 3321 1479 3393 Polouorum
1505 3319 1681 3394 Monarcha
1695 3319 1723 3413 5)
1750 3321 1891 3393 fratrum
1918 3319 1954 3392 et

429 3440 690 3515 consiliariorum
717 3462 850 3515 suorum
877 3441 1113 3516 deliberatione
1147 3441 1349 3535 legationem
1384 3462 1569 3516 caesaream
1595 3440 1747 3535 digerens
1761 3439 1789 3535 6)
1815 3462 1951 3534 raspon-

430 3563 498 3636 dit:
527 3563 621 3637 Nihil
636 3561 664 3657 7)
692 3585 727 3637 se
752 3565 786 3638 et
813 3564 935 3638 fratres
963 3586 1039 3637 suos
1067 3564 1101 3636 in
1128 3564 1352 3639 Wladislaum
1379 3564 1503 3638 Ducem
1529 3563 1666 3637 admissi
1693 3562 1848 3637 iocinoris
1875 3583 1951 3636 con-

429 3684 514 3760 scios
541 3683 622 3774 esse,
650 3707 756 3776 neque
782 3707 817 3760 se
843 3685 941 3758 fratri
967 3686 1093 3760 bellum
1119 3684 1258 3760 rnouisse
1277 3686 1315 3780 Β),
1344 3686 1401 3760 sed
1428 3651 1572 3758 illatum⁸
1588 3685 1809 3779 propulsasse.
1847 3684 1952 3757 Illum

429 3810 500 3881 tam
526 3807 690 3882 crudelem
717 3809 752 3880 in
779 3829 813 3882 se
840 3807 953 3900 fuisse,
982 3811 1021 3880 ut
1047 3831 1113 3882 non
1145 3807 1371 3882 conrmunione
1406 3806 1598 3902 sanguinis,
1636 3830 1702 3881 non
1736 3829 1848 3882 eorum
1874 3807 1952 3880 ado·

428 3929 598 4020 lascentia,
626 3952 692 4005 non
718 3929 869 4024 precibus
897 3929 1072 4022 quominus
1099 3931 1140 4004 ad
1175 3929 1411 4004 exterminium
1437 3951 1548 4003 eorum
1575 3951 1651 4002 suos
1677 3951 1789 4004 omnes
1816 3930 1954 4003 conatus

430 4052 628 4144 intenderet,
657 4055 851 4126 moueretur.
906 4051 1088 4146 Indignum
1114 4052 1337 4128 Wladislaum
1363 4053 1488 4126 Ducem
1514 4050 1621 4143 uenia,
1650 4051 1826 4145 iudignum
1853 4049 1952 4125 mise-

429 4175 570 4250 ricordia
596 4176 630 4248 et
657 4173 889 4248 intercessione
916 4173 1104 4266 disserunt,
1142 4173 1199 4265 qui
1231 4173 1337 4249 omnis
1364 4173 1592 4268 cognationis,
1630 4173 1736 4247 omnis
1771 4172 1955 4265 aequitatis

319 4320 333 4340 ⁴
429 4297 563 4388 oblitus,
591 4318 651 4371 nec
677 4295 759 4369 iuris
786 4295 909 4386 divini,
938 4318 998 4370 nec
1024 4297 1182 4387 humani,
1210 4297 1266 4371 sed
1292 4317 1352 4370 nec
1377 4295 1459 4369 iuris
1485 4295 1635 4391 gentium
1662 4295 1865 4386 sanctiones,
1894 4317 1955 4368 nec

430 4418 536 4515 patris
562 4419 761 4492 testamento
797 4417 921 4511 scripta
955 4417 1108 4513 legitima
1140 4417 1212 4512 pati
1237 4421 1272 4493 at
1298 4417 1462 4492 custodire
1488 4417 1599 4511 potuit
1630 4417 1779 4511 imparia,
1808 4417 1865 4490 sed
1892 4438 1952 4490 nec

430 4545 520 4632 tunc,
549 4541 627 4614 dum
653 4539 731 4634 se⁹)
767 4541 808 4614 ad
834 4540 934 4614 unius
960 4539 1194 4616 Posnauicnsis
1229 4539 1330 4615 castri
1366 4540 1527 4634 angulum
1561 4540 1764 4634 redegisset,
1801 4537 1954 4633 precibus

429 4664 561 4758 poterat
578 4661 779 4738 Gncsnensis
805 4661 1025 4757 pontilicis¹⁰)
1051 4663 1162 4738 Iacobi
1181 4663 1320 4756 paterna
1347 4661 1570 4737 obsecratione
1596 4661 1734 4756 placari.
1762 4661 1804 4735 Se
1823 4660 1955 4753 quidem

431 4807 496 4860 non
523 4785 594 4858 tam
620 4784 739 4879 impios
766 4806 848 4877 esse,
877 4788 1007 4860 utnon
1034 4785 1138 4860 velint
1165 4784 1263 4860 fratri
1289 4787 1384 4859 tanto
1411 4787 1557 4878 tempore
1583 4783 1676 4859 exuli
1701 4782 1869 4871 misereri;
1897 4783 1955 4857 sad

430 4906 556 4998 uereri,
584 4929 625 4982 ne
652 4906 828 4982 restitutus
855 4908 897 4981 ad
923 4907 1157 4982 exterminium
1184 4930 1296 4982 eorum
1322 4905 1509 4997 ardentius,
1541 4907 1619 4980 dum
1644 4906 1819 4982 ambitioso
1846 4904 1956 4978 animo

430 5027 632 5104 exulceratio
652 5027 694 5122 ¹¹)
721 5028 905 5120 accesserit,
934 5028 1099 5103 intendat.
1136 5028 1308 5122 Rogarent
1334 5027 1470 5122 proinde
1496 5026 1678 5120 caesarem,
1707 5029 1745 5100 ut
1772 5048 1852 5121 erga
1878 5025 1956 5098 illos

538 5219 563 5300 ¹)
587 5218 723 5292 consiliis,
747 5222 898 5281 sententiis
924 5219 994 5280 Ood.
1017 5220 1107 5280 Roar.
1140 5217 1166 5297 q)
1188 5221 1268 5294 prius
1291 5220 1350 5280 Ed.
1374 5220 1466 5280 Dobr.
1499 5216 1527 5296 ³)
1550 5221 1635 5279 citius
1658 5219 1716 5278 Ed.
1739 5219 1831 5278 Dolor.
1862 5213 1890 5299 ⁴)
1906 5217 1957 5276 de·

431 5326 537 5412 fectum
560 5327 620 5386 Ed.
642 5326 732 5387 Dobr.
780 5322 805 5402 5)
827 5326 893 5384 Dux
915 5331 944 5385 et
965 5326 1124 5384 Monarclra
1149 5323 1217 5385 coc.
1241 5327 1332 5386 Roar.
1378 5321 1404 5404 6)
1427 5326 1590 5400 expendens
1616 5323 1685 5383 Ocd.
1707 5325 1797 5382 Roar.
1837 5319 1861 5400 7)
1884 5323 1956 5382 Nul-

432 5435 487 5493 lius
513 5431 582 5494 Uoot.
605 5433 696 5494 Roar.
730 5428 755 5509 8)
775 5432 908 5491 intulisse
934 5429 1003 5493 Ood.
1026 5431 1117 5492 Roas.
1149 5427 1178 5510 ⁹)
1200 5431 1266 5491 illos
1293 5431 1362 5491 God.
1377 5431 1468 5492 Roas.
1496 5427 1534 5508 ¹⁰)
1558 5429 1766 5504 archiepiscopi
1788 5428 1846 5489 Ed.
1862 5429 1955 5490 Dobr.

437 5535 476 5620 ¹¹)
499 5538 679 5600 exulceratus
702 5535 760 5598 Ed.
784 5536 875 5597 Dobr.
