4192 6272
383 552 457 625 518
977 576 1089 628 arsen
1116 573 1311 630 auronius.
1651 556 1719 652 (Α.
1740 557 1787 632 D.
1808 557 1932 658 maa.)

379 763 464 853 stat,
492 763 528 836 et
554 761 762 856 impossibile
790 761 836 837 sit
863 763 961 838 illum
988 763 1169 857 quicquam
1195 763 1328 838 sinistri
1356 764 1479 840 moliri.
1508 767 1633 840 Verum
1660 766 1799 842 Lutbko
1825 766 1932 842 omni-

383 907 438 957 urn
468 883 703 959 beneficiorum
731 885 765 958 ct
793 884 926 980 parenti
954 888 989 960 et
1015 886 1078 960 sibi
1107 887 1345 980 praestitorum
1372 887 1509 978 oblitus,
1530 889 1698 978 balneum,
1721 888 1755 962 in
1774 911 1839 982 qum
1857 890 1934 963 Dux

382 1007 559 1081 lavabatur
585 1005 762 1098 Henricus,
792 1007 951 1100 gentibus
976 1007 1174 1100 circumdat,
1203 1011 1238 1082 et
1265 1009 1491 1083 familiaribus
1526 1008 1630 1084 Ducis
1665 1009 1875 1104 fugientibus
1900 1012 1936 1084 et

382 1127 622 1219 resistentiam,
650 1149 725 1202 cnm
753 1129 852 1204 nudis
879 1132 995 1204 contra
1021 1137 1168 1205 armatos
1195 1131 1347 1225 iniquum
1369 1131 1391 1226 ¹)
1419 1132 1506 1206 foret
1530 1133 1714 1224 certamen,
1743 1133 1851 1207 facere
1869 1156 1935 1205 non

361 1249 595 1341 pandentibus,
623 1249 808 1326 Henricum
835 1253 962 1326 Ducem
989 1253 1024 1327 et
1051 1251 1221 1326 dominum
1258 1275 1367 1345 suum,
1396 1275 1484 1326 nona
1511 1253 1664 1327 Octobris
1691 1253 1745 1328 die
1772 1252 1934 1348 captivat.

382 1371 486 1467 Quem
514 1370 579 1446 etsi
607 1395 694 1446 unus
721 1395 765 1448 ex
792 1372 1017 1447 familiaribus
1044 1374 1223 1448 defendero
1250 1373 1345 1448 nisus
1372 1373 1513 1465 fuisset,
1542 1377 1577 1448 et
1603 1397 1663 1450 suo
1699 1397 1835 1468 corpore
1871 1374 1932 1447 du·

383 1494 455 1568 cale
480 1493 715 1588 praeterisset,
745 1516 766 1568 a
792 1495 972 1569 buthlroue
1001 1496 1115 1569 tamen
1143 1497 1178 1569 et
1204 1495 1275 1570 suis
1302 1495 1405 1569 uariis
1432 1495 1628 1570 uulneribus
1655 1496 1852 1586 confossus,
1881 1495 1932 1568 in-

383 1613 491 1689 teriit.
518 1615 647 1710 Oaptus
674 1615 789 1706 itaquo
815 1617 983 1692 Henricus
1009 1616 1149 1709 quintus
1175 1618 1274 1708 Dur,
1311 1619 1346 1691 et
1374 1640 1417 1690 ex
1444 1617 1563 1691 balneo
1599 1615 1823 1712 ignominiose
1849 1616 1937 1691 nudo

383 1758 518 1830 corpore
545 1739 685 1828 tractus,
714 1737 748 1812 in
776 1759 899 1830 equum
940 1739 1136 1833 imponitur,
1177 1741 1212 1814 et
1248 1739 1309 1814 rili
1337 1737 1478 1833 palliolo
1518 1738 1756 1834 superiniecta,
1784 1739 1859 1812 tota
1885 1737 1938 1812 die

384 1858 446 1932 illa
472 1862 507 1934 et
535 1861 630 1934 nocte
657 1861 886 1952 subsequenti,
915 1884 983 1952 qua
1010 1864 1130 1954 captus
1157 1863 1229 1951 est,
1258 1860 1410 1954 equitare
1448 1882 1548 1935 cursu
1573 1859 1765 1936 uehementi
1792 1861 1937 1950 coactus,

384 1980 419 2054 in
447 1981 628 2056 Sanduotb
668 1981 846 2058 adducItur
872 1985 907 2057 et
933 1982 1017 2058 Duci
1046 1981 1263 2078 filogoviensi
1304 1983 1457 2057 b'unrado
1499 2004 1559 2077 per
1595 1983 1812 2056 Lutbkouem
1841 2005 1937 2076 praa·

384 2102 550 2193 sectatur,
580 2101 782 2180 infelicitate
808 2125 871 2178 sua
897 2105 939 2178 ab
965 2126 1003 2178 eo
1031 2104 1193 2198 proditus,
1222 2103 1318 2178 cuius
1345 2105 1519 2198 parentem
1547 2103 1582 2177 in
1609 2126 1777 2177 summum
1796 2102 1939 2198 madum

385 2225 584 2319 prouexerat
610 2226 645 2298 et
671 2223 783 2320 ipsum
802 2247 934 2320 quaeque
953 2227 1157 2320 proditorem
1176 2247 1367 2320 promouere
1385 2227 1587 2300 maturabat.
1615 2225 1720 2321 Quaem
1739 2225 1832 2300 illico
1850 2225 1938 2300 (lun-

388 2346 489 2421 radus
516 2347 595 2421 Dux
611 2345 639 2442 ²)
666 2346 865 2443 Glogouiarn
892 2348 1085 2442 perducens,
1116 2347 1151 2420 in
1178 2347 1252 2422 dira
1279 2347 1422 2423 coniecit
1448 2345 1595 2439 vincula,
1629 2347 1781 2422 uinctum
1809 2368 1939 2439 quoque

386 2469 422 2543 et
448 2469 653 2560 catenatum,
682 2493 749 2544 non
776 2470 885 2544 solum
913 2470 1076 2545 horrendo
1104 2469 1247 2561 carceri,
1277 2471 1335 2544 sed
1363 2469 1460 2544 etin
1488 2492 1547 2544 uas
1573 2472 1717 2544 ferreum
1755 2471 1938 2564 angustum

386 2592 421 2666 et
447 2613 490 2664 ex
517 2590 606 2665 omni
636 2591 732 2684 parte
759 2593 977 2684 coarctatum,
1006 2594 1071 2667 duo
1097 2593 1328 2667 teritummodo
1356 2591 1531 2682 foramina,
1561 2594 1596 2667 et
1622 2593 1705 2666 baec
1731 2591 1807 2685 ipsa
1834 2589 1940 2685 pluri·

388 2735 478 2786 mum
506 2712 622 2788 breuia
648 2715 684 2788 et
710 2712 840 2805 stricta,
869 2714 1008 2806 babens,
1038 2738 1142 2789 unum
1170 2712 1234 2809 quo
1261 2737 1371 2802 escam
1389 2713 1571 2808 exciperet,
1600 2713 1796 2808 spirareque
1814 2713 1938 2807 posset,

387 2833 502 2926 aliud,
532 2857 597 2927 quo
624 2835 739 2911 aluum
766 2837 948 2932 purgaret,
979 2839 1014 2912 ct
1040 2837 1076 2910 in
1104 2859 1169 2929 quo
1196 2860 1263 2911 non
1291 2835 1447 2928 sedendi,
1477 2859 1543 2910 non
1571 2835 1685 2910 standi
1711 2837 1773 2909 aut
1799 2833 1939 2923 iacendi,

387 2956 446 3030 sed
473 2955 532 3031 vix
558 2978 660 3052 aegre
686 2957 867 3050 haerendi,
896 2957 1017 3034 relicta
1052 2961 1126 3034 erat
1152 2959 1320 3049 facultas,
1349 2957 1515 3032 includit:
1544 2956 1601 3030 ubi
1638 2979 1698 3051 per
1724 2979 1856 3032 meuses
1882 2977 1942 3030 sex

390 3077 472 3154 adeo
491 3079 613 3170 tortum,
637 3080 848 3173 vexatusque
874 3081 938 3172 est,
968 3082 1008 3156 ut
1034 3080 1075 3156 de
1102 3079 1251 3176 scapulis
1277 3081 1313 3155 et
1339 3080 1464 3155 femore
1491 3077 1564 3154 eius
1591 3081 1627 3153 et
1653 3077 1765 3152 sanies
1791 3079 1828 3154 et
1854 3078 1941 3151 mul·

390 3199 501 3276 titudo
527 3199 691 3278 vermium
718 3200 908 3278 scaturiret.
935 3203 1076 3278 Mortem
1105 3203 1220 3295 itaque
1247 3205 1283 3277 et
1309 3202 1460 3277 crudeles
1478 3199 1653 3295 passiones
1671 3221 1844 3290 euasurus,
1865 3200 1943 3274 dum

390 3320 518 3397 uideret
544 3343 742 3417 gerularum
770 3345 868 3398 suurn
896 3325 1022 3400 Ducem
1050 3324 1244 3399 Boleslaum
1272 3322 1551 3397 Suidnicaensem
1579 3343 1639 3416 pro
1666 3343 1727 3395 sua
1744 3321 1943 3395 liberatione

389 3445 520 3518 nullam
548 3467 680 3539 operam
709 3467 860 3536 navasse,
889 3445 1036 3540 triginta
1064 3467 1252 3522 rrrurcarum
1280 3444 1391 3518 millia
1417 3443 1453 3517 in
1481 3443 1594 3538 pontis
1628 3443 1734 3519 medio
1753 3465 1858 3538 supra
1880 3441 1942 3516 flu-

391 3589 466 3641 men
493 3567 632 3658 baerna,
661 3567 719 3658 qui
747 3567 950 3663 Legnicaam
979 3567 1191 3659 circumfluit,
1220 3591 1264 3642 ex
1291 3566 1474 3661 composite
1503 3565 1649 3660 primum
1676 3565 1796 3655 solvit,
1825 3563 1945 3638 deinde

390 3688 626 3783 infrascriptos
653 3689 841 3780 districtus,
883 3691 996 3764 castra
1022 3692 1057 3765 et
1084 3689 1218 3784 oppida,
1247 3688 1405 3764 uidelicet
1431 3686 1711 3782 Nampslouiam
1740 3686 1942 3775 Beroltbou,

391 3810 599 3902 Krucabcrlr,
628 3810 813 3903 Biezinam,
841 3811 1068 3902 Kunczested,
1097 3811 1322 3886 Rosuemberk
1338 3809 1377 3903 3),
1406 3807 1626 3904 Haynouiam
1644 3810 1679 3883 et
1697 3806 1943 3894 Boleslauiam,

341 3969 344 3974 ·
390 3953 464 4006 cum
493 3931 648 4006 terminis
675 3935 710 4008 et
736 3931 1011 4008 distinctionibus
1039 3932 1110 4006 suis
1137 3931 1221 4007 Duei
1249 3931 1403 4006 Ounrado
1443 3929 1661 4026 Glogouiensi
1697 3929 1803 4003 donat
1829 3931 1865 4003 et
1892 3926 1944 4000 iu·

392 4051 529 4142 scribit,
572 4053 710 4146 illisque
750 4055 913 4150 perpetuo
952 4053 1139 4129 renuntiat.
1186 4055 1268 4127 Post
1308 4051 1543 4127 liberationem
1583 4051 1742 4125 continuo
1783 4051 1947 4144 languora

392 4175 644 4267 afflictabatur,
673 4198 773 4266 quem
800 4175 854 4248 illi
882 4175 1000 4250 feralis
1027 4174 1209 4270 captivitas
1236 4175 1455 4264 sanaverat,
1485 4195 1545 4248 nec
1572 4173 1614 4247 ad
1643 4172 1732 4245 diem
1760 4171 1879 4245 mortis
1905 4169 1947 4243 ad

392 4297 541 4392 uigorem
569 4295 751 4391 pristinum
779 4300 912 4392 poterat
939 4297 1086 4373 restitui.
1132 4297 1336 4371 Balnearum
1374 4296 1525 4371 fomenta
1551 4295 1752 4368 Polonorum
1779 4291 1946 4386 Principi-

392 4421 454 4494 bus
482 4417 667 4512 inamica⁴)
694 4421 730 4496 at
755 4420 971 4510 execrabilia,
1001 4423 1036 4494 et
1063 4421 1126 4494 sub
1154 4419 1292 4493 illarum
1320 4440 1393 4508 usu,
1422 4415 1661 4511 scrupulosiori
1690 4415 1732 4489 ad
1762 4414 1816 4488 sui
1835 4416 1947 4489 custo-

393 4538 484 4614 diam
512 4540 673 4615 utendum
700 4540 772 4615 illis
798 4564 897 4618 eura:
938 4543 1008 4616 tres
1034 4541 1123 4616 enim
1151 4542 1284 4615 constat
1311 4539 1513 4613 Polonorum
1540 4536 1716 4631 Principes
1742 4539 1805 4611 sub
1832 4537 1947 4609 balne-

394 4660 474 4735 andi
501 4663 652 4756 tempore
679 4661 890 4756 periclitatos
917 4661 1032 4738 fuisse.
1058 4663 1174 4736 Unum
1201 4663 1311 4754 hunc,
1350 4660 1390 4734 de
1418 4682 1484 4750 quo
1511 4659 1606 4733 modo
1635 4657 1861 4731 narrationem
1889 4657 1948 4729 ab·

394 4783 567 4870 soluimus,
596 4783 781 4859 Henricum
809 4784 966 4878 quintum
994 4784 1030 4858 in
1057 4782 1246 4858 ualitudine
1273 4785 1308 4857 et
1334 4779 1549 4867 substantia;
1587 4781 1734 4854 alterum
1750 4778 1777 4872 ⁵)
1804 4778 1948 4852 lestko·

394 4927 470 4980 uem
498 4904 623 4980 Album
650 4905 915 4998 cracoviensem,
944 4905 1250 4980 Sandomiriensem
1279 4906 1314 4979 et
1341 4901 1561 4978 Pomeraniae
1587 4901 1713 4976 Ducem
1733 4921 1772 4975 ac
1790 4897 1949 4974 Poloniae

504 5203 527 5283 ¹)
550 5207 679 5280 iniquum
702 5205 779 5265 enim
804 5199 875 5265 (lod.
900 5205 992 5264 Roar.
1017 5201 1045 5278 ³)
1068 5203 1271 5276 Glogoviensis
1292 5201 1360 5260 Dux
1385 5199 1456 5265 (iod.
1480 5199 1573 5260 Roar.
1596 5195 1626 5277 ³)
1649 5197 1869 5268 Namisloviam,
1891 5196 1946 5254 Be·

396 5311 532 5382 relchow,
553 5309 733 5383 Kruczborg‚
756 5309 929 5384 Byczynam,
952 5306 1161 5378 Kunczcstadt‚
1184 5305 1367 5380 Rozemberg
1388 5305 1449 5366 Ed.
1473 5304 1561 5380 Lipa.
1586 5297 1744 5382 ⁴)inimica
1761 5299 1833 5362 una.
1856 5300 1948 5360 Roas.

401 5413 427 5500 5)
449 5415 520 5480 item
543 5413 601 5479 Ed.
628 5411 716 5494 Ia'pa.
