4162 6288
378 549 453 624 374
984 574 1095 626 urana
1122 573 1315 626 snrrrmus.
1458 549 1461 558 '
1659 552 1720 646 (Α.
1741 551 1788 627 Ι).
1808 553 1927 647 mse.)
1967 601 1970 606 -

376 757 642 849 humiliatusque
670 757 781 852 potius
808 760 843 834 et
869 759 1036 834 tributum
1054 782 1075 832 a
1094 753 1270 834 'l'hartaris
1304 759 1541 853 imponendum
1560 781 1735 853 pensurum,
1765 761 1801 833 in
1820 759 1928 834 'I'bar-

377 883 527 955 tarorurn
554 880 665 954 castra
692 901 840 971 securus,
869 903 969 973 qurum
997 880 1225 956 resistentiam
1250 882 1440 956 decaetero
1467 883 1631 971 facturus,
1660 881 1833 956 adueniat.
1864 882 1928 954 Ne·

377 1025 441 1096 que
468 1024 508 1076 ea
535 1023 594 1096 per
620 1001 855 1076 caduceatores
890 1002 1081 1095 depromere
1117 1001 1277 1093 contenti,
1314 1001 1417 1077 etiarn
1437 1001 1511 1096 ipsi
1539 1003 1760 1096 personaliter
1788 1005 1930 1077 Petrum

377 1125 417 1198 do
444 1124 595 1217 Krampa
631 1121 844 1216 capitaneum
867 1122 1093 1214 conveniunt,
1130 1127 1166 1198 et
1202 1123 1320 1198 iisdem
1352 1146 1438 1216 quae
1474 1146 1495 1198 a
1530 1123 1802 1200 caduceatoribus
1839 1123 1930 1198 dicta

376 1245 484 1335 erant,
513 1245 548 1320 et
574 1243 794 1339 amplioribus
822 1244 931 1336 illurn,
959 1245 1053 1320 uelut
1079 1245 1188 1319 virum
1216 1244 1403 1340 simplicem
1429 1248 1465 1320 et
1491 1245 1702 1321 Ruthenioae
1734 1244 1929 1322 dolositatis

377 1371 479 1460 atque
506 1366 635 1440 fraudis
663 1389 781 1460 parum
808 1389 966 1461 gnarum,
1003 1366 1189 1442 inescatum
1212 1367 1234 1461 ¹)
1261 1369 1296 1440 et
1323 1367 1597 1458 circumuentum,
1634 1370 1706 1441 tam
1733 1367 1798 1442 sibi
1828 1388 1928 1458 quam

377 1488 541 1577 omuibus,
570 1487 628 1580 qui
656 1487 691 1561 in
719 1489 830 1564 castro
857 1490 965 1580 erant,
994 1489 1174 1562 securitate
1193 1489 1282 1580 data,
1312 1490 1348 1563 et
1374 1511 1439 1581 quo
1466 1487 1575 1584 magis
1602 1488 1655 1561 illi
1683 1488 1760 1563 fidei
1789 1488 1927 1578 inesset,

377 1601 559 1704 treuga'in
575 1609 657 1684 dies
684 1609 815 1702 aliquot
842 1613 952 1703 pacta,
982 1610 1018 1682 in
1046 1609 1172 1684 statiua
1198 1610 1335 1684 tandem
1375 1611 1615 1684 Thartarorum
1647 1610 1737 1684 haud
1764 1609 1884 1704 procul
1909 1631 1929 1681 a

377 1735 487 1806 castro
514 1729 743 1820 consistentia,
783 1753 980 1824 germanum
1016 1733 1155 1806 fratrem
1188 1731 1371 1826 Sbigneum
1406 1733 1442 1805 et
1482 1731 1567 1805 alios
1602 1729 1761 1806 Poloniae
1798 1729 1928 1803 milites

377 1852 487 1948 magis
514 1851 666 1946 insignes
702 1853 801 1926 illum
837 1853 1037 1928 comitantes
1073 1853 1271 1948 perducunt.
1318 1852 1385 1927 Ubi
1413 1852 1477 1927 etsi
1506 1853 1744 1928 Thartarorum
1777 1851 1927 1925 Ducibus

376 1973 535 2066 adoratis,
564 1973 732 2048 tributum
750 1995 786 2049 se
804 1973 887 2066 illis,
919 1976 1195 2067 quemadmodum
1223 1975 1415 2049 intersum
1442 1977 1477 2049 et
1503 1973 1695 2069 Russiaeb·
1714 1976 1824 2049 Duces
1851 1995 1926 2047 cou-

375 2097 524 2186 uenerat,
553 2116 734 2189 pensurum
761 2095 959 2170 obtulisset:
989 2119 1098 2187 noque
1114 2093 1142 2189 3)
1170 2095 1349 2186 oblatione,
1370 2117 1477 2188 neque
1496 2095 1691 2170 adulatione
1709 2093 1869 2169 Thartari
1886 2093 1926 2167 ad

377 2215 635 2292 misericordiam
673 2215 755 2291 moti
815 2219 887 2291 tam
923 2219 1061 2292 Petrum
1097 2217 1137 2292 de
1172 2218 1324 2311 Krampa
1358 2217 1572 2310 capitaneum
1608 2215 1924 2307 Sandomiriensem,

377 2360 480 2430 quam
507 2337 692 2432 Sbigneum
720 2339 860 2413 fratrom
888 2359 996 2428 suurn,
1026 2340 1061 2414 et
1088 2361 1202 2413 omnes
1230 2338 1357 2413 milites
1384 2338 1597 2428 Polouorum,
1635 2337 1693 2431 qui
1719 2355 1830 2413 secum
1860 2361 1926 2412 una

376 2460 596 2551 aduenerant,
625 2481 698 2534 sero
724 2480 761 2534 se
787 2482 809 2534 a
834 2459 1069 2534 Ruthenorum
1096 2459 1245 2534 Ducibus
1271 2460 1449 2552 querentes
1477 2459 1637 2553 proditos,
1665 2459 1829 2555 hospitali
1856 2460 1924 2535 rio·

377 2581 449 2656 lata
475 2581 541 2656 fide
568 2580 754 2675 captivant,
784 2583 819 2656 et
845 2580 1019 2676 spoliatos,
1048 2583 1316 2674 verberatosque,
1345 2580 1388 2656 ad
1415 2581 1574 2654 ultimum
1593 2601 1704 2656 cassos
1730 2580 1842 2676 capite
1869 2583 1925 2656 ob-

378 2705 550 2778 truncant.
579 2702 661 2777 Dum
688 2703 800 2777 valido
827 2703 946 2778 deinde
972 2724 1134 2779 concursu
1162 2705 1197 2778 et
1224 2704 1369 2778 clamore
1388 2703 1430 2777 ad
1448 2705 1596 2777 castrum
1623 2702 1758 2795 inuecti,
1787 2725 1854 2796 quo
1873 2705 1925 2778 rol

377 2825 448 2899 solo
476 2823 625 2899 imbellis
651 2823 847 2919 agrestium,
876 2825 1060 2899 infantium
1087 2827 1122 2900 et
1149 2826 1377 2899 matronarum
1404 2826 1523 2914 turba,
1553 2825 1766 2919 capitaneum
1793 2823 1925 2919 suum⁴)

376 2947 412 3020 et
438 2944 523 3020 alios
550 2966 628 3020 suos
654 2945 782 3021 milites
810 2947 844 3022 et
871 2947 1060 3022 defensores
1087 2945 1228 3022 audiens
1255 2945 1383 3021 crudeli
1409 2945 1577 3041 supplicio
1603 2948 1768 3038 anmatos,
1797 2947 1925 3040 pertor-

376 3067 457 3157 rita,
486 3067 635 3142 castrum
671 3066 772 3142 facile
808 3069 890 3160 (non
917 3067 1007 3142 enim
1038 3091 1059 3141 a
1085 3090 1251 3162 quoquam
1289 3067 1545 3162 defendebatur)
1581 3066 1716 3162 irrupit,
1752 3068 1789 3142 et
1815 3087 1927 3141 omnes

378 3211 463 3285 peno
491 3187 564 3262 illic
591 3190 752 3282 repertos,
787 3188 978 3284 uirginibus
1004 3190 1238 3264 tantummodo
1265 3191 1300 3264 ot
1326 3187 1485 3283 ingenuis
1512 3188 1675 3263 matronis
1701 3210 1761 3283 pro
1787 3189 1927 3284 explen-

377 3313 420 3385 da
447 3309 587 3385 libidine
613 3309 802 3402 reservatis,
831 3310 1025 3386 saeuissime
1051 3311 1236 3402 trucidant,
1274 3311 1451 3403 castroque
1477 3312 1577 3384 rebus
1603 3309 1758 3385 omnibus
1784 3309 1928 3404 spoliato

376 3435 412 3508 et
438 3431 583 3520 incenso,
613 3432 789 3532 plerosque
815 3432 979 3525 homines,
1008 3431 1130 3524 quibus
1156 3431 1346 3524 aliquorum
1373 3431 1493 3507 feritas
1520 3433 1724 3526 pepercerat,
1754 3431 1798 3506 ad
1821 3431 1928 3505 undas

378 3552 526 3626 fluminis
553 3551 682 3628 Wislae
710 3575 814 3647 grege
841 3554 931 3628 facto
959 3553 1132 3648 impulsos,
1171 3553 1269 3646 quasi
1296 3553 1363 3626 iam
1391 3553 1551 3628 dexteras
1586 3553 1685 3628 caede
1721 3551 1928 3646 defatigatae

238 3679 240 3687 '
377 3676 500 3764 essent,
529 3673 627 3764 aquis
655 3675 831 3765 suffocant,
869 3675 927 3748 sed
954 3675 989 3749 et
1015 3673 1168 3750 homines
1195 3673 1376 3767 languidos
1407 3675 1442 3749 et
1468 3672 1726 3749 valitudinarios
1752 3674 1795 3747 ad
1822 3674 1926 3749 ecolo-

379 3795 463 3869 siam
500 3796 643 3869 Sanctae
678 3795 806 3869 Mariae
842 3795 1095 3890 confugientes,
1133 3797 1298 3871 laceratos
1334 3797 1468 3871 necant.
1517 3796 1642 3870 Fertur
1676 3795 1811 3869 tantum
1847 3797 1929 3870 tuno

378 3915 595 3990 Dhristianici
611 3915 639 4010 ⁵)
666 3917 702 3990 et
728 3915 878 3990 Polonici
914 3915 1042 3992 cruoris
1076 3917 1250 3994 barbarica
1280 3916 1372 3992 rabie
1399 3917 1524 4008 fusum,
1553 3918 1593 3990 ut
1618 3938 1660 3990 ex
1687 3915 1772 3990 colle
1799 3914 1835 3989 in
1863 3937 1928 4006 quo

378 4059 441 4110 arx
467 4037 535 4109 sita
563 4039 647 4127 erat,
677 4036 712 4110 in
740 4037 887 4112 Wislam
923 4037 1062 4112 fluuium
1099 4038 1166 4112 arci
1202 4037 1350 4112 vicinum
1386 4035 1484 4128 quasi
1519 4038 1662 4128 quodam
1693 4039 1843 4111 torrente
1870 4037 1926 4111 da-

379 4156 527 4232 fiuxorit.
556 4159 607 4231 Ea
633 4158 732 4232 caedo
760 4157 952 4233 Dracouiam
979 4158 1121 4252 perlata,
1151 4159 1328 4234 Bolsslaus
1354 4158 1501 4233 Pudicus
1528 4157 1756 4234 bracariensis
1781 4159 1817 4233 et
1843 4159 1928 4232 San·

378 4278 590 4352 domiriensis
626 4279 706 4352 Dux
745 4279 936 4354 uehementi
971 4281 1103 4371 dolore,
1141 4281 1357 4356 manantibus
1393 4279 1554 4371 lacrimis,
1591 4281 1743 4368 affectus,
1780 4279 1860 4353 dum
1886 4279 1927 4353 ad

377 4399 602 4474 resistendum
639 4400 878 4474 Thartarorum
915 4401 1077 4495 potentiis
1112 4423 1150 4476 se
1184 4401 1346 4496 imparem
1382 4403 1512 4491 nosset,
1545 4421 1621 4475 aros
1656 4399 1867 4475 cracoviensi
1892 4399 1929 4474 in

378 4519 564 4594 custodiam
591 4521 626 4593 et
653 4519 879 4596 defensionem
906 4521 1090 4596 Clementis
1125 4522 1304 4597 castellani
1336 4521 1564 4598 (lraooriensis
1590 4522 1626 4596 ot
1652 4520 1801 4595 militum
1828 4523 1929 4613 atque

378 4639 503 4714 civium
530 4640 808 4732 cracoviensium,
848 4641 907 4734 qui
942 4665 1057 4717 omnes
1093 4665 1129 4719 se
1165 4643 1324 4716 inillam
1359 4665 1435 4718 cum
1469 4642 1642 4732 uxoribus,
1679 4641 1869 4716 infantibus
1894 4643 1930 4716 et

379 4759 587 4853 quibuslibet
621 4763 721 4836 rebus
758 4763 982 4855 contulerant,
1020 4764 1261 4854 commendata,
1300 4785 1376 4839 cum
1403 4763 1519 4858 Kinga
1544 4761 1687 4837 Ducissa
1716 4764 1752 4837 et
1777 4763 1928 4837 consorte

378 4904 440 4956 sua
466 4881 502 4956 in
528 4881 740 4977 Hungariam
767 4883 862 4974 abiit,
891 4883 1029 4976 illicque
1055 4883 1230 4975 aliquanto
1256 4886 1408 4978 ternpore
1425 4884 1530 4978 degit,
1557 4903 1729 4976 quousque
1755 4882 1928 4958 intellexit

378 5004 563 5078 Thartaros
589 5003 624 5077 in
652 5025 714 5076 sua
740 5003 899 5079 rediisse:
937 5003 1038 5099 qui⁶)
1066 5006 1160 5080 clade
1187 5007 1223 5080 ot
1249 5005 1368 5100 spoliis
1404 5003 1731 5080 sandomiriensibus
1756 5027 1824 5079 non
1851 5026 1928 5079 con·

378 5123 479 5215 tenti,
516 5124 752 5199 Ruthenorum
787 5124 936 5200 Ducibus
970 5127 1006 5202 ot
1036 5124 1228 5202 hominibus
1264 5127 1402 5202 ductum
1438 5125 1700 5222 praestantibus,
1737 5125 1927 5202 Graoouiam

489 5399 513 5478 ¹)
535 5401 687 5476 promissis
717 5402 879 5464 inescatum
914 5401 985 5464 Ood.
1009 5404 1101 5466 Rosr.
1142 5401 1169 5480 ⁹)
1190 5403 1391 5464 Ruthenorum
1425 5399 1497 5464 (lod.
1524 5403 1617 5464 Reor.
1655 5351 1683 5480 a¹)
1707 5419 1801 5478 nequa
1831 5409 1926 5464 muron

386 5501 458 5567 Ood.
483 5505 575 5567 soar.
611 5500 639 5586 ⁴)
663 5506 756 5570 solua
782 5503 851 5572 coo.
874 5508 967 5570 Rorr.
1001 5503 1027 5588 ⁵)
1051 5507 1211 5572 curisuani
1237 5507 1310 5568 Ood.
1332 5508 1425 5569 Roer.
1458 5504 1487 5589 ⁶)
1511 5508 1626 5570 Tartari
1647 5525 1717 5570 uero
1741 5506 1813 5571 coo.
1836 5508 1927 5570 Ronr.
