4172 6278
371 523 443 596 188
1002 540 1114 592 nunna
1141 539 1295 592 snxrus.
1646 517 1708 611 (Α.
1730 517 1776 594 D.
1797 518 1916 631 1209.)

368 727 621 820 licentiatisquo
647 727 844 802 Msczislaus
859 726 1073 818 exercitibus,
1101 727 1137 801 in
1164 726 1285 802 Halios
1308 726 1457 802 consedit
1476 727 1511 821 ¹).
1539 727 1628 802 Dum
1646 728 1759 802 autam
1778 726 1916 802 nuntius

369 852 485 926 tantas
512 850 618 926 cladis
644 851 686 925 ad
713 848 911 944 Hungarias
938 850 1068 944 Regem
1095 849 1247 943 perlatus
1282 849 1414 939 fuisset,
1452 848 1556 924 nimio
1593 871 1739 925 moerore
1771 851 1916 926 constsr-

369 975 470 1048 natus
497 974 531 1046 ct
557 994 658 1046 manu
685 971 830 1046 frontem
858 973 1050 1062 verberans,
1078 969 1260 1064 lachrymis
1287 969 1497 1065 indulgebat,
1536 971 1652 1046 dolans
1687 993 1722 1044 se
1747 972 1819 1045 tam
1845 973 1917 1045 tur·

370 1093 459 1188 piter
485 1092 688 1168 condictum.
729 1091 856 1186 Quibus
884 1094 926 1166 ad
953 1091 1234 1168 consultationem
1262 1091 1425 1167 consortis
1452 1091 1624 1183 abstersis,
1653 1092 1797 1167 militam
1824 1114 1919 1167 sunm

370 1215 508 1289 Iarosch
534 1215 578 1288 ad
605 1213 820 1289 ldsczislaum
855 1215 978 1290 Ducem
1016 1213 1161 1290 Russiae
1198 1212 1317 1304 mittit,
1355 1235 1504 1304 monens,
1541 1214 1581 1287 ut
1615 1211 1725 1288 filium
1761 1235 1859 1288 suum
1884 1215 1919 1288 et

371 1357 506 1410 uxorem
533 1357 629 1409 suam
645 1334 683 1429 ⁹),
721 1337 934 1426 caeterosque
969 1335 1100 1410 vinctos
1135 1336 1292 1424 solveret,
1329 1334 1532 1408 denuntians
1565 1355 1611 1425 ss,
1648 1334 1683 1410 ni
1720 1335 1755 1408 id
1789 1335 1917 1426 feccrit,

372 1479 446 1532 cnm
475 1456 628 1530 omnibus
656 1455 818 1550 potentiis
832 1454 860 1550 ³)
888 1458 1003 1531 contra
1031 1455 1187 1530 Russiam
1223 1456 1416 1530 uenturum.
1449 1455 1519 1549 Quo
1554 1457 1698 1532 terrores
1729 1455 1919 1532 huiusmodi
2033 1445 2035 1448 ’

372 1577 472 1652 nihili
500 1579 667 1671 pendente
686 1579 720 1652 ot
739 1579 920 1668 asserente,
950 1600 1014 1650 non
1044 1576 1079 1650 in
1107 1599 1169 1651 sua
1196 1578 1374 1672 potestate,
1403 1577 1462 1650 scd
1488 1576 1613 1666 diuina,
1642 1577 1815 1652 uictoriam
1842 1601 1918 1652 oon·

372 1699 500 1789 sistere,
529 1700 564 1772 et
591 1721 637 1789 ss,
668 1697 696 1771 si
723 1699 863 1788 uenerit,
902 1697 999 1772 illum
1037 1700 1257 1792 excepturum
1291 1698 1325 1772 et
1352 1697 1387 1770 in
1415 1697 1542 1772 uirtute
1579 1695 1641 1773 Dei
1676 1699 1919 1774 conflicturum:

373 1818 569 1913 Hungariae
604 1820 680 1894 Rex
715 1817 868 1893 Andreas
903 1841 942 1894 ea
977 1818 1192 1912 responsione
1228 1817 1405 1913 magisque
1421 1819 1449 1912 ⁴)
1485 1820 1735 1909 consternatus,
1777 1841 1853 1894 cum
1888 1821 1922 1892 ct

373 1938 556 2014 consiliarii
585 1939 683 2013 illum
711 1941 751 2013 dc
779 1941 923 2033 superba
950 1938 1122 2034 legatione
1154 1941 1383 2034 coarguerent,
1421 1942 1456 2016 et
1482 1939 1546 2013 nisi
1574 1939 1755 2034 gratiorem
1783 1939 1814 2014 oi
1841 1939 1920 2014 inti-

373 2061 492 2151 marct,
529 2059 639 2134 filium
674 2059 806 2133 risurus
842 2083 908 2134 non
944 2062 1044 2150 osset,
1083 2059 1218 2134 mitiora
1233 2059 1262 2154 ⁵)
1298 2059 1439 2136 consilia
1474 2060 1627 2150 secutus,
1665 2059 1922 2137 mansuetiorem

372 2180 576 2275 legationem
613 2204 671 2275 per
707 2181 848 2256 eundem
884 2181 1021 2256 Iarcsch
1058 2181 1102 2255 ad
1136 2180 1371 2272 Mscnislaum,
1408 2181 1525 2274 aequis
1560 2181 1808 2256 conditionibus
1844 2182 1920 2256 odo·

373 2303 474 2377 rande
501 2324 616 2396 pacem
652 2304 687 2376 et
724 2301 809 2377 solui
846 2303 988 2396 petendo
1015 2301 1144 2391 filium,
1174 2301 1392 2377 transmittit.
1439 2303 1580 2378 Consors
1607 2303 1744 2397 insuper
1769 2301 1922 2377 Andreae

374 2424 479 2518 Bagis
506 2422 686 2518 specialem
713 2422 920 2518 legationem
940 2425 982 2497 ad
1000 2424 1212 2498 Mscnislaum
1240 2423 1389 2513 mittens,
1418 2423 1618 2498 submissius
1645 2446 1745 2515 quam
1772 2423 1923 2518 Reginae

374 2545 602 2636 conueniebat,
632 2567 691 2638 pro
717 2543 926 2619 relaxatione
953 2543 1018 2618 filii
1045 2544 1271 2639 supplicabat.
1299 2543 1535 2638 rasorislousp
1562 2545 1676 2619 autem
1702 2544 1841 2636 neritus,
1870 2568 1921 2636 nc,

376 2665 403 2738 si
420 2665 448 2760 ⁷)
475 2665 691 2740 dolomanum
719 2665 918 2757 dimitteret,
956 2666 996 2740 do
1023 2689 1108 2742 noro
1134 2668 1252 2740 contra
1278 2665 1379 2739 illum
1404 2665 1669 2761 reintegraretur
1695 2667 1835 2758 bellum,
1864 2667 1922 2743 Oo-

374 2788 547 2860 lomanum
574 2787 728 2862 relaxare
754 2787 903 2882 negarit,
933 2788 991 2862 scd
1017 2787 1163 2882 propriis
1190 2786 1372 2882 praefectis
1398 2787 1435 2862 in
1462 2787 1582 2863 castris
1608 2787 1924 2882 Holiozionsiousp

376 2906 505 3002 positis,
534 2906 570 2981 in
597 2909 702 3002 Kyou
730 2909 772 2983 ad
799 2908 1011 2983 llscnislaum
1039 2908 1272 2984 Romanouica
1308 2910 1435 2984 Ducem
1461 2909 1687 3004 Kyorionssm
1713 2909 1863 3000 transiit,
1889 2912 1925 2984 ct

376 3028 530 3122 pluribus
557 3028 674 3102 diebus
701 3028 773 3103 illic
800 3029 836 3103 in
863 3029 996 3105 solatiis
1023 3031 1058 3104 et
1085 3031 1261 3126 voluptate
1296 3029 1435 3122 exactis,
1465 3029 1500 3105 in
1528 3030 1648 3107 Halios
1673 3030 1816 3122 radiens,
1853 3029 1925 3105 illic

376 3150 498 3244 agebat
513 3149 542 3243 9)
568 3147 812 3244 Principatum.

701 3600 857 3674 laudatio
885 3602 1076 3675 monosterii
1103 3603 1136 3674 in
1163 3603 1303 3674 Rosczol
1331 3621 1429 3694 propo
1456 3603 1599 3675 Kalirct.

484 3875 598 3950 Prima
631 3873 780 3969 Augusti
816 3875 941 3950 mensis
976 3875 1030 3950 die
1050 3875 1094 3970 ¹⁰)
1120 3877 1328 3971 Myeczslans
1348 3877 1390 3970 ¹¹)
1426 3876 1519 3950 filius
1559 3877 1708 3952 Boleslai
1745 3878 1924 3966 victoriosi,

377 3999 456 4070 Dux
487 3995 624 4070 Maioris
658 3997 817 4071 Polcniac
853 3997 974 4071 tundat
1012 3997 1252 4072 monasterium
1288 3997 1405 4072 Sancti
1440 3998 1614 4074 Benedicti
1651 3999 1687 4072 in
1722 4000 1865 4076 Kosczol
1885 4000 1892 4039 ¹
1899 4000 1925 4093 ²)

378 4119 457 4192 anto
482 4117 645 4207 Kalisch,
684 4117 885 4191 monasterio
921 4117 1130 4193 Thiniciensi
1148 4115 1190 4212 13)
1218 4118 1304 4192 illud
1331 4117 1522 4194 subiiciens.
1568 4119 1627 4193 Oui
1656 4119 1758 4194 donat
1785 4143 1845 4214 pro
1871 4121 1926 4194 do·

378 4237 541 4312 tonillas
568 4239 730 4329 Koscnol,
759 4238 866 4328 Gora,
897 4239 1086 4314 Roszeiouo
1106 4237 1169 4332 ¹⁴),
1198 4241 1407 4330 Krankouo‚
1437 4240 1595 4334 Glogoua
1615 4240 1677 4333 ¹⁵),
1706 4240 1925 4336 Kraywosan-

378 4359 487 4448 douc,
517 4358 706 4450 Kliszouo,
745 4359 928 4451 Piotrouo,
967 4361 1207 4450 Nadnemouc,
1245 4383 1321 4434 cum
1357 4361 1547 4436 molendino
1579 4364 1659 4436 ante
1695 4362 1858 4452 Kalisch,
1895 4367 1929 4437 ct

378 4480 523 4574 Lpszecn
543 4479 587 4573 l⁶)
615 4483 694 4554 ante
721 4481 846 4571 Konin,
875 4481 1062 4556 libertando
1085 4481 1173 4554 illud
1199 4483 1234 4556 et
1261 4481 1333 4556 eins
1354 4481 1395 4576 ¹⁷)
1422 4484 1508 4556 bona
1526 4484 1569 4556 ab
1587 4482 1741 4556 clunibus
1767 4484 1927 4578 angariis,

378 4649 791 4663 ω--ᾝ-

487 4736 513 4816 ¹)
536 4741 718 4800 conscendit.
736 4741 806 4802 Ood.
834 4739 915 4802 coro.
949 4738 975 4813 ²)
999 4742 1061 4801 eins
1088 4739 1159 4802 Ocd.
1182 4742 1273 4802 Βοον.
1306 4737 1332 4818 ³)
1356 4743 1434 4802 omni
1456 4743 1589 4816 potentia
1610 4743 1672 4804 Ed.
1695 4744 1790 4804 Βοῦν.
1823 4739 1850 4820 ⁴)
1870 4761 1927 4804 nna·

378 4843 422 4916 gis
444 4844 594 4917 magisque
617 4844 676 4904 Ed.
700 4845 795 4904 Βοῦν.
835 4839 861 4922 ⁵)
884 4846 1005 4904 meliora
1029 4845 1088 4903 Ed.
1111 4845 1206 4905 Βοῦν.
1238 4841 1265 4922 ⁶)
1287 4845 1457 4904 Miccislaus
1480 4846 1540 4904 Ed.
1563 4847 1656 4908 Βοῦν.
1693 4845 1767 4924 ⁷)si
1790 4849 1869 4909 caat
1895 4849 1929 4906 ἑο

382 4945 452 5006 dou.
474 4945 547 5008 Aur.
579 4944 608 5025 ⁸)
630 4949 661 5006 in
685 4953 782 5008 castro
805 4949 966 5008 Haliciensi
989 4947 1049 5008 Ed.
1071 4948 1167 5008 Dolor.
1207 4944 1378 5025 ⁹)regcbat
1399 4945 1460 5008 Ed.
1483 4949 1578 5008 Βοῦν.
1614 4949 1654 5028 ¹⁰)
1676 4951 1834 5010 Fundatio
1861 4951 1929 5010 doec

378 5065 499 5108 monce
521 5047 629 5120 forsan
652 5052 687 5109 ia
714 5050 783 5110 θοοῦ.
807 5049 881 5110 Aut.
905 5052 959 5112 sud
984 5053 1352 5128 ocao1209cpposr'ta:
1382 5053 1446 5126 ipse
1468 5054 1577 5112 etenim
1603 5058 1707 5114 auctor
1729 5055 1927 5116 Miccaslaum

378 5153 495 5212 Ducam
516 5154 617 5225 filiam
640 5155 776 5213 Boleslai
802 5151 905 5228 Crispo·
933 5157 997 5214 ium
1018 5156 1111 5230 prius
1141 5173 1224 5216 cano
1246 5159 1334 5216 1202
1355 5159 1508 5216 momorum
1530 5173 1590 5234 csse
1612 5155 1712 5228 refert.
1755 5153 1798 5239 ¹²)
1820 5158 1924 5216 lllsczi·

380 5256 459 5314 slsus
480 5257 542 5316 Ed.
564 5257 658 5316 Βοῦν.
703 5255 743 5332 1⁴²)
766 5257 888 5317 Kosciol
918 5259 977 5317 Ed.
1000 5259 1095 5318 Βοῦν.
1137 5255 1177 5336 ¹³)
1200 5259 1362 5333 Tyneccnsi
1392 5259 1453 5318 Ed.
1476 5260 1570 5320 Βοῦν.
1613 5255 1653 5336 ¹⁴)
1675 5260 1825 5320 Kozeiovo
1858 5258 1926 5320 cod.

379 5359 473 5417 Roas.
506 5359 672 5420 Korieiowo
695 5361 754 5420 Ed.
777 5361 870 5422 Βοῦν.
912 5357 952 5439 ¹⁵)
976 5362 1095 5444 Glogou
1125 5360 1186 5428 Ed.
1209 5363 1303 5436 Βοῦν,
1347 5358 1388 5449 ¹⁶)
1412 5361 1510 5435 Lisipc
1533 5363 1591 5435 Ed.
1615 5364 1708 5436 Βοῦν.
1741 5360 1790 5453 fl)
1815 5363 1928 5434 easdem

380 5459 465 5530 villas
489 5466 519 5532 et
542 5479 639 5532 earum
668 5462 738 5525 cod.
763 5465 855 5530 Βοῦν.
