4140 6298
375 553 451 626 260
1004 569 1117 624 aman
1143 569 1297 624 suanus.
1637 547 1707 652 (Α.
1725 549 1774 626 l).
1793 545 1932 651 1140.)

374 765 431 838 tra
446 718 631 838 ¹Poloniam
657 757 763 850 uenit,
791 759 1008 853 castrumque
1034 756 1194 833 Lubnsob
1219 755 1392 834 obsidione
1417 758 1538 851 uinxit,
1574 781 1727 836 asserens
1753 761 1840 835 illud
1866 781 1934 856 per

375 883 561 960 Henrioum
587 883 747 976 quartum
766 881 791 975 ¹)
816 880 1062 977 Imperatorum
1089 879 1316 957 Romanorum
1343 883 1407 956 snb
1433 881 1589 958 Boleslao
1615 882 1837 979 Kruyuousty
1863 905 1932 958 ex-

375 1006 576 1103 pugnatum,
603 1001 764 1080 ecelesiae
791 1024 873 1080 suae
899 1001 1159 1100 llaydburgeusi
1187 1003 1350 1099 perpetuo
1374 1003 1534 1078 donatum
1562 1003 1678 1080 luisse.
1705 1005 1792 1080 llum
1810 1007 1934 1080 auten

248 1211 262 1232 κ
376 1127 508 1222 aliquot
542 1123 760 1202 hebdomadis
794 1123 999 1202 obsidionem
1035 1123 1287 1216 meliorasse,
1324 1123 1491 1202 Henriuus
1525 1124 1662 1202 llaioris
1696 1125 1855 1202 Polouiae
1893 1127 1935 1202 et

377 1248 506 1328 Slesiae
532 1248 611 1324 llux
636 1269 713 1324 oum
739 1245 847 1343 eopiis
873 1244 1066 1343 insignibus
1091 1244 1240 1338 aduenit,
1268 1247 1305 1322 et
1329 1244 1516 1324 exereitum
1543 1246 1701 1324 hostilem
1723 1248 1873 1323 solutum
1891 1249 1937 1324 et

377 1372 551 1447 inuentum
577 1391 778 1466 aggressus,
815 1367 916 1445 laoile
951 1367 1042 1444 ludit
1077 1369 1113 1444 et
1148 1366 1185 1444 in
1212 1369 1346 1464 turpem
1386 1368 1503 1465 summ
1528 1368 1618 1464 egit,
1655 1369 1937 1462 obsidionemque

378 1493 492 1570 soluit.
519 1489 800 1589 llaydburgensis
825 1513 902 1568 uero
928 1488 1200 1587 arehiepisoopus
1226 1489 1478 1584 Villebraudus,
1506 1489 1659 1587 pluribus
1675 1491 1717 1568 de
1734 1491 1807 1568 suis
1823 1491 1936 1568 amia·

378 1615 438 1706 sis,
465 1613 578 1690 tristis
602 1616 639 1690 et
665 1635 827 1706 moerens,
855 1611 1034 1690 ineolumis
1059 1614 1173 1689 brnen
1198 1610 1320 1689 erasit.

482 1733 727 1836 cruciferorum
753 1734 919 1811 secundus
944 1732 1110 1830 blagister
1135 1731 1337 1830 Popiuusb,
1363 1731 1478 1832 oopias
1504 1755 1584 1810 suaa
1609 1733 1831 1812 aPrutbenis
1848 1737 1935 1810 bar·

378 1857 471 1932 baris
496 1879 535 1932 eo
561 1855 718 1932 ennead
744 1852 1083 1952 ineremptiomno
1109 1854 1240 1932 deletas
1267 1853 1413 1946 ulturus,
1451 1853 1487 1930 in
1513 1877 1629 1932 earum
1655 1856 1937 1953 supplementum

378 1999 483 2084 nouas
509 1999 703 2076 surrogans,
730 1979 879 2054 castrum
906 1977 1053 2074 Balgam
1080 1977 1144 2052 snb
1170 1975 1354 2052 Pruthenis
1378 1976 1560 2072 nonquirit
1590 1977 1683 2073 Quod
1709 1978 1937 2074 repetendum

379 2100 526 2202 barbari,
553 2101 682 2175 duobus
706 2098 829 2176 castris
856 2098 891 2175 in
918 2097 1062 2176 oirouitu
1097 2097 1229 2191 ereutis,
1266 2100 1366 2176 tanta
1391 2098 1569 2176 uexatione
1594 2102 1631 2175 et
1656 2101 1757 2192 lamo,
1785 2123 1852 2176 non
1879 2099 1932 2174 si-

379 2222 489 2322 nendo
514 2219 645 2316 aliquid
672 2219 860 2318 importari,
897 2219 1087 2297 tlruoileros
1120 2217 1342 2312 strinxerant,
1372 2222 1412 2296 ut
1438 2242 1557 2317 pamm
1584 2220 1706 2313 obluit,
1747 2220 1812 2296 nisi
1848 2222 1936 2296 Otto

379 2345 459 2420 Dux
485 2343 527 2418 de
554 2341 732 2418 Brunsrrilr
759 2364 834 2418 eum
862 2364 952 2425 nora,
988 2339 1114 2418 militia
1143 2339 1326 2418 adueniens
1360 2343 1520 2418 barbaros
1554 2341 1746 2439 repulisset,
1782 2341 1868 2435 quin
1894 2343 1936 2416 in

380 2447 530 2554 bostium
557 2487 634 2541 oum
659 2465 772 2541 oestro
807 2487 876 2540 una
910 2461 1065 2540 uenirent
1099 2464 1315 2560 potestatem.
1360 2463 1445 2540 Eius
1469 2463 1560 2540 enim
1587 2463 1740 2560 potentia
1765 2463 1937 2540 Prutheni

381 2587 514 2666 barbuti
541 2585 689 2666 oonllioti
720 2588 821 2680 sunt,
848 2588 885 2663 et
910 2585 976 2662 duo
1001 2587 1115 2663 eastra
1141 2584 1325 2684 bubetios,
1354 2584 1511 2663 videlieet
1536 2586 1695 2683 Purtogal
1721 2587 1758 2662 et
1783 2586 1936 2662 Sobrau-

381 2710 452 2803 din,
480 2731 567 2804 quae
593 2707 629 2784 in
656 2707 855 2784 editioribus
880 2706 965 2784 loeis
990 2705 1326 2800 uodifioarerantet
1349 2729 1393 2784 ex
1419 2706 1542 2804 quibus
1564 2707 1706 2805 Belgam
1731 2709 1769 2784 ot
1793 2709 1938 2784 lbatros

382 2832 419 2908 in
444 2830 519 2908 eius
545 2829 682 2908 reliotos
717 2827 883 2927 praesidio
910 2851 995 2927 pone
1021 2851 1128 2924 usque
1153 2829 1196 2906 ud
1223 2828 1426 2907 deditionem
1456 2828 1786 2927 ooaugustiurerant,
1822 2852 1935 2926 expu-

383 2955 502 3049 gnata,
531 2951 703 3047 frequenti
730 2951 979 3028 Pruthenorum
1006 2950 1173 3048 praesidio
1198 2953 1261 3028 aut
1286 2950 1393 3030 oooiso
1418 2953 1481 3028 aut
1506 2955 1617 3049 oapto
1657 2952 1727 3028 Sub
1741 2975 1781 3028 eo
1798 2973 1936 3046 quoque

381 3081 532 3180 temporo
558 3075 646 3152 idem
672 3073 858 3172 Pompinus
896 3071 985 3150 alias
1024 3075 1150 3172 Pompo
1185 3071 1341 3152 Prusu'ae
1375 3071 1537 3172 Magister
1571 3075 1771 3152 uenientum
1797 3077 1835 3148 ot
1863 3096 1936 3149 mu-

382 3197 568 3276 nasterium
595 3197 755 3274 Fratrum
790 3195 958 3274 ldinorum
985 3195 1021 3272 in
1047 3195 1196 3290 l'borun,
1233 3199 1296 3272 sub
1328 3195 1431 3274 titulo
1456 3196 1601 3274 Sanotao
1626 3195 1753 3274 llariae
1778 3195 1938 3293 Virginis

383 3320 498 3419 erigit,
525 3322 562 3398 et
587 3319 765 3397 Fratribus
791 3318 978 3398 Minoribus
1004 3340 1117 3396 aream
1143 3318 1186 3396 ad
1213 3317 1472 3396 inhabitandum
1499 3317 1667 3416 assignet
1888 3288 1899 3332 ‘

835 3677 1046 3846 nouus
1080 3677 1306 3795 ooumr
1342 3677 1483 3794 roro.

384 3933 532 4007 bluuerla
558 3932 745 4020 Houraarla
772 3931 814 4008 ot
841 3947 952 4005 aaran
979 3929 1173 4004 amulaatlel
1199 3930 1386 4005 lluureaala
1412 3947 1468 4024 aar
1490 3927 1671 4004 damula·
1697 3929 1861 4006 naeuus
1879 3929 1939 4004 ltu·

385 4071 456 4128 een
482 4056 666 4146 uturum,
701 4051 877 4127 lutarllute
908 4051 1136 4126 euulealaatleu
1163 4049 1353 4145 salodon
1379 4051 1413 4124 lu
1439 4050 1533 4125 uulua
1558 4050 1795 4125 ralaaatlom
1821 4051 1938 4124 baare

386 4174 449 4248 lua
474 4175 587 4250 vllltn
613 4173 741 4250 taulus
767 4172 929 4268 mtarlar
955 4170 1133 4248 tamam!
1159 4175 1195 4247 at
1221 4172 1294 4248 alar
1320 4171 1564 4270 anthelmus
1591 4171 1756 4246 maamad
1780 4175 1939 4264 aarum

765 4293 1016 4389 psallentum:
1041 4293 1177 4389 alaeque
1203 4293 1428 4369 ueamlerlr
1452 4297 1555 4369 tenor.

491 4534 699 4610 Horreudom
726 4536 763 4612 et
788 4533 1013 4613 execrabilem
1040 4555 1154 4613 necem
1181 4533 1217 4612 in
1245 4534 1355 4612 uirum
1391 4536 1514 4611 bonum
1542 4536 1578 4611 et
1604 4532 1782 4611 innoeuum
1810 4533 1937 4610 Ioban·

388 4679 466 4734 uem
501 4656 741 4734 cancellarium
767 4657 934 4736 Maeoniae
968 4659 1006 4734 et
1026 4655 1274 4752 eebolastionm
1310 4655 1627 4734 wladislaviensem
1662 4659 1698 4732 et
1723 4655 1939 4732 Ploorensom

388 4801 448 4877 per
474 4778 666 4856 Gouradum
693 4778 863 4858 llasouiae
887 4780 923 4856 et
949 4778 1116 4876 Ouyauiae
1142 4781 1269 4857 Ducem
1306 4778 1544 4858 miserabiliter
1578 4779 1760 4874 patratum,
1796 4776 1833 4852 in
1861 4776 1938 4852 uni-

387 4923 483 4980 uerso
510 4883 711 4978 Polonorum
746 4901 866 4998 Regno
896 4899 1121 4998 divulgatam,
1158 4923 1224 4978 uox
1252 4900 1411 4978 moeroris
1436 4903 1472 4978 et
1497 4897 1751 4976 lamentationis
1777 4901 1832 4974 est
1858 4899 1938 4973 aub-

388 5025 524 5122 eeouta:
553 5044 641 5118 quae
668 5023 806 5098 Petrum
823 5024 853 5118 ⁶)
878 5022 1107 5099 Gneeuensem
1133 5018 1422 5119 arehiepiseopum
1448 5021 1492 5098 ad
1518 5019 1745 5098 muletandam
1772 5017 1937 5114 iniquita-

388 5147 457 5222 tem
484 5142 611 5240 petreii
638 5143 773 5220 soeleris
800 5143 984 5240 pornout,
1021 5143 1181 5240 pontiden
1207 5143 1380 5222 Plooaeusi
1407 5139 1543 5221 ¹Andron
1570 5165 1710 5240 pauore,
1737 5140 1795 5234 qui
1823 5139 1859 5216 in
1886 5141 1938 5217 ui·

393 5393 423 5462 ’·
499 5423 523 5504 ¹)
539 5397 678 5506 ,umorum
703 5423 776 5489 Ood.
798 5425 893 5488 Rorr.
933 5420 1140 5502 'lPompinus
1166 5422 1237 5488 cod.
1261 5423 1355 5488 Reor.
1378 5424 1479 5507 Poppo
1501 5421 1539 5497 rte,
1561 5423 1686 5496 Osterio
1707 5421 1823 5494 reeltoa.
1848 5415 1938 5505 'liu-

395 5529 582 5600 semideum
608 5529 680 5602 ooo.
703 5530 797 5602 boor·
837 5525 864 5618 ⁴)
886 5527 1046 5598 Fuloouem
1067 5528 1185 5600 rodier.
