<?xml version="1.0" encoding="UTF-8"?>
<!DOCTYPE html PUBLIC "-//W3C//DTD XHTML 1.0 Transitional//EN"
    "http://www.w3.org/TR/xhtml1/DTD/xhtml1-transitional.dtd">
<html xmlns="http://www.w3.org/1999/xhtml" xml:lang="en" lang="en">
 <head>
  <title>
</title>
<meta http-equiv="Content-Type" content="text/html;charset=utf-8" />
  <meta name='ocr-system' content='tesseract 3.04.00' />
  <meta name='ocr-capabilities' content='ocr_page ocr_carea ocr_par ocr_line ocrx_word'/>
</head>
<body>
  <div class='ocr_page' id='page_1' title='image "./operaomnia02paulgoog_0356.png"; bbox 0 0 4140 6298; ppageno 0'>
   <div class='ocr_carea' id='block_1_1' title="bbox 370 469 1924 604">
    <p class='ocr_par' dir='ltr' id='par_1_1' title="bbox 370 469 1924 604">
     <span class='ocr_line' id='line_1_1' title="bbox 370 469 1924 604; baseline 0.001 -38"><span class='ocrx_word' id='word_1_1' title='bbox 370 495 444 567; x_wconf 82' lang='lat'><strong>340</strong></span> <span class='ocrx_word' id='word_1_2' title='bbox 510 469 513 475; x_wconf 29' lang='lat'>⁵</span> <span class='ocrx_word' id='word_1_3' title='bbox 976 511 1088 562; x_wconf 78' lang='lat' dir='ltr'><strong>mena</strong></span> <span class='ocrx_word' id='word_1_4' title='bbox 1115 509 1310 563; x_wconf 78' lang='lat' dir='ltr'><strong>snsnrmus.</strong></span> <span class='ocrx_word' id='word_1_5' title='bbox 1653 489 1714 582; x_wconf 88' lang='grc' dir='ltr'><strong>(Α.</strong></span> <span class='ocrx_word' id='word_1_6' title='bbox 1735 489 1924 604; x_wconf 79' lang='grc'><strong>0.1253.)</strong></span> 
     </span>
    </p>
   </div>
   <div class='ocr_carea' id='block_1_2' title="bbox 327 697 1932 5074">
    <p class='ocr_par' dir='ltr' id='par_1_2' title="bbox 327 697 1932 5074">
     <span class='ocr_line' id='line_1_2' title="bbox 375 697 1925 800; baseline -0.001 -22"><span class='ocrx_word' id='word_1_7' title='bbox 375 705 515 800; x_wconf 83' lang='lat' dir='ltr'><strong>,tprem</strong></span> <span class='ocrx_word' id='word_1_8' title='bbox 561 703 686 777; x_wconf 86' lang='lat' dir='ltr'><strong>Verum</strong></span> <span class='ocrx_word' id='word_1_9' title='bbox 713 723 789 775; x_wconf 94' lang='lat' dir='ltr'><strong>cum</strong></span> <span class='ocrx_word' id='word_1_10' title='bbox 817 723 882 774; x_wconf 93' lang='lat' dir='ltr'><strong>non</strong></span> <span class='ocrx_word' id='word_1_11' title='bbox 910 698 984 774; x_wconf 90' lang='lat' dir='ltr'><strong>siue</strong></span> <span class='ocrx_word' id='word_1_12' title='bbox 1011 698 1163 774; x_wconf 88' lang='lat' dir='ltr'><strong>internae</strong></span> <span class='ocrx_word' id='word_1_13' title='bbox 1200 697 1323 779; x_wconf 86' lang='lat' dir='ltr'><strong>mentis</strong></span> <span class='ocrx_word' id='word_1_14' title='bbox 1358 699 1528 793; x_wconf 89' lang='lat' dir='ltr'><strong>angustia,</strong></span> <span class='ocrx_word' id='word_1_15' title='bbox 1565 700 1695 795; x_wconf 87' lang='lat' dir='ltr'><strong>Regem</strong></span> <span class='ocrx_word' id='word_1_16' title='bbox 1722 701 1925 776; x_wconf 92' lang='lat' dir='ltr'><strong>Polonorum</strong></span> 
     </span>
     <span class='ocr_line' id='line_1_3' title="bbox 374 819 1923 916; baseline -0.001 -17"><span class='ocrx_word' id='word_1_17' title='bbox 374 824 530 916; x_wconf 86' lang='lat' dir='ltr'><strong>,nomine</strong></span> <span class='ocrx_word' id='word_1_18' title='bbox 556 824 750 898; x_wconf 89' lang='lat' dir='ltr'><strong>Boleslaum</strong></span> <span class='ocrx_word' id='word_1_19' title='bbox 778 821 814 894; x_wconf 91' lang='lat' dir='ltr'><strong>in</strong></span> <span class='ocrx_word' id='word_1_20' title='bbox 841 823 977 896; x_wconf 89' lang='lat' dir='ltr'><strong>tantum</strong></span> <span class='ocrx_word' id='word_1_21' title='bbox 998 821 1021 916; x_wconf 84' lang='lat'><strong>¹)</strong></span> <span class='ocrx_word' id='word_1_22' title='bbox 1047 821 1222 896; x_wconf 79' lang='lat' dir='ltr'>horrendis</span> <span class='ocrx_word' id='word_1_23' title='bbox 1249 819 1482 915; x_wconf 88' lang='lat' dir='ltr'><strong>uoluptatibus</strong></span> <span class='ocrx_word' id='word_1_24' title='bbox 1509 819 1640 912; x_wconf 91' lang='lat' dir='ltr'><strong>subiici,</strong></span> <span class='ocrx_word' id='word_1_25' title='bbox 1669 823 1847 916; x_wconf 89' lang='lat' dir='ltr'><strong>carnisque</strong></span> <span class='ocrx_word' id='word_1_26' title='bbox 1864 846 1923 898; x_wconf 88' lang='lat' dir='ltr'><strong>ne·</strong></span> 
     </span>
     <span class='ocr_line' id='line_1_4' title="bbox 375 941 1926 1038; baseline -0.002 -15"><span class='ocrx_word' id='word_1_27' title='bbox 375 948 509 1038; x_wconf 85' lang='lat' dir='ltr'><strong>,landis</strong></span> <span class='ocrx_word' id='word_1_28' title='bbox 535 944 703 1020; x_wconf 78' lang='lat' dir='ltr'>illecebris</span> <span class='ocrx_word' id='word_1_29' title='bbox 739 946 889 1020; x_wconf 91' lang='lat' dir='ltr'><strong>cerneret</strong></span> <span class='ocrx_word' id='word_1_30' title='bbox 924 943 1088 1034; x_wconf 88' lang='lat' dir='ltr'><strong>enervari,</strong></span> <span class='ocrx_word' id='word_1_31' title='bbox 1125 944 1164 1018; x_wconf 90' lang='lat' dir='ltr'><strong>ut</strong></span> <span class='ocrx_word' id='word_1_32' title='bbox 1191 941 1227 1016; x_wconf 92' lang='lat' dir='ltr'><strong>in</strong></span> <span class='ocrx_word' id='word_1_33' title='bbox 1255 941 1428 1038; x_wconf 80' lang='lat' dir='ltr'><strong>passiones</strong></span> <span class='ocrx_word' id='word_1_34' title='bbox 1463 942 1669 1038; x_wconf 79' lang='lat' dir='ltr'><strong>ignominias</strong></span> <span class='ocrx_word' id='word_1_35' title='bbox 1700 944 1860 1036; x_wconf 89' lang='lat' dir='ltr'><strong>traditus,</strong></span> <span class='ocrx_word' id='word_1_36' title='bbox 1890 947 1926 1020; x_wconf 92' lang='lat' dir='ltr'><strong>et</strong></span> 
     </span>
     <span class='ocr_line' id='line_1_5' title="bbox 376 1063 1925 1159; baseline -0.001 -16"><span class='ocrx_word' id='word_1_37' title='bbox 376 1069 433 1159; x_wconf 88' lang='lat' dir='ltr'><strong>,in</strong></span> <span class='ocrx_word' id='word_1_38' title='bbox 459 1067 617 1142; x_wconf 89' lang='lat' dir='ltr'><strong>humanis</strong></span> <span class='ocrx_word' id='word_1_39' title='bbox 643 1065 857 1142; x_wconf 91' lang='lat' dir='ltr'><strong>coutumeliis</strong></span> <span class='ocrx_word' id='word_1_40' title='bbox 893 1064 1046 1140; x_wconf 83' lang='lat' dir='ltr'><strong>alliciens</strong></span> <span class='ocrx_word' id='word_1_41' title='bbox 1073 1086 1192 1158; x_wconf 87' lang='lat' dir='ltr'><strong>corpus</strong></span> <span class='ocrx_word' id='word_1_42' title='bbox 1219 1087 1330 1155; x_wconf 91' lang='lat' dir='ltr'><strong>suum,</strong></span> <span class='ocrx_word' id='word_1_43' title='bbox 1367 1063 1547 1140; x_wconf 88' lang='lat' dir='ltr'><strong>mulierum</strong></span> <span class='ocrx_word' id='word_1_44' title='bbox 1583 1065 1757 1158; x_wconf 80' lang='lat' dir='ltr'><strong>mamillis,</strong></span> <span class='ocrx_word' id='word_1_45' title='bbox 1795 1065 1925 1142; x_wconf 78' lang='lat' dir='ltr'><strong>avulsis</strong></span> 
     </span>
     <span class='ocr_line' id='line_1_6' title="bbox 376 1186 1925 1288; baseline -0.001 -22"><span class='ocrx_word' id='word_1_46' title='bbox 376 1190 543 1288; x_wconf 90' lang='lat' dir='ltr'><strong>,propriis</strong></span> <span class='ocrx_word' id='word_1_47' title='bbox 570 1189 691 1264; x_wconf 82' lang='lat' dir='ltr'><strong>exinde</strong></span> <span class='ocrx_word' id='word_1_48' title='bbox 719 1188 847 1280; x_wconf 88' lang='lat' dir='ltr'><strong>liberis,</strong></span> <span class='ocrx_word' id='word_1_49' title='bbox 885 1187 1030 1262; x_wconf 85' lang='lat' dir='ltr'><strong>catellos</strong></span> <span class='ocrx_word' id='word_1_50' title='bbox 1063 1188 1247 1282; x_wconf 88' lang='lat' dir='ltr'><strong>apponeret</strong></span> <span class='ocrx_word' id='word_1_51' title='bbox 1274 1186 1513 1262; x_wconf 88' lang='lat' dir='ltr'><strong>miserabiliter</strong></span> <span class='ocrx_word' id='word_1_52' title='bbox 1539 1187 1746 1264; x_wconf 87' lang='lat' dir='ltr'><strong>educandos:</strong></span> <span class='ocrx_word' id='word_1_53' title='bbox 1776 1211 1818 1264; x_wconf 90' lang='lat' dir='ltr'><strong>ne</strong></span> <span class='ocrx_word' id='word_1_54' title='bbox 1845 1212 1925 1264; x_wconf 88' lang='lat' dir='ltr'><strong>oxe-</strong></span> 
     </span>
     <span class='ocr_line' id='line_1_7' title="bbox 378 1307 1927 1406; baseline -0.003 -16"><span class='ocrx_word' id='word_1_55' title='bbox 378 1313 556 1404; x_wconf 85' lang='lat' dir='ltr'><strong>,crandem</strong></span> <span class='ocrx_word' id='word_1_56' title='bbox 584 1313 695 1386; x_wconf 86' lang='lat' dir='ltr'><strong>fouere</strong></span> <span class='ocrx_word' id='word_1_57' title='bbox 723 1309 901 1400; x_wconf 84' lang='lat' dir='ltr'><strong>malitiam,</strong></span> <span class='ocrx_word' id='word_1_58' title='bbox 931 1311 966 1385; x_wconf 92' lang='lat' dir='ltr'><strong>et</strong></span> <span class='ocrx_word' id='word_1_59' title='bbox 994 1307 1170 1400; x_wconf 88' lang='lat' dir='ltr'><strong>iniquitati</strong></span> <span class='ocrx_word' id='word_1_60' title='bbox 1195 1308 1343 1384; x_wconf 87' lang='lat' dir='ltr'><strong>eiusdem</strong></span> <span class='ocrx_word' id='word_1_61' title='bbox 1371 1308 1543 1384; x_wconf 83' lang='lat' dir='ltr'><strong>videretur</strong></span> <span class='ocrx_word' id='word_1_62' title='bbox 1569 1311 1743 1404; x_wconf 87' lang='lat' dir='ltr'><strong>praelatus</strong></span> <span class='ocrx_word' id='word_1_63' title='bbox 1769 1311 1927 1406; x_wconf 78' lang='lat' dir='ltr'><strong>pontifex</strong></span> 
     </span>
     <span class='ocr_line' id='line_1_8' title="bbox 378 1430 1927 1532; baseline -0.003 -22"><span class='ocrx_word' id='word_1_64' title='bbox 378 1460 458 1532; x_wconf 88' lang='lat' dir='ltr'><strong>,per</strong></span> <span class='ocrx_word' id='word_1_65' title='bbox 484 1433 787 1510; x_wconf 88' lang='lat' dir='ltr'><strong>dissimulationem</strong></span> <span class='ocrx_word' id='word_1_66' title='bbox 815 1434 939 1523; x_wconf 85' lang='lat' dir='ltr'><strong>fauere,</strong></span> <span class='ocrx_word' id='word_1_67' title='bbox 969 1433 1148 1526; x_wconf 74' lang='lat' dir='ltr'><strong>postquam</strong></span> <span class='ocrx_word' id='word_1_68' title='bbox 1177 1430 1286 1526; x_wconf 88' lang='lat' dir='ltr'><strong>ipsum</strong></span> <span class='ocrx_word' id='word_1_69' title='bbox 1314 1453 1335 1506; x_wconf 87' lang='lat' dir='ltr'><strong>a</strong></span> <span class='ocrx_word' id='word_1_70' title='bbox 1362 1430 1558 1526; x_wconf 78' lang='lat' dir='ltr'><strong>praemissis</strong></span> <span class='ocrx_word' id='word_1_71' title='bbox 1585 1431 1728 1528; x_wconf 89' lang='lat' dir='ltr'><strong>flagitiis</strong></span> <span class='ocrx_word' id='word_1_72' title='bbox 1753 1434 1876 1508; x_wconf 88' lang='lat' dir='ltr'><strong>sedula</strong></span> <span class='ocrx_word' id='word_1_73' title='bbox 1892 1434 1927 1508; x_wconf 93' lang='lat' dir='ltr'><strong>ct</strong></span> 
     </span>
     <span class='ocr_line' id='line_1_9' title="bbox 378 1552 1927 1654; baseline -0.002 -21"><span class='ocrx_word' id='word_1_74' title='bbox 378 1561 542 1654; x_wconf 89' lang='lat' dir='ltr'><strong>,paterna</strong></span> <span class='ocrx_word' id='word_1_75' title='bbox 577 1555 778 1632; x_wconf 91' lang='lat' dir='ltr'><strong>correctione</strong></span> <span class='ocrx_word' id='word_1_76' title='bbox 806 1577 944 1630; x_wconf 86' lang='lat' dir='ltr'><strong>avocare</strong></span> <span class='ocrx_word' id='word_1_77' title='bbox 972 1578 1036 1628; x_wconf 91' lang='lat' dir='ltr'><strong>nou</strong></span> <span class='ocrx_word' id='word_1_78' title='bbox 1065 1552 1190 1648; x_wconf 88' lang='lat' dir='ltr'><strong>potuit,</strong></span> <span class='ocrx_word' id='word_1_79' title='bbox 1219 1553 1254 1627; x_wconf 92' lang='lat' dir='ltr'><strong>in</strong></span> <span class='ocrx_word' id='word_1_80' title='bbox 1282 1553 1393 1648; x_wconf 89' lang='lat' dir='ltr'><strong>ipsum</strong></span> <span class='ocrx_word' id='word_1_81' title='bbox 1421 1554 1574 1630; x_wconf 90' lang='lat' dir='ltr'><strong>consulte</strong></span> <span class='ocrx_word' id='word_1_82' title='bbox 1602 1554 1837 1632; x_wconf 87' lang='lat' dir='ltr'><strong>medicinalem</strong></span> <span class='ocrx_word' id='word_1_83' title='bbox 1864 1556 1927 1630; x_wconf 92' lang='lat' dir='ltr'><strong>Pe·</strong></span> 
     </span>
     <span class='ocr_line' id='line_1_10' title="bbox 378 1674 1928 1776; baseline -0.003 -20"><span class='ocrx_word' id='word_1_84' title='bbox 378 1680 444 1770; x_wconf 90' lang='lat' dir='ltr'><strong>,tri</strong></span> <span class='ocrx_word' id='word_1_85' title='bbox 473 1678 625 1776; x_wconf 82' lang='lat' dir='ltr'><strong>gladium</strong></span> <span class='ocrx_word' id='word_1_86' title='bbox 662 1677 858 1771; x_wconf 81' lang='lat' dir='ltr'><strong>exercuit‘²)</strong></span> <span class='ocrx_word' id='word_1_87' title='bbox 890 1675 925 1750; x_wconf 90' lang='lat' dir='ltr'><strong>in</strong></span> <span class='ocrx_word' id='word_1_88' title='bbox 953 1675 1076 1770; x_wconf 90' lang='lat' dir='ltr'><strong>spiritu</strong></span> <span class='ocrx_word' id='word_1_89' title='bbox 1112 1674 1322 1770; x_wconf 78' lang='lat' dir='ltr'><strong>lenitatis³),</strong></span> <span class='ocrx_word' id='word_1_90' title='bbox 1360 1698 1510 1770; x_wconf 89' lang='lat' dir='ltr'><strong>sperans,</strong></span> <span class='ocrx_word' id='word_1_91' title='bbox 1539 1678 1578 1750; x_wconf 93' lang='lat' dir='ltr'><strong>ut</strong></span> <span class='ocrx_word' id='word_1_92' title='bbox 1604 1699 1783 1771; x_wconf 89' lang='lat' dir='ltr'><strong>percussos</strong></span> <span class='ocrx_word' id='word_1_93' title='bbox 1809 1678 1928 1752; x_wconf 90' lang='lat' dir='ltr'><strong>dolens</strong></span> 
     </span>
     <span class='ocr_line' id='line_1_11' title="bbox 378 1796 1930 1898; baseline -0.003 -20"><span class='ocrx_word' id='word_1_94' title='bbox 378 1803 441 1893; x_wconf 91' lang='lat' dir='ltr'><strong>,ad</strong></span> <span class='ocrx_word' id='word_1_95' title='bbox 469 1800 712 1898; x_wconf 78' lang='lat' dir='ltr'><strong>percutientem</strong></span> <span class='ocrx_word' id='word_1_96' title='bbox 740 1822 775 1874; x_wconf 92' lang='lat' dir='ltr'><strong>se</strong></span> <span class='ocrx_word' id='word_1_97' title='bbox 803 1799 838 1873; x_wconf 92' lang='lat' dir='ltr'><strong>in</strong></span> <span class='ocrx_word' id='word_1_98' title='bbox 865 1799 1061 1873; x_wconf 90' lang='lat' dir='ltr'><strong>humilitate</strong></span> <span class='ocrx_word' id='word_1_99' title='bbox 1088 1797 1213 1872; x_wconf 86' lang='lat' dir='ltr'><strong>rediret</strong></span> <span class='ocrx_word' id='word_1_100' title='bbox 1229 1797 1257 1892; x_wconf 74' lang='lat'><strong>⁴)</strong></span> <span class='ocrx_word' id='word_1_101' title='bbox 1284 1796 1462 1872; x_wconf 89' lang='lat' dir='ltr'><strong>Dominum</strong></span> <span class='ocrx_word' id='word_1_102' title='bbox 1491 1798 1700 1873; x_wconf 80' lang='lat' dir='ltr'><strong>exercituum</strong></span> <span class='ocrx_word' id='word_1_103' title='bbox 1728 1798 1930 1894; x_wconf 76' lang='lat' dir='ltr'><strong>suppliciter</strong></span> 
     </span>
     <span class='ocr_line' id='line_1_12' title="bbox 378 1919 1927 2017; baseline -0.002 -18"><span class='ocrx_word' id='word_1_104' title='bbox 378 1923 597 2016; x_wconf 90' lang='lat' dir='ltr'><strong>,requirendo</strong></span> <span class='ocrx_word' id='word_1_105' title='bbox 613 1923 652 2017; x_wconf 86' lang='lat'><strong>⁵).</strong></span> <span class='ocrx_word' id='word_1_106' title='bbox 699 1923 763 1996; x_wconf 86' lang='lat' dir='ltr'><strong>Sed</strong></span> <span class='ocrx_word' id='word_1_107' title='bbox 793 1922 865 2016; x_wconf 89' lang='lat' dir='ltr'><strong>ipse</strong></span> <span class='ocrx_word' id='word_1_108' title='bbox 893 1921 1048 1995; x_wconf 90' lang='lat' dir='ltr'><strong>indurato</strong></span> <span class='ocrx_word' id='word_1_109' title='bbox 1075 1921 1172 1996; x_wconf 91' lang='lat' dir='ltr'><strong>cordo</strong></span> <span class='ocrx_word' id='word_1_110' title='bbox 1200 1919 1399 1996; x_wconf 82' lang='lat' dir='ltr'><strong>medicinam</strong></span> <span class='ocrx_word' id='word_1_111' title='bbox 1435 1921 1629 2012; x_wconf 72' lang='lat' dir='ltr'><strong>exhorrens</strong></span> <span class='ocrx_word' id='word_1_112' title='bbox 1661 1923 1698 1996; x_wconf 93' lang='lat' dir='ltr'><strong>ot</strong></span> <span class='ocrx_word' id='word_1_113' title='bbox 1724 1920 1927 2016; x_wconf 88' lang='lat' dir='ltr'><strong>increpatio·</strong></span> 
     </span>
     <span class='ocr_line' id='line_1_13' title="bbox 379 2042 1927 2138; baseline -0.002 -17"><span class='ocrx_word' id='word_1_114' title='bbox 379 2068 476 2137; x_wconf 91' lang='lat' dir='ltr'><strong>,nem</strong></span> <span class='ocrx_word' id='word_1_115' title='bbox 503 2043 702 2120; x_wconf 86' lang='lat' dir='ltr'><strong>abominans</strong></span> <span class='ocrx_word' id='word_1_116' title='bbox 728 2043 937 2138; x_wconf 88' lang='lat' dir='ltr'><strong>disciplinae,</strong></span> <span class='ocrx_word' id='word_1_117' title='bbox 966 2042 1068 2116; x_wconf 93' lang='lat' dir='ltr'><strong>immo</strong></span> <span class='ocrx_word' id='word_1_118' title='bbox 1095 2043 1257 2118; x_wconf 90' lang='lat' dir='ltr'><strong>malleum</strong></span> <span class='ocrx_word' id='word_1_119' title='bbox 1284 2043 1378 2120; x_wconf 81' lang='lat' dir='ltr'><strong>velut</strong></span> <span class='ocrx_word' id='word_1_120' title='bbox 1404 2042 1568 2137; x_wconf 89' lang='lat' dir='ltr'><strong>stipulam</strong></span> <span class='ocrx_word' id='word_1_121' title='bbox 1587 2045 1759 2138; x_wconf 85' lang='lat' dir='ltr'><strong>reputans,</strong></span> <span class='ocrx_word' id='word_1_122' title='bbox 1788 2066 1855 2118; x_wconf 91' lang='lat' dir='ltr'><strong>uon</strong></span> <span class='ocrx_word' id='word_1_123' title='bbox 1874 2066 1927 2118; x_wconf 88' lang='lat' dir='ltr'><strong>so-</strong></span> 
     </span>
     <span class='ocr_line' id='line_1_14' title="bbox 380 2163 1927 2262; baseline -0.001 -20"><span class='ocrx_word' id='word_1_124' title='bbox 380 2171 470 2258; x_wconf 88' lang='lat' dir='ltr'><strong>,lum</strong></span> <span class='ocrx_word' id='word_1_125' title='bbox 498 2168 596 2242; x_wconf 89' lang='lat' dir='ltr'><strong>nulla</strong></span> <span class='ocrx_word' id='word_1_126' title='bbox 623 2165 841 2262; x_wconf 90' lang='lat' dir='ltr'><strong>poenitudine</strong></span> <span class='ocrx_word' id='word_1_127' title='bbox 869 2189 904 2240; x_wconf 91' lang='lat' dir='ltr'><strong>se</strong></span> <span class='ocrx_word' id='word_1_128' title='bbox 920 2165 949 2260; x_wconf 80' lang='grc'><strong>6)</strong></span> <span class='ocrx_word' id='word_1_129' title='bbox 976 2163 1134 2257; x_wconf 83' lang='lat' dir='ltr'><strong>correxit,</strong></span> <span class='ocrx_word' id='word_1_130' title='bbox 1168 2187 1282 2240; x_wconf 86' lang='lat' dir='ltr'><strong>uerum</strong></span> <span class='ocrx_word' id='word_1_131' title='bbox 1309 2163 1412 2240; x_wconf 91' lang='lat' dir='ltr'><strong>etiam</strong></span> <span class='ocrx_word' id='word_1_132' title='bbox 1439 2166 1482 2240; x_wconf 87' lang='lat' dir='ltr'><strong>ad</strong></span> <span class='ocrx_word' id='word_1_133' title='bbox 1510 2163 1634 2260; x_wconf 90' lang='lat' dir='ltr'><strong>peiora,</strong></span> <span class='ocrx_word' id='word_1_134' title='bbox 1663 2164 1698 2240; x_wconf 91' lang='lat' dir='ltr'><strong>in</strong></span> <span class='ocrx_word' id='word_1_135' title='bbox 1726 2187 1806 2242; x_wconf 85' lang='lat' dir='ltr'><strong>suae</strong></span> <span class='ocrx_word' id='word_1_136' title='bbox 1831 2165 1927 2240; x_wconf 90' lang='lat' dir='ltr'><strong>dam·</strong></span> 
     </span>
     <span class='ocr_line' id='line_1_15' title="bbox 379 2286 1928 2383; baseline -0.002 -18"><span class='ocrx_word' id='word_1_137' title='bbox 379 2289 548 2382; x_wconf 89' lang='lat' dir='ltr'><strong>,nationis</strong></span> <span class='ocrx_word' id='word_1_138' title='bbox 575 2289 759 2380; x_wconf 90' lang='lat' dir='ltr'><strong>cumulum,</strong></span> <span class='ocrx_word' id='word_1_139' title='bbox 794 2295 1005 2383; x_wconf 86' lang='lat' dir='ltr'><strong>prouocatus,</strong></span> <span class='ocrx_word' id='word_1_140' title='bbox 1043 2287 1142 2362; x_wconf 87' lang='lat' dir='ltr'><strong>iuxta</strong></span> <span class='ocrx_word' id='word_1_141' title='bbox 1167 2309 1273 2379; x_wconf 86' lang='lat' dir='ltr'><strong>eram,</strong></span> <span class='ocrx_word' id='word_1_142' title='bbox 1304 2311 1371 2362; x_wconf 90' lang='lat' dir='ltr'><strong>nou</strong></span> <span class='ocrx_word' id='word_1_143' title='bbox 1398 2286 1519 2380; x_wconf 87' lang='lat' dir='ltr'><strong>ordini,</strong></span> <span class='ocrx_word' id='word_1_144' title='bbox 1547 2310 1614 2362; x_wconf 92' lang='lat' dir='ltr'><strong>non</strong></span> <span class='ocrx_word' id='word_1_145' title='bbox 1641 2288 1724 2381; x_wconf 91' lang='lat' dir='ltr'><strong>loco,</strong></span> <span class='ocrx_word' id='word_1_146' title='bbox 1754 2311 1815 2364; x_wconf 89' lang='lat' dir='ltr'><strong>nec</strong></span> <span class='ocrx_word' id='word_1_147' title='bbox 1841 2291 1928 2364; x_wconf 88' lang='lat' dir='ltr'><strong>tem·</strong></span> 
     </span>
     <span class='ocr_line' id='line_1_16' title="bbox 380 2409 1930 2508; baseline -0.001 -21"><span class='ocrx_word' id='word_1_148' title='bbox 380 2413 473 2508; x_wconf 87' lang='lat' dir='ltr'><strong>,pori</strong></span> <span class='ocrx_word' id='word_1_149' title='bbox 500 2412 664 2504; x_wconf 89' lang='lat' dir='ltr'><strong>deferens,</strong></span> <span class='ocrx_word' id='word_1_150' title='bbox 702 2409 804 2486; x_wconf 88' lang='lat' dir='ltr'><strong>iussit</strong></span> <span class='ocrx_word' id='word_1_151' title='bbox 840 2409 1092 2506; x_wconf 83' lang='lat' dir='ltr'><strong>pontificalibus</strong></span> <span class='ocrx_word' id='word_1_152' title='bbox 1128 2409 1285 2485; x_wconf 90' lang='lat' dir='ltr'><strong>indutum</strong></span> <span class='ocrx_word' id='word_1_153' title='bbox 1320 2409 1514 2486; x_wconf 87' lang='lat' dir='ltr'><strong>antistitem</strong></span> <span class='ocrx_word' id='word_1_154' title='bbox 1551 2432 1611 2506; x_wconf 92' lang='lat' dir='ltr'><strong>per</strong></span> <span class='ocrx_word' id='word_1_155' title='bbox 1646 2432 1724 2486; x_wconf 91' lang='lat' dir='ltr'><strong>suos</strong></span> <span class='ocrx_word' id='word_1_156' title='bbox 1759 2410 1930 2486; x_wconf 83' lang='lat' dir='ltr'><strong>satellites</strong></span> 
     </span>
     <span class='ocr_line' id='line_1_17' title="bbox 376 2531 1928 2629; baseline -0.001 -20"><span class='ocrx_word' id='word_1_157' title='bbox 376 2534 484 2628; x_wconf 88' lang='lat' dir='ltr'><strong>,diris</strong></span> <span class='ocrx_word' id='word_1_158' title='bbox 511 2532 658 2629; x_wconf 89' lang='lat' dir='ltr'><strong>corporis</strong></span> <span class='ocrx_word' id='word_1_159' title='bbox 685 2532 891 2609; x_wconf 87' lang='lat' dir='ltr'><strong>cruciatibus</strong></span> <span class='ocrx_word' id='word_1_160' title='bbox 917 2531 1083 2628; x_wconf 86' lang='lat' dir='ltr'><strong>deputari.</strong></span> <span class='ocrx_word' id='word_1_161' title='bbox 1112 2532 1178 2608; x_wconf 88' lang='lat' dir='ltr'><strong>Sed</strong></span> <span class='ocrx_word' id='word_1_162' title='bbox 1205 2531 1281 2628; x_wconf 90' lang='lat' dir='ltr'><strong>ipsi,</strong></span> <span class='ocrx_word' id='word_1_163' title='bbox 1310 2532 1442 2627; x_wconf 87' lang='lat' dir='ltr'><strong>quoties</strong></span> <span class='ocrx_word' id='word_1_164' title='bbox 1468 2531 1504 2606; x_wconf 91' lang='lat' dir='ltr'><strong>in</strong></span> <span class='ocrx_word' id='word_1_165' title='bbox 1530 2555 1607 2608; x_wconf 90' lang='lat' dir='ltr'><strong>eum</strong></span> <span class='ocrx_word' id='word_1_166' title='bbox 1635 2531 1762 2609; x_wconf 91' lang='lat' dir='ltr'><strong>irruere</strong></span> <span class='ocrx_word' id='word_1_167' title='bbox 1779 2535 1928 2627; x_wconf 73' lang='lat' dir='ltr'><strong>tentant,</strong></span> 
     </span>
     <span class='ocr_line' id='line_1_18' title="bbox 380 2653 1929 2752; baseline -0.003 -18"><span class='ocrx_word' id='word_1_168' title='bbox 380 2658 503 2748; x_wconf 88' lang='lat' dir='ltr'><strong>,toties</strong></span> <span class='ocrx_word' id='word_1_169' title='bbox 529 2655 732 2752; x_wconf 90' lang='lat' dir='ltr'><strong>compuncti,</strong></span> <span class='ocrx_word' id='word_1_170' title='bbox 761 2654 863 2731; x_wconf 89' lang='lat' dir='ltr'><strong>toties</strong></span> <span class='ocrx_word' id='word_1_171' title='bbox 891 2656 1130 2732; x_wconf 87' lang='lat' dir='ltr'><strong>mansuescunt</strong></span> <span class='ocrx_word' id='word_1_172' title='bbox 1157 2653 1331 2751; x_wconf 89' lang='lat' dir='ltr'><strong>prostrati.</strong></span> <span class='ocrx_word' id='word_1_173' title='bbox 1368 2656 1415 2732; x_wconf 82' lang='lat' dir='ltr'><strong>m</strong></span> <span class='ocrx_word' id='word_1_174' title='bbox 1440 2656 1524 2732; x_wconf 91' lang='lat' dir='ltr'><strong>tunc</strong></span> <span class='ocrx_word' id='word_1_175' title='bbox 1550 2654 1640 2730; x_wconf 92' lang='lat' dir='ltr'><strong>idem</strong></span> <span class='ocrx_word' id='word_1_176' title='bbox 1665 2657 1743 2732; x_wconf 81' lang='lat' dir='ltr'><strong>Rex</strong></span> <span class='ocrx_word' id='word_1_177' title='bbox 1769 2679 1851 2733; x_wconf 90' lang='lat' dir='ltr'><strong>suas</strong></span> <span class='ocrx_word' id='word_1_178' title='bbox 1878 2655 1929 2730; x_wconf 93' lang='lat' dir='ltr'><strong>in-</strong></span> 
     </span>
     <span class='ocr_line' id='line_1_19' title="bbox 380 2776 1932 2874; baseline -0.001 -18"><span class='ocrx_word' id='word_1_179' title='bbox 380 2778 551 2871; x_wconf 87' lang='lat' dir='ltr'><strong>,seruiens</strong></span> <span class='ocrx_word' id='word_1_180' title='bbox 578 2779 788 2874; x_wconf 88' lang='lat' dir='ltr'><strong>impetuosus</strong></span> <span class='ocrx_word' id='word_1_181' title='bbox 814 2777 998 2874; x_wconf 81' lang='lat' dir='ltr'><strong>tyrannidi,</strong></span> <span class='ocrx_word' id='word_1_182' title='bbox 1034 2799 1152 2852; x_wconf 90' lang='lat' dir='ltr'><strong>manus</strong></span> <span class='ocrx_word' id='word_1_183' title='bbox 1180 2776 1215 2852; x_wconf 91' lang='lat' dir='ltr'><strong>in</strong></span> <span class='ocrx_word' id='word_1_184' title='bbox 1241 2800 1317 2854; x_wconf 93' lang='lat' dir='ltr'><strong>eum</strong></span> <span class='ocrx_word' id='word_1_185' title='bbox 1345 2776 1512 2854; x_wconf 83' lang='lat' dir='ltr'><strong>conuertit</strong></span> <span class='ocrx_word' id='word_1_186' title='bbox 1537 2777 1743 2874; x_wconf 83' lang='lat' dir='ltr'><strong>sacrilegas,</strong></span> <span class='ocrx_word' id='word_1_187' title='bbox 1771 2801 1932 2874; x_wconf 88' lang='lat' dir='ltr'><strong>sponsum</strong></span> 
     </span>
     <span class='ocr_line' id='line_1_20' title="bbox 381 2898 1928 2997; baseline -0.003 -19"><span class='ocrx_word' id='word_1_188' title='bbox 381 2926 419 2992; x_wconf 93' lang='lat' dir='ltr'><strong>,e</strong></span> <span class='ocrx_word' id='word_1_189' title='bbox 437 2900 566 2997; x_wconf 89' lang='lat' dir='ltr'><strong>gremio</strong></span> <span class='ocrx_word' id='word_1_190' title='bbox 593 2922 745 2996; x_wconf 89' lang='lat' dir='ltr'><strong>sponsae,</strong></span> <span class='ocrx_word' id='word_1_191' title='bbox 774 2901 944 2994; x_wconf 90' lang='lat' dir='ltr'><strong>pastorem</strong></span> <span class='ocrx_word' id='word_1_192' title='bbox 971 2898 1141 2974; x_wconf 85' lang='lat' dir='ltr'><strong>abstrahit</strong></span> <span class='ocrx_word' id='word_1_193' title='bbox 1159 2901 1201 2973; x_wconf 90' lang='lat' dir='ltr'><strong>ab</strong></span> <span class='ocrx_word' id='word_1_194' title='bbox 1219 2898 1311 2991; x_wconf 82' lang='lat' dir='ltr'><strong>ouili,</strong></span> <span class='ocrx_word' id='word_1_195' title='bbox 1342 2900 1473 2994; x_wconf 86' lang='lat' dir='ltr'><strong>patrem</strong></span> <span class='ocrx_word' id='word_1_196' title='bbox 1501 2899 1590 2976; x_wconf 89' lang='lat' dir='ltr'><strong>iuter</strong></span> <span class='ocrx_word' id='word_1_197' title='bbox 1617 2899 1709 2977; x_wconf 85' lang='lat' dir='ltr'><strong>filiae</strong></span> <span class='ocrx_word' id='word_1_198' title='bbox 1736 2901 1928 2996; x_wconf 87' lang='lat' dir='ltr'><strong>amplexus,</strong></span> 
     </span>
     <span class='ocr_line' id='line_1_21' title="bbox 381 3019 1928 3118; baseline 0 -20"><span class='ocrx_word' id='word_1_199' title='bbox 381 3025 436 3115; x_wconf 89' lang='lat' dir='ltr'><strong>,et</strong></span> <span class='ocrx_word' id='word_1_200' title='bbox 464 3022 573 3097; x_wconf 90' lang='lat' dir='ltr'><strong>filium</strong></span> <span class='ocrx_word' id='word_1_201' title='bbox 602 3020 638 3095; x_wconf 93' lang='lat' dir='ltr'><strong>in</strong></span> <span class='ocrx_word' id='word_1_202' title='bbox 665 3021 849 3097; x_wconf 85' lang='lat' dir='ltr'><strong>uisceribus</strong></span> <span class='ocrx_word' id='word_1_203' title='bbox 885 3043 970 3116; x_wconf 90' lang='lat' dir='ltr'><strong>pene</strong></span> <span class='ocrx_word' id='word_1_204' title='bbox 1005 3019 1220 3096; x_wconf 85' lang='lat' dir='ltr'><strong>obtruncavit</strong></span> <span class='ocrx_word' id='word_1_205' title='bbox 1249 3019 1422 3114; x_wconf 85' lang='lat' dir='ltr'><strong>maternis,</strong></span> <span class='ocrx_word' id='word_1_206' title='bbox 1457 3021 1585 3096; x_wconf 85' lang='lat' dir='ltr'><strong>faciens</strong></span> <span class='ocrx_word' id='word_1_207' title='bbox 1598 3021 1628 3118; x_wconf 83' lang='lat'><strong>⁷)</strong></span> <span class='ocrx_word' id='word_1_208' title='bbox 1655 3021 1813 3096; x_wconf 85' lang='lat' dir='ltr'><strong>irritatus</strong></span> <span class='ocrx_word' id='word_1_209' title='bbox 1839 3024 1928 3098; x_wconf 86' lang='lat' dir='ltr'><strong>atro-</strong></span> 
     </span>
     <span class='ocr_line' id='line_1_22' title="bbox 381 3137 1931 3240; baseline 0.001 -20"><span class='ocrx_word' id='word_1_210' title='bbox 381 3144 507 3236; x_wconf 87' lang='lat' dir='ltr'><strong>,citato</strong></span> <span class='ocrx_word' id='word_1_211' title='bbox 533 3137 644 3237; x_wconf 81' lang='lat' dir='ltr'><strong>ferali,</strong></span> <span class='ocrx_word' id='word_1_212' title='bbox 680 3141 798 3240; x_wconf 88' lang='lat' dir='ltr'><strong>ipsius,</strong></span> <span class='ocrx_word' id='word_1_213' title='bbox 836 3143 921 3238; x_wconf 91' lang='lat' dir='ltr'><strong>proh</strong></span> <span class='ocrx_word' id='word_1_214' title='bbox 948 3143 1061 3218; x_wconf 85' lang='lat' dir='ltr'><strong>dolor!</strong></span> <span class='ocrx_word' id='word_1_215' title='bbox 1099 3165 1220 3239; x_wconf 89' lang='lat' dir='ltr'><strong>corpus</strong></span> <span class='ocrx_word' id='word_1_216' title='bbox 1247 3142 1477 3220; x_wconf 83' lang='lat' dir='ltr'><strong>inhumaniter</strong></span> <span class='ocrx_word' id='word_1_217' title='bbox 1504 3143 1540 3218; x_wconf 91' lang='lat' dir='ltr'><strong>in</strong></span> <span class='ocrx_word' id='word_1_218' title='bbox 1567 3144 1678 3220; x_wconf 84' lang='lat' dir='ltr'><strong>frusta</strong></span> <span class='ocrx_word' id='word_1_219' title='bbox 1704 3143 1847 3238; x_wconf 87' lang='lat' dir='ltr'><strong>concidi,</strong></span> <span class='ocrx_word' id='word_1_220' title='bbox 1875 3167 1931 3222; x_wconf 84' lang='lat' dir='ltr'><strong>ue·</strong></span> 
     </span>
     <span class='ocr_line' id='line_1_23' title="bbox 381 3264 1932 3362; baseline -0.001 -20"><span class='ocrx_word' id='word_1_221' title='bbox 381 3269 456 3359; x_wconf 90' lang='lat' dir='ltr'><strong>,lot</strong></span> <span class='ocrx_word' id='word_1_222' title='bbox 482 3265 630 3362; x_wconf 90' lang='lat' dir='ltr'><strong>singulis</strong></span> <span class='ocrx_word' id='word_1_223' title='bbox 658 3267 880 3342; x_wconf 92' lang='lat' dir='ltr'><strong>membrorum</strong></span> <span class='ocrx_word' id='word_1_224' title='bbox 908 3265 1063 3362; x_wconf 89' lang='lat' dir='ltr'><strong>partibus</strong></span> <span class='ocrx_word' id='word_1_225' title='bbox 1090 3287 1216 3361; x_wconf 89' lang='lat' dir='ltr'><strong>poenae</strong></span> <span class='ocrx_word' id='word_1_226' title='bbox 1244 3264 1386 3342; x_wconf 88' lang='lat' dir='ltr'><strong>inflictio</strong></span> <span class='ocrx_word' id='word_1_227' title='bbox 1413 3266 1601 3342; x_wconf 91' lang='lat' dir='ltr'><strong>deberetur.</strong></span> <span class='ocrx_word' id='word_1_228' title='bbox 1647 3267 1713 3342; x_wconf 86' lang='lat' dir='ltr'><strong>Sed</strong></span> <span class='ocrx_word' id='word_1_229' title='bbox 1740 3265 1812 3360; x_wconf 92' lang='lat' dir='ltr'><strong>ille,</strong></span> <span class='ocrx_word' id='word_1_230' title='bbox 1841 3267 1932 3362; x_wconf 87' lang='lat' dir='ltr'><strong>apud</strong></span> 
     </span>
     <span class='ocr_line' id='line_1_24' title="bbox 382 3385 1931 3484; baseline 0.001 -22"><span class='ocrx_word' id='word_1_231' title='bbox 382 3412 501 3484; x_wconf 88' lang='lat' dir='ltr'><strong>,quem</strong></span> <span class='ocrx_word' id='word_1_232' title='bbox 531 3385 698 3482; x_wconf 87' lang='lat' dir='ltr'><strong>patientia</strong></span> <span class='ocrx_word' id='word_1_233' title='bbox 725 3410 910 3483; x_wconf 85' lang='lat' dir='ltr'><strong>pauperum</strong></span> <span class='ocrx_word' id='word_1_234' title='bbox 937 3411 1002 3462; x_wconf 91' lang='lat' dir='ltr'><strong>non</strong></span> <span class='ocrx_word' id='word_1_235' title='bbox 1031 3386 1157 3484; x_wconf 89' lang='lat' dir='ltr'><strong>peribit</strong></span> <span class='ocrx_word' id='word_1_236' title='bbox 1183 3387 1218 3462; x_wconf 92' lang='lat' dir='ltr'><strong>in</strong></span> <span class='ocrx_word' id='word_1_237' title='bbox 1246 3387 1360 3480; x_wconf 91' lang='lat' dir='ltr'><strong>finem,</strong></span> <span class='ocrx_word' id='word_1_238' title='bbox 1388 3411 1455 3463; x_wconf 91' lang='lat' dir='ltr'><strong>non</strong></span> <span class='ocrx_word' id='word_1_239' title='bbox 1482 3389 1590 3464; x_wconf 92' lang='lat' dir='ltr'><strong>solum</strong></span> <span class='ocrx_word' id='word_1_240' title='bbox 1617 3387 1841 3466; x_wconf 88' lang='lat' dir='ltr'><strong>rutilantibus</strong></span> <span class='ocrx_word' id='word_1_241' title='bbox 1868 3389 1931 3464; x_wconf 91' lang='lat' dir='ltr'><strong>hu-</strong></span> 
     </span>
     <span class='ocr_line' id='line_1_25' title="bbox 382 3507 1930 3606; baseline 0.001 -22"><span class='ocrx_word' id='word_1_242' title='bbox 382 3509 494 3606; x_wconf 67' lang='lat' dir='ltr'><strong>,rusb</strong></span> <span class='ocrx_word' id='word_1_243' title='bbox 522 3508 727 3584; x_wconf 88' lang='lat' dir='ltr'><strong>sanctissimi</strong></span> <span class='ocrx_word' id='word_1_244' title='bbox 755 3507 901 3604; x_wconf 89' lang='lat' dir='ltr'><strong>corporis</strong></span> <span class='ocrx_word' id='word_1_245' title='bbox 928 3510 1043 3604; x_wconf 86' lang='lat' dir='ltr'><strong>partes</strong></span> <span class='ocrx_word' id='word_1_246' title='bbox 1070 3509 1304 3604; x_wconf 83' lang='lat' dir='ltr'><strong>splendoribus</strong></span> <span class='ocrx_word' id='word_1_247' title='bbox 1323 3508 1522 3602; x_wconf 85' lang='lat' dir='ltr'><strong>illustravit,</strong></span> <span class='ocrx_word' id='word_1_248' title='bbox 1551 3533 1665 3586; x_wconf 87' lang='lat' dir='ltr'><strong>uerum</strong></span> <span class='ocrx_word' id='word_1_249' title='bbox 1684 3509 1789 3586; x_wconf 87' lang='lat' dir='ltr'><strong>etiam</strong></span> <span class='ocrx_word' id='word_1_250' title='bbox 1807 3510 1930 3605; x_wconf 89' lang='lat' dir='ltr'><strong>ipsum,</strong></span> 
     </span>
     <span class='ocr_line' id='line_1_26' title="bbox 383 3629 1932 3727; baseline 0 -21"><span class='ocrx_word' id='word_1_251' title='bbox 383 3632 499 3724; x_wconf 82' lang='lat' dir='ltr'><strong>,nullo</strong></span> <span class='ocrx_word' id='word_1_252' title='bbox 527 3630 563 3704; x_wconf 93' lang='lat' dir='ltr'><strong>in</strong></span> <span class='ocrx_word' id='word_1_253' title='bbox 596 3653 633 3706; x_wconf 94' lang='lat' dir='ltr'><strong>eo</strong></span> <span class='ocrx_word' id='word_1_254' title='bbox 662 3629 828 3706; x_wconf 86' lang='lat' dir='ltr'><strong>cicatricis</strong></span> <span class='ocrx_word' id='word_1_255' title='bbox 863 3631 1046 3726; x_wconf 87' lang='lat' dir='ltr'><strong>apparente</strong></span> <span class='ocrx_word' id='word_1_256' title='bbox 1082 3630 1238 3727; x_wconf 87' lang='lat' dir='ltr'><strong>uestigio,</strong></span> <span class='ocrx_word' id='word_1_257' title='bbox 1275 3629 1470 3727; x_wconf 75' lang='lat' dir='ltr'><strong>integritati</strong></span> <span class='ocrx_word' id='word_1_258' title='bbox 1505 3629 1701 3726; x_wconf 89' lang='lat' dir='ltr'><strong>restituens,</strong></span> <span class='ocrx_word' id='word_1_259' title='bbox 1738 3630 1932 3724; x_wconf 87' lang='lat' dir='ltr'><strong>aquilarum</strong></span> 
     </span>
     <span class='ocr_line' id='line_1_27' title="bbox 384 3751 1931 3848; baseline 0.001 -20"><span class='ocrx_word' id='word_1_260' title='bbox 384 3776 541 3844; x_wconf 89' lang='lat' dir='ltr'><strong>,suarum</strong></span> <span class='ocrx_word' id='word_1_261' title='bbox 569 3751 736 3848; x_wconf 90' lang='lat' dir='ltr'><strong>praesidio</strong></span> <span class='ocrx_word' id='word_1_262' title='bbox 773 3751 972 3828; x_wconf 86' lang='lat' dir='ltr'><strong>miraculose</strong></span> <span class='ocrx_word' id='word_1_263' title='bbox 998 3775 1020 3827; x_wconf 85' lang='lat' dir='ltr'><strong>a</strong></span> <span class='ocrx_word' id='word_1_264' title='bbox 1046 3753 1193 3828; x_wconf 86' lang='lat' dir='ltr'><strong>ferarum</strong></span> <span class='ocrx_word' id='word_1_265' title='bbox 1222 3753 1388 3828; x_wconf 85' lang='lat' dir='ltr'><strong>morsibus</strong></span> <span class='ocrx_word' id='word_1_266' title='bbox 1415 3753 1657 3848; x_wconf 80' lang='lat' dir='ltr'><strong>praeservavit.</strong></span> <span class='ocrx_word' id='word_1_267' title='bbox 1703 3753 1849 3830; x_wconf 78' lang='lat' dir='ltr'><strong>Gustata</strong></span> <span class='ocrx_word' id='word_1_268' title='bbox 1876 3754 1931 3830; x_wconf 91' lang='lat' dir='ltr'><strong>dc·</strong></span> 
     </span>
     <span class='ocr_line' id='line_1_28' title="bbox 383 3873 1932 3972; baseline -0.001 -22"><span class='ocrx_word' id='word_1_269' title='bbox 383 3874 506 3968; x_wconf 85' lang='lat' dir='ltr'><strong>,nique</strong></span> <span class='ocrx_word' id='word_1_270' title='bbox 533 3873 694 3950; x_wconf 91' lang='lat' dir='ltr'><strong>acerrimo</strong></span> <span class='ocrx_word' id='word_1_271' title='bbox 721 3875 763 3950; x_wconf 97' lang='lat' dir='ltr'><strong>ob</strong></span> <span class='ocrx_word' id='word_1_272' title='bbox 790 3875 899 3950; x_wconf 86' lang='lat' dir='ltr'><strong>celum</strong></span> <span class='ocrx_word' id='word_1_273' title='bbox 936 3873 1089 3950; x_wconf 87' lang='lat' dir='ltr'><strong>iustitiae</strong></span> <span class='ocrx_word' id='word_1_274' title='bbox 1125 3875 1229 3950; x_wconf 89' lang='lat' dir='ltr'><strong>calice</strong></span> <span class='ocrx_word' id='word_1_275' title='bbox 1256 3875 1437 3971; x_wconf 89' lang='lat' dir='ltr'><strong>passionis,</strong></span> <span class='ocrx_word' id='word_1_276' title='bbox 1473 3897 1547 3953; x_wconf 92' lang='lat' dir='ltr'><strong>cum</strong></span> <span class='ocrx_word' id='word_1_277' title='bbox 1576 3876 1759 3968; x_wconf 86' lang='lat' dir='ltr'><strong>abeodem</strong></span> <span class='ocrx_word' id='word_1_278' title='bbox 1787 3878 1932 3972; x_wconf 80' lang='lat' dir='ltr'><strong>tyranno</strong></span> 
     </span>
     <span class='ocr_line' id='line_1_29' title="bbox 383 3997 1932 4092; baseline -0.001 -19"><span class='ocrx_word' id='word_1_279' title='bbox 383 3997 557 4088; x_wconf 90' lang='lat' dir='ltr'><strong>,totaliter</strong></span> <span class='ocrx_word' id='word_1_280' title='bbox 592 3997 770 4092; x_wconf 88' lang='lat' dir='ltr'><strong>putaretur</strong></span> <span class='ocrx_word' id='word_1_281' title='bbox 795 3999 1025 4092; x_wconf 90' lang='lat' dir='ltr'><strong>consumptus,</strong></span> <span class='ocrx_word' id='word_1_282' title='bbox 1063 4019 1138 4074; x_wconf 90' lang='lat' dir='ltr'><strong>ecoe</strong></span> <span class='ocrx_word' id='word_1_283' title='bbox 1166 3999 1205 4072; x_wconf 89' lang='lat' dir='ltr'><strong>ut</strong></span> <span class='ocrx_word' id='word_1_284' title='bbox 1231 3997 1351 4072; x_wconf 82' lang='lat' dir='ltr'><strong>lucifer</strong></span> <span class='ocrx_word' id='word_1_285' title='bbox 1386 3997 1504 4091; x_wconf 91' lang='lat' dir='ltr'><strong>oritur,</strong></span> <span class='ocrx_word' id='word_1_286' title='bbox 1542 3999 1578 4074; x_wconf 93' lang='lat' dir='ltr'><strong>et</strong></span> <span class='ocrx_word' id='word_1_287' title='bbox 1603 3997 1701 4092; x_wconf 86' lang='lat' dir='ltr'><strong>quasi</strong></span> <span class='ocrx_word' id='word_1_288' title='bbox 1728 3997 1932 4076; x_wconf 77' lang='lat' dir='ltr'><strong>meridianus</strong></span> 
     </span>
     <span class='ocr_line' id='line_1_30' title="bbox 384 4117 1931 4216; baseline 0 -20"><span class='ocrx_word' id='word_1_289' title='bbox 384 4119 519 4215; x_wconf 79' lang='lat' dir='ltr'><strong>,fulgor</strong></span> <span class='ocrx_word' id='word_1_290' title='bbox 546 4117 581 4193; x_wconf 91' lang='lat' dir='ltr'><strong>iu</strong></span> <span class='ocrx_word' id='word_1_291' title='bbox 609 4118 821 4194; x_wconf 90' lang='lat' dir='ltr'><strong>firmamento</strong></span> <span class='ocrx_word' id='word_1_292' title='bbox 857 4119 1051 4214; x_wconf 88' lang='lat' dir='ltr'><strong>consurgit:</strong></span> <span class='ocrx_word' id='word_1_293' title='bbox 1089 4120 1226 4216; x_wconf 86' lang='lat' dir='ltr'><strong>propter</strong></span> <span class='ocrx_word' id='word_1_294' title='bbox 1254 4119 1387 4216; x_wconf 74' lang='lat' dir='ltr'><strong>quod9)</strong></span> <span class='ocrx_word' id='word_1_295' title='bbox 1422 4119 1494 4196; x_wconf 90' lang='lat' dir='ltr'><strong>eius</strong></span> <span class='ocrx_word' id='word_1_296' title='bbox 1530 4119 1652 4196; x_wconf 88' lang='lat' dir='ltr'><strong>faciem</strong></span> <span class='ocrx_word' id='word_1_297' title='bbox 1688 4120 1724 4196; x_wconf 91' lang='lat' dir='ltr'><strong>in</strong></span> <span class='ocrx_word' id='word_1_298' title='bbox 1750 4119 1822 4196; x_wconf 89' lang='lat' dir='ltr'><strong>suis</strong></span> <span class='ocrx_word' id='word_1_299' title='bbox 1850 4145 1931 4197; x_wconf 93' lang='lat' dir='ltr'><strong>non·</strong></span> 
     </span>
     <span class='ocr_line' id='line_1_31' title="bbox 327 4239 1932 4338; baseline 0.001 -22"><span class='ocrx_word' id='word_1_300' title='bbox 327 4245 329 4248; x_wconf 82' lang='grc'><strong>’</strong></span> <span class='ocrx_word' id='word_1_301' title='bbox 386 4241 495 4332; x_wconf 89' lang='lat' dir='ltr'><strong>,nulli</strong></span> <span class='ocrx_word' id='word_1_302' title='bbox 523 4239 783 4316; x_wconf 88' lang='lat' dir='ltr'><strong>necessitatibus</strong></span> <span class='ocrx_word' id='word_1_303' title='bbox 819 4241 1033 4317; x_wconf 87' lang='lat' dir='ltr'><strong>devotissime</strong></span> <span class='ocrx_word' id='word_1_304' title='bbox 1068 4241 1304 4336; x_wconf 87' lang='lat' dir='ltr'><strong>deprecantur.</strong></span> <span class='ocrx_word' id='word_1_305' title='bbox 1350 4243 1429 4338; x_wconf 89' lang='lat' dir='ltr'><strong>Ipse</strong></span> <span class='ocrx_word' id='word_1_306' title='bbox 1457 4241 1591 4336; x_wconf 87' lang='lat' dir='ltr'><strong>quidem</strong></span> <span class='ocrx_word' id='word_1_307' title='bbox 1618 4243 1771 4320; x_wconf 87' lang='lat' dir='ltr'><strong>defossus</strong></span> <span class='ocrx_word' id='word_1_308' title='bbox 1797 4265 1932 4320; x_wconf 81' lang='lat' dir='ltr'><strong>secans</strong></span> 
     </span>
     <span class='ocr_line' id='line_1_32' title="bbox 385 4361 1932 4460; baseline 0.002 -23"><span class='ocrx_word' id='word_1_309' title='bbox 385 4362 540 4454; x_wconf 77' lang='lat' dir='ltr'><strong>,dormit</strong></span> <span class='ocrx_word' id='word_1_310' title='bbox 568 4361 762 4455; x_wconf 87' lang='lat' dir='ltr'><strong>requiescit,</strong></span> <span class='ocrx_word' id='word_1_311' title='bbox 791 4364 826 4438; x_wconf 92' lang='lat' dir='ltr'><strong>et</strong></span> <span class='ocrx_word' id='word_1_312' title='bbox 853 4386 918 4437; x_wconf 93' lang='lat' dir='ltr'><strong>non</strong></span> <span class='ocrx_word' id='word_1_313' title='bbox 946 4364 1009 4456; x_wconf 92' lang='lat' dir='ltr'><strong>est,</strong></span> <span class='ocrx_word' id='word_1_314' title='bbox 1047 4362 1104 4457; x_wconf 94' lang='lat' dir='ltr'><strong>qui</strong></span> <span class='ocrx_word' id='word_1_315' title='bbox 1134 4363 1198 4438; x_wconf 89' lang='lat' dir='ltr'><strong>iam</strong></span> <span class='ocrx_word' id='word_1_316' title='bbox 1227 4363 1338 4459; x_wconf 87' lang='lat' dir='ltr'><strong>ipsum</strong></span> <span class='ocrx_word' id='word_1_317' title='bbox 1366 4366 1548 4440; x_wconf 81' lang='lat' dir='ltr'><strong>exterreat.</strong></span> <span class='ocrx_word' id='word_1_318' title='bbox 1594 4367 1664 4442; x_wconf 87' lang='lat' dir='ltr'><strong>Neo</strong></span> <span class='ocrx_word' id='word_1_319' title='bbox 1691 4365 1825 4457; x_wconf 90' lang='lat' dir='ltr'><strong>mirum,</strong></span> <span class='ocrx_word' id='word_1_320' title='bbox 1855 4364 1932 4460; x_wconf 88' lang='lat' dir='ltr'><strong>quia</strong></span> 
     </span>
     <span class='ocr_line' id='line_1_33' title="bbox 387 4484 1932 4582; baseline 0.001 -21"><span class='ocrx_word' id='word_1_321' title='bbox 387 4484 580 4575; x_wconf 85' lang='lat' dir='ltr'><strong>,ciuitatem</strong></span> <span class='ocrx_word' id='word_1_322' title='bbox 607 4484 714 4577; x_wconf 90' lang='lat' dir='ltr'><strong>illam,</strong></span> <span class='ocrx_word' id='word_1_323' title='bbox 744 4485 879 4560; x_wconf 88' lang='lat' dir='ltr'><strong>honoris</strong></span> <span class='ocrx_word' id='word_1_324' title='bbox 905 4487 941 4561; x_wconf 93' lang='lat' dir='ltr'><strong>et</strong></span> <span class='ocrx_word' id='word_1_325' title='bbox 958 4484 1088 4581; x_wconf 87' lang='lat' dir='ltr'><strong>gloriae</strong></span> <span class='ocrx_word' id='word_1_326' title='bbox 1115 4508 1236 4562; x_wconf 88' lang='lat' dir='ltr'><strong>corona</strong></span> <span class='ocrx_word' id='word_1_327' title='bbox 1253 4485 1451 4582; x_wconf 88' lang='lat' dir='ltr'><strong>insignitus,</strong></span> <span class='ocrx_word' id='word_1_328' title='bbox 1480 4485 1663 4580; x_wconf 89' lang='lat' dir='ltr'><strong>inhabitat,</strong></span> <span class='ocrx_word' id='word_1_329' title='bbox 1692 4487 1750 4564; x_wconf 91' lang='lat' dir='ltr'><strong>ubi</strong></span> <span class='ocrx_word' id='word_1_330' title='bbox 1768 4490 1822 4564; x_wconf 91' lang='lat' dir='ltr'><strong>est</strong></span> <span class='ocrx_word' id='word_1_331' title='bbox 1840 4510 1932 4564; x_wconf 88' lang='lat' dir='ltr'><strong>men-</strong></span> 
     </span>
     <span class='ocr_line' id='line_1_34' title="bbox 387 4605 1932 4704; baseline 0.003 -24"><span class='ocrx_word' id='word_1_332' title='bbox 387 4605 458 4696; x_wconf 91' lang='lat' dir='ltr'><strong>,sio</strong></span> <span class='ocrx_word' id='word_1_333' title='bbox 485 4627 612 4698; x_wconf 88' lang='lat' dir='ltr'><strong>secura,</strong></span> <span class='ocrx_word' id='word_1_334' title='bbox 642 4607 786 4702; x_wconf 89' lang='lat' dir='ltr'><strong>populus</strong></span> <span class='ocrx_word' id='word_1_335' title='bbox 822 4606 896 4681; x_wconf 92' lang='lat' dir='ltr'><strong>sine</strong></span> <span class='ocrx_word' id='word_1_336' title='bbox 929 4630 1111 4700; x_wconf 91' lang='lat' dir='ltr'><strong>murmure,</strong></span> <span class='ocrx_word' id='word_1_337' title='bbox 1140 4630 1179 4684; x_wconf 87' lang='lat' dir='ltr'><strong>ac</strong></span> <span class='ocrx_word' id='word_1_338' title='bbox 1205 4607 1319 4704; x_wconf 81' lang='lat' dir='ltr'><strong>patris</strong></span> <span class='ocrx_word' id='word_1_339' title='bbox 1345 4610 1455 4684; x_wconf 91' lang='lat' dir='ltr'><strong>totum</strong></span> <span class='ocrx_word' id='word_1_340' title='bbox 1482 4609 1517 4683; x_wconf 93' lang='lat' dir='ltr'><strong>id</strong></span> <span class='ocrx_word' id='word_1_341' title='bbox 1544 4608 1730 4703; x_wconf 91' lang='lat' dir='ltr'><strong>continens,</strong></span> <span class='ocrx_word' id='word_1_342' title='bbox 1762 4610 1850 4704; x_wconf 87' lang='lat' dir='ltr'><strong>qood</strong></span> <span class='ocrx_word' id='word_1_343' title='bbox 1878 4611 1932 4684; x_wconf 92' lang='lat' dir='ltr'><strong>de·</strong></span> 
     </span>
     <span class='ocr_line' id='line_1_35' title="bbox 387 4728 1932 4826; baseline 0.003 -25"><span class='ocrx_word' id='word_1_344' title='bbox 387 4729 524 4818; x_wconf 81' lang='lat' dir='ltr'><strong>,lentat</strong></span> <span class='ocrx_word' id='word_1_345' title='bbox 570 4728 694 4804; x_wconf 86' lang='lat' dir='ltr'><strong>Verum</strong></span> <span class='ocrx_word' id='word_1_346' title='bbox 722 4751 763 4805; x_wconf 94' lang='lat' dir='ltr'><strong>no</strong></span> <span class='ocrx_word' id='word_1_347' title='bbox 790 4729 944 4804; x_wconf 86' lang='lat' dir='ltr'><strong>militans</strong></span> <span class='ocrx_word' id='word_1_348' title='bbox 970 4728 1124 4805; x_wconf 85' lang='lat' dir='ltr'><strong>Ecclesia</strong></span> <span class='ocrx_word' id='word_1_349' title='bbox 1159 4730 1200 4806; x_wconf 88' lang='lat' dir='ltr'><strong>de</strong></span> <span class='ocrx_word' id='word_1_350' title='bbox 1226 4729 1289 4806; x_wconf 88' lang='lat' dir='ltr'><strong>tali</strong></span> <span class='ocrx_word' id='word_1_351' title='bbox 1316 4753 1356 4806; x_wconf 91' lang='lat' dir='ltr'><strong>ac</strong></span> <span class='ocrx_word' id='word_1_352' title='bbox 1382 4733 1479 4807; x_wconf 87' lang='lat' dir='ltr'><strong>tanto</strong></span> <span class='ocrx_word' id='word_1_353' title='bbox 1516 4734 1656 4826; x_wconf 88' lang='lat' dir='ltr'><strong>patrono</strong></span> <span class='ocrx_word' id='word_1_354' title='bbox 1692 4731 1742 4808; x_wconf 92' lang='lat' dir='ltr'><strong>sic</strong></span> <span class='ocrx_word' id='word_1_355' title='bbox 1777 4731 1932 4810; x_wconf 87' lang='lat' dir='ltr'><strong>atrociter</strong></span> 
     </span>
     <span class='ocr_line' id='line_1_36' title="bbox 387 4849 1931 4950; baseline 0.004 -26"><span class='ocrx_word' id='word_1_356' title='bbox 387 4850 473 4942; x_wconf 90' lang='lat' dir='ltr'><strong>,sibi</strong></span> <span class='ocrx_word' id='word_1_357' title='bbox 501 4851 672 4926; x_wconf 87' lang='lat' dir='ltr'><strong>subtracto</strong></span> <span class='ocrx_word' id='word_1_358' title='bbox 701 4850 991 4928; x_wconf 89' lang='lat' dir='ltr'><strong>inconsolabiliter</strong></span> <span class='ocrx_word' id='word_1_359' title='bbox 1017 4851 1114 4946; x_wconf 90' lang='lat' dir='ltr'><strong>quasi</strong></span> <span class='ocrx_word' id='word_1_360' title='bbox 1140 4849 1290 4948; x_wconf 86' lang='lat' dir='ltr'><strong>gemitus</strong></span> <span class='ocrx_word' id='word_1_361' title='bbox 1316 4852 1546 4950; x_wconf 89' lang='lat' dir='ltr'><strong>singultuosos</strong></span> <span class='ocrx_word' id='word_1_362' title='bbox 1563 4853 1748 4947; x_wconf 88' lang='lat' dir='ltr'><strong>emitteret,</strong></span> <span class='ocrx_word' id='word_1_363' title='bbox 1778 4854 1808 4929; x_wconf 90' lang='lat' dir='ltr'><strong>si</strong></span> <span class='ocrx_word' id='word_1_364' title='bbox 1836 4857 1931 4931; x_wconf 93' lang='lat' dir='ltr'><strong>bene·</strong></span> 
     </span>
     <span class='ocr_line' id='line_1_37' title="bbox 387 4971 1930 5074; baseline 0.001 -25"><span class='ocrx_word' id='word_1_365' title='bbox 387 4972 559 5064; x_wconf 89' lang='lat' dir='ltr'><strong>,liciorum</strong></span> <span class='ocrx_word' id='word_1_366' title='bbox 586 4971 694 5069; x_wconf 89' lang='lat' dir='ltr'><strong>ipsius</strong></span> <span class='ocrx_word' id='word_1_367' title='bbox 721 4973 899 5050; x_wconf 87' lang='lat' dir='ltr'><strong>affluentia</strong></span> <span class='ocrx_word' id='word_1_368' title='bbox 926 4997 999 5050; x_wconf 93' lang='lat' dir='ltr'><strong>eam</strong></span> <span class='ocrx_word' id='word_1_369' title='bbox 1027 4997 1092 5050; x_wconf 91' lang='lat' dir='ltr'><strong>non</strong></span> <span class='ocrx_word' id='word_1_370' title='bbox 1120 4973 1333 5072; x_wconf 87' lang='lat' dir='ltr'><strong>contingeret</strong></span> <span class='ocrx_word' id='word_1_371' title='bbox 1359 4975 1495 5070; x_wconf 90' lang='lat' dir='ltr'><strong>saepius</strong></span> <span class='ocrx_word' id='word_1_372' title='bbox 1522 4975 1768 5054; x_wconf 86' lang='lat' dir='ltr'><strong>delectabiliter</strong></span> <span class='ocrx_word' id='word_1_373' title='bbox 1786 4975 1930 5074; x_wconf 86' lang='lat' dir='ltr'><strong>irrigari:</strong></span> 
     </span>
    </p>
   </div>
   <div class='ocr_carea' id='block_1_3' title="bbox 491 5269 1930 5354">
    <p class='ocr_par' dir='ltr' id='par_1_3' title="bbox 491 5269 1930 5354">
     <span class='ocr_line' id='line_1_38' title="bbox 491 5269 1930 5354; baseline 0.002 -21"><span class='ocrx_word' id='word_1_374' title='bbox 491 5271 515 5350; x_wconf 80' lang='grc'><strong>1)</strong></span> <span class='ocrx_word' id='word_1_375' title='bbox 537 5275 681 5334; x_wconf 88' lang='lat' dir='ltr'><strong>intentum</strong></span> <span class='ocrx_word' id='word_1_376' title='bbox 708 5273 778 5336; x_wconf 83' lang='lat' dir='ltr'><strong>Ood.</strong></span> <span class='ocrx_word' id='word_1_377' title='bbox 803 5273 896 5335; x_wconf 76' lang='lat' dir='ltr'><strong>Recr.</strong></span> <span class='ocrx_word' id='word_1_378' title='bbox 937 5269 963 5352; x_wconf 59' lang='grc' dir='ltr'><strong>ρ)</strong></span> <span class='ocrx_word' id='word_1_379' title='bbox 987 5275 1101 5334; x_wconf 86' lang='lat' dir='ltr'><strong>exeruit</strong></span> <span class='ocrx_word' id='word_1_380' title='bbox 1127 5272 1198 5334; x_wconf 83' lang='lat' dir='ltr'><strong>Ood.</strong></span> <span class='ocrx_word' id='word_1_381' title='bbox 1221 5272 1314 5335; x_wconf 76' lang='lat' dir='ltr'><strong>Rosr.</strong></span> <span class='ocrx_word' id='word_1_382' title='bbox 1355 5270 1382 5352; x_wconf 82' lang='lat'><strong>³)</strong></span> <span class='ocrx_word' id='word_1_383' title='bbox 1405 5274 1536 5335; x_wconf 88' lang='lat' dir='ltr'><strong>leuitatis</strong></span> <span class='ocrx_word' id='word_1_384' title='bbox 1560 5274 1620 5336; x_wconf 82' lang='lat' dir='ltr'><strong>Ed.</strong></span> <span class='ocrx_word' id='word_1_385' title='bbox 1644 5275 1730 5352; x_wconf 76' lang='lat' dir='ltr'><strong>Lips.</strong></span> <span class='ocrx_word' id='word_1_386' title='bbox 1763 5271 1792 5354; x_wconf 79' lang='lat'><strong>⁴)</strong></span> <span class='ocrx_word' id='word_1_387' title='bbox 1815 5291 1930 5336; x_wconf 79' lang='lat' dir='ltr'><strong>conser-</strong></span> 
     </span>
    </p>
   </div>
   <div class='ocr_carea' id='block_1_4' title="bbox 383 5374 1931 5562">
    <p class='ocr_par' dir='ltr' id='par_1_4' title="bbox 383 5374 1931 5562">
     <span class='ocr_line' id='line_1_39' title="bbox 383 5374 1931 5458; baseline 0.001 -20"><span class='ocrx_word' id='word_1_388' title='bbox 383 5383 461 5438; x_wconf 86' lang='lat' dir='ltr'><strong>teret</strong></span> <span class='ocrx_word' id='word_1_389' title='bbox 487 5374 558 5441; x_wconf 83' lang='lat' dir='ltr'><strong>Ood.</strong></span> <span class='ocrx_word' id='word_1_390' title='bbox 580 5379 672 5440; x_wconf 76' lang='lat' dir='ltr'><strong>Rorr.</strong></span> <span class='ocrx_word' id='word_1_391' title='bbox 713 5375 741 5456; x_wconf 68' lang='grc'><strong>5)</strong></span> <span class='ocrx_word' id='word_1_392' title='bbox 764 5378 940 5454; x_wconf 89' lang='lat' dir='ltr'><strong>requirendo</strong></span> <span class='ocrx_word' id='word_1_393' title='bbox 970 5379 1125 5452; x_wconf 87' lang='lat' dir='ltr'><strong>percussit.</strong></span> <span class='ocrx_word' id='word_1_394' title='bbox 1152 5377 1223 5440; x_wconf 75' lang='lat' dir='ltr'><strong>dbd.</strong></span> <span class='ocrx_word' id='word_1_395' title='bbox 1247 5379 1340 5440; x_wconf 76' lang='lat' dir='ltr'><strong>Rosr.</strong></span> <span class='ocrx_word' id='word_1_396' title='bbox 1379 5374 1406 5457; x_wconf 76' lang='grc'><strong>6)</strong></span> <span class='ocrx_word' id='word_1_397' title='bbox 1430 5396 1462 5439; x_wconf 91' lang='lat' dir='ltr'><strong>se</strong></span> <span class='ocrx_word' id='word_1_398' title='bbox 1484 5379 1580 5456; x_wconf 88' lang='lat' dir='ltr'><strong>ipsum</strong></span> <span class='ocrx_word' id='word_1_399' title='bbox 1613 5379 1683 5443; x_wconf 76' lang='lat' dir='ltr'><strong>eoo.</strong></span> <span class='ocrx_word' id='word_1_400' title='bbox 1707 5381 1800 5443; x_wconf 73' lang='lat' dir='ltr'><strong>Rozr.</strong></span> <span class='ocrx_word' id='word_1_401' title='bbox 1843 5376 1931 5458; x_wconf 63' lang='lat' dir='ltr'><strong>&#39;liu-</strong></span> 
     </span>
     <span class='ocr_line' id='line_1_40' title="bbox 384 5479 1581 5562; baseline 0.003 -19"><span class='ocrx_word' id='word_1_402' title='bbox 384 5483 456 5543; x_wconf 91' lang='lat' dir='ltr'><strong>bens</strong></span> <span class='ocrx_word' id='word_1_403' title='bbox 483 5481 553 5545; x_wconf 81' lang='lat' dir='ltr'><strong>Ood.</strong></span> <span class='ocrx_word' id='word_1_404' title='bbox 576 5485 666 5545; x_wconf 71' lang='lat' dir='ltr'><strong>Ilorr.</strong></span> <span class='ocrx_word' id='word_1_405' title='bbox 707 5479 733 5562; x_wconf 81' lang='lat'><strong>⁸)</strong></span> <span class='ocrx_word' id='word_1_406' title='bbox 756 5483 921 5546; x_wconf 90' lang='lat' dir='ltr'><strong>huiusmodi</strong></span> <span class='ocrx_word' id='word_1_407' title='bbox 947 5481 1018 5548; x_wconf 70' lang='lat' dir='ltr'><strong>(lod.</strong></span> <span class='ocrx_word' id='word_1_408' title='bbox 1042 5485 1133 5546; x_wconf 72' lang='lat' dir='ltr'><strong>Rosr.</strong></span> <span class='ocrx_word' id='word_1_409' title='bbox 1173 5479 1200 5561; x_wconf 80' lang='lat'><strong>⁹)</strong></span> <span class='ocrx_word' id='word_1_410' title='bbox 1223 5484 1385 5560; x_wconf 86' lang='lat' dir='ltr'><strong>Propterea</strong></span> <span class='ocrx_word' id='word_1_411' title='bbox 1409 5485 1469 5546; x_wconf 81' lang='lat' dir='ltr'><strong>Ed.</strong></span> <span class='ocrx_word' id='word_1_412' title='bbox 1493 5483 1581 5562; x_wconf 76' lang='lat' dir='ltr'><strong>Lips.</strong></span> 
     </span>
    </p>
   </div>
   <div class='ocr_carea' id='block_1_5' title="bbox 0 0 2084 6292">
    <p class='ocr_par' dir='ltr' id='par_1_5' title="bbox 0 0 2084 6292">
     <span class='ocr_line' id='line_1_41' title="bbox 0 0 2084 6292; baseline 0 0"><span class='ocrx_word' id='word_1_413' title='bbox 0 0 2084 6292; x_wconf 95' lang='lat' dir='ltr'><strong> </strong></span> 
     </span>
    </p>
   </div>
  </div>
 </body>
</html>
