4192 6272
432 497 508 568 480
1036 514 1147 566 crana
1175 515 1367 567 snrrrnus
1711 495 1772 589 (Α.
1793 495 1841 571 D.
1861 497 1977 590 1285.)

429 704 536 778 tatem
562 701 724 793 restituit,
752 705 787 776 et
815 702 973 796 perfugas
994 701 1017 794 Ι)
1044 701 1176 776 ueniam
1203 702 1421 796 deprecantes
1449 702 1484 776 in
1513 703 1657 796 priorem
1684 706 1811 778 statum
1838 707 1874 779 et
1900 728 1978 800 gra·

430 824 514 898 tiam
542 823 689 898 admisit.
717 825 889 917 Expertus
916 826 997 896 tunc
1024 821 1060 895 in
1088 844 1123 896 se
1150 824 1276 897 Lestlo
1294 823 1402 918 Niger
1420 825 1499 896 Dux
1516 823 1756 918 dracouiansis,
1776 827 1866 917 quod
1885 827 1977 918 quis·

429 945 505 1038 quis
532 945 590 1037 qui
617 944 836 1040 Reipublicae
863 943 1188 1018 adnrinistrationem
1225 945 1429 1039 susceperit,
1458 945 1622 1036 invidias,
1660 947 1920 1022 detrectationes
1937 948 1975 1041 Ἰ),

429 1067 514 1159 odia,
543 1067 735 1158 seditiones,
764 1068 928 1160 repulsas,
957 1066 1081 1156 exilio,
1111 1067 1293 1157 caedesque
1320 1069 1459 1157 subeat,
1496 1069 1641 1162 oportet.
1686 1069 1821 1144 civibus
1856 1093 1934 1144 uero
1950 1069 1978 1162 3)

428 1188 711 1279 Orecoxiensibus,
740 1189 797 1281 qui
825 1191 860 1263 ot
887 1211 997 1262 arcem
1025 1189 1077 1261 illi
1106 1191 1393 1278 conservaverant,
1422 1191 1457 1262 et
1483 1191 1580 1263 nulla
1606 1191 1810 1266 aduersitate
1837 1193 1879 1265 ab
1907 1191 1978 1264 illi-

429 1332 468 1383 us
494 1309 559 1384 fide
578 1311 733 1405 poterant
760 1309 889 1400 diuelli,
919 1311 1045 1384 multas
1072 1309 1248 1384 libertates
1276 1309 1460 1404 praestitit,
1480 1313 1515 1385 et
1534 1311 1785 1386 (iracoviensem
1803 1311 1977 1386 ciuitatem

429 1431 576 1523 fossatis
605 1431 718 1524 vallia,
747 1431 897 1506 turribus
924 1435 959 1504 et
988 1431 1091 1504 ururis
1119 1431 1255 1522 muniri,
1284 1434 1319 1505 et
1346 1455 1367 1505 a
1393 1431 1475 1504 solis
1503 1431 1718 1508 Theutoniois
1756 1432 1850 1506 illius
1888 1432 1978 1527 regi·

429 1555 566 1628 menet
593 1553 869 1649 gubernationem
898 1552 1043 1628 obtineri
1071 1555 1106 1628 et
1133 1552 1235 1646 dirigi
1264 1553 1460 1644 (baronibus
1487 1555 1522 1627 et
1549 1553 1718 1629 militibus
1745 1577 1872 1650 magna
1899 1577 1978 1628 exe·

427 1675 575 1750 oratione
601 1676 636 1749 et
663 1675 929 1750 stomachatione
957 1698 1026 1750 rem
1055 1675 1334 1769 improbantibus,
1363 1698 1406 1748 ne
1433 1675 1631 1768 quandoque
1658 1677 1817 1750 adversus
1844 1698 1880 1751 se
1906 1677 1978 1750 cal·

426 1796 602 1891 citrarent)
621 1797 693 1870 illis
721 1797 885 1892 permisit.
914 1799 1025 1871 Tanta
1051 1797 1195 1889 donique
1221 1797 1387 1870 charitate
1413 1800 1449 1872 et
1468 1798 1580 1872 lavore
1595 1799 1720 1872 Lestlro
1739 1799 1846 1893 Niger
1864 1799 1976 1872 Theu-

426 1917 555 1993 tonioos
595 1919 828 1995 dracouicnses
863 1920 953 1993 ciues
980 1921 1022 1994 ab
1049 1941 1087 1993 eo
1114 1919 1266 2012 tempore
1301 1921 1336 1993 et
1372 1920 1500 1993 extulit
1534 1922 1570 1994 et
1605 1921 1728 2011 coluit,
1768 1924 1808 1996 ut
1842 1941 1878 1994 se
1905 1923 1977 1994 tarn

426 2059 531 2129 come,
560 2063 662 2130 quam
689 2041 821 2133 babitu,
851 2041 997 2116 moribus
1024 2041 1159 2114 illorum
1187 2040 1421 2114 conformaret.

477 2423 629 2499 turriam
656 2425 833 2499 musoritae
860 2425 1005 2516 primurn,
1033 2425 1147 2498 deinde
1174 2426 1312 2499 bettoni
1338 2427 1515 2500 flosculum
1541 2426 1688 2501 molosia
1714 2429 1915 2518 pervertant.

529 2665 706 2740 Boleslaus
733 2665 901 2741 Maeoniae
928 2669 1017 2757 Dux,
1047 2667 1138 2741 lilius
1165 2667 1337 2758 Sernouiti,
1367 2667 1528 2763 potentiis
1555 2669 1709 2762 gentium
1736 2690 1882 2760 suarum,
1903 2670 1976 2743 tam

425 2809 468 2860 ex
496 2787 618 2880 pedite,
648 2810 748 2879 quam
776 2810 818 2860 ex
845 2788 958 2880 equite
986 2789 1178 2880 contractis,
1206 2791 1331 2864 terram
1359 2789 1502 2863 Russiae
1522 2789 1706 2883 ingressus,
1726 2789 1823 2864 illam
1842 2789 1975 2884 spoliiS,

426 2907 505 3001 igne
531 2911 565 2982 et
592 2908 748 2982 caedibus
774 2911 898 2999 uastat,
929 2911 964 2982 et
992 2933 1115 3004 magna
1142 2911 1251 3005 spolia
1278 2911 1311 2984 in
1330 2913 1358 3004 4)
1384 2909 1566 2984 blasouiam
1595 2911 1709 2984 refert.
1746 2911 1849 2984 (iuius
1876 2933 1974 2984 exer·

424 3029 495 3102 citu
522 3031 564 3104 ad
592 3030 726 3126 propria
753 3031 894 3125 dilapso,
924 3032 1074 3105 Rutbeni
1102 3032 1283 3108 Masuriam
1303 3031 1481 3125 repentina
1499 3031 1685 3125 irruptione
1705 3031 1860 3125 ingressi,
1877 3033 1975 3106 illam

425 3154 573 3242 uastant,
601 3155 637 3226 at
661 3153 817 3227 Bolesleo
844 3153 1011 3228 Maeoniae
1038 3155 1128 3228 Duco
1145 3155 1172 3247 ⁵)
1199 3155 1409 3227 detractante
1437 3175 1597 3247 pugnam,
1627 3155 1735 3247 spolia
1761 3157 1796 3227 at
1823 3153 1886 3247 ipsi
1906 3155 1974 3228 tre-

425 3272 564 3365 quentia
591 3273 626 3346 in
655 3273 813 3349 Russiam
841 3276 1004 3349 referunt.

423 3657 576 3735 rourum
602 3661 724 3734 Probus
750 3661 1029 3735 wratislaviensis
1056 3663 1128 3734 ltux
1154 3661 1341 3734 iunocenter
1377 3662 1499 3733 milites
1537 3679 1617 3732 suos
1645 3659 1790 3733 trucidat
1817 3664 1852 3732 et
1877 3659 1974 3732 tradi·

889 3789 979 3856 tores
1007 3785 1092 3855 orcis
1120 3785 1330 3856 dalirsieusis
1358 3784 1514 3874 captivat.

526 4025 680 4100 Nondum
710 4048 778 4099 una
803 4025 983 4121 tyrannide
1011 4024 1176 4098 Henrieus
1212 4026 1355 4116 quartus
1392 4022 1683 4099 Wratisleuiensis
1718 4023 1797 4096 Dux
1833 4023 1972 4117 perfun-

421 4149 507 4237 ctus,
536 4148 680 4220 alteram
709 4169 814 4235 erana,
843 4148 1026 4221 Iohannem
1055 4146 1285 4241 Myeuczicn⁶)
1312 4147 1346 4219 et
1374 4167 1570 4240 gerrnannrn
1604 4167 1700 4218 snum
1721 4147 1869 4234 Petrum,
1892 4144 1972 4218 item

421 4267 668 4359 Sbiluthonem,
698 4269 864 4343 militares
891 4273 927 4341 et
954 4269 1147 4342 innocentes
1174 4268 1273 4358 uiros,
1310 4269 1398 4358 quod
1425 4269 1465 4340 dc
1493 4268 1657 4342 uiolentia
1683 4265 1842 4342 ecclesiae
1870 4266 1971 4341 Wra-

420 4388 610 4463 tislauiensi
638 4390 737 4464 illata
763 4393 804 4464 ab
831 4391 880 4465 eis
908 4391 1128 4484 reprehensus
1156 4390 1269 4479 fauerit,
1298 4389 1456 4463 trucidat.
1486 4389 1733 4483 Sandiuogiuru
1753 4412 1829 4462 uero
1847 4389 1971 4463 Iohan-

421 4510 474 4582 nis
502 4511 645 4604 palatini
681 4511 918 4585 Posnaniensis
946 4511 1065 4601 lilium,
1095 4511 1153 4603 qui
1181 4512 1234 4584 illi
1261 4511 1496 4586 Calissiansern
1524 4535 1633 4586 arcem
1661 4511 1860 4600 tradiderat,
1890 4510 1970 4583 item

409 4631 601 4705 'Beniamin
647 4631 792 4706 militem
833 4632 985 4726 captivat
1029 4637 1064 4706 et
1106 4634 1142 4705 in
1179 4655 1341 4707 carcerem
1379 4637 1480 4726 alque
1521 4633 1655 4708 uincula
1695 4631 1852 4704 coniicit:
1890 4651 1971 4723 quos

419 4753 567 4826 omnium
596 4753 831 4828 aestimatione
857 4753 1064 4827 exstinxisse
1091 4754 1258 4845 creditus,
1288 4755 1378 4829 vitae
1405 4757 1541 4828 tandem
1570 4760 1605 4828 et
1632 4753 1783 4828 libertati
1813 4751 1970 4826 reddidit.

530 5065 554 5145 ¹)
578 5067 715 5141 profugas
742 5067 812 5128 Ood.
837 5069 928 5127 Roar.
965 5065 990 5144 ⁹)
1015 5067 1243 5126 obtrectationes
1270 5067 1341 5128 Ood.
1365 5069 1457 5128 Roar.
1492 5065 1519 5144 3)
1542 5073 1639 5127 autern
1666 5063 1736 5128 Cori.
1760 5067 1854 5126 Roas.
1892 5063 1919 5142 4)
1941 5067 1971 5124 in

419 5170 496 5232 deest
511 5173 546 5232 iu
573 5171 643 5232 doc.
667 5170 742 5232 Aac.
767 5168 794 5248 ⁶)
817 5171 899 5230 Duce
922 5172 1000 5230 deest
1023 5173 1057 5230 ia
1083 5171 1153 5232 Ood.
1178 5169 1251 5230 Aut.
1277 5169 1304 5247 ⁶)
1326 5173 1490 5231 Niemezioz
1517 5171 1588 5232 Ood.
1611 5173 1703 5232 Roar.
