4208 6282
149 577 198 673 (Α.
215 571 262 650 D'.
282 569 398 673 1170.)
742 597 853 649 urana
880 595 1050 660 cernuus.
1620 569 1666 651 ‘dl

144 783 312 880 Gregorius
338 784 638 861 Suantboslcuicai
659 786 692 880 ¹).
720 786 766 860 Et
791 784 1020 862 obsidentibus
1038 783 1186 861 Ducibus
1206 783 1369 883 praetatis
1395 785 1510 882 Kpou,
1538 785 1669 860 clandit

143 933 173 986 so
195 907 367 982 listislaus
401 908 608 984 Israslauicn
640 909 675 982 in
702 930 787 1000 arce,
825 909 979 1004 pluribus
1015 908 1131 983 diebus
1167 908 1315 983 tolerans
1350 907 1573 997 obsidionem;
1610 909 1668 983 sed

142 1036 254 1108 famem
280 1054 346 1106 nou
373 1032 530 1122 tolerans,
559 1054 602 1106 ex
628 1032 733 1127 Kyow
759 1055 833 1107 oum
860 1033 965 1117 fratre
991 1053 1050 1106 suo
1077 1032 1113 1106 et
1138 1029 1254 1125 paucis
1277 1029 1454 1106 comitibus
1481 1031 1517 1106 in
1534 1031 1667 1107 Wladi·
1719 1047 1723 1057 ·

142 1154 265 1230 mittam
290 1153 420 1249 effugit.
447 1156 562 1240 Duces
583 1156 695 1229 autern
722 1176 797 1230 aree
824 1153 934 1249 potiti,
963 1155 1147 1229 consortem
1174 1151 1319 1228 Mstislai
1343 1140 1380 1228 ‘et
1406 1153 1515 1228 filium
1542 1157 1577 1230 ot
1603 1153 1666 1228 mi-

141 1277 211 1352 lites
236 1275 430 1370 captiuaut3
458 1276 680 1372 Kyoriensem
708 1278 820 1352 autem
847 1275 1018 1352 civitatem
1045 1276 1127 1352 dant
1158 1275 1324 1352 militibus
1351 1275 1385 1350 in
1412 1276 1581 1371 praedam,
1609 1276 1668 1368 qui

140 1424 199 1475 non
223 1399 336 1474 domos
352 1400 582 1475 tantummodo
600 1399 721 1474 ciuium
736 1399 773 1493 Ἰ),
803 1399 859 1481 sed
886 1401 920 1474 ot
944 1397 1040 1474 aedes
1059 1421 1181 1490 sacras,
1198 1398 1464 1492 monasteriaque
1490 1397 1666 1494 diripiunt.

139 1523 234 1596 locat
261 1525 373 1596 autem
400 1521 574 1636 Metiplaus
602 1520 833 1597 Andrueouicn
860 1525 1018 1616 patruum
1045 1543 1142 1596 suum
1168 1523 1257 1598 Hleb
1284 1521 1319 1596 iu
1337 1522 1453 1619 Kpow,
1482 1521 1539 1617 qui
1558 1521 1668 1598 sedern

139 1644 225 1720 illius
252 1645 382 1738 nactus,
409 1643 566 1721 filiosuo
593 1645 896 1720 Pereaslariensem
923 1644 1068 1721 contulit
1094 1643 1338 1742 Principatum.

151 2015 316 2090 wernerus
343 2014 514 2108 epiecopus
540 2015 725 2089 llocrenale
753 2033 849 2108 opero
875 2017 1030 2090 delectae.
1052 2016 1222 2090 castellani
1248 2015 1447 2091 Viennensis
1475 2015 1644 2128 occiditur,
1760 2011 1767 2020 '

455 2141 552 2230 atque
579 2139 620 2210 ol
648 2137 681 2209 ld
708 2139 907 2212 castellanus
934 2139 1003 2230 lpee
1030 2139 1156 2230 publius
1184 2141 1350 2212 crematur.

232 2378 415 2454 Obtinebat
440 2402 479 2455 ca
504 2381 705 2476 tempestato
731 2381 767 2456 iu
795 2403 920 2456 annum
948 2381 1105 2474 quartum
1132 2380 1295 2457 decimum
1322 2382 1535 2458 Ploczensem
1562 2383 1667 2457 eoele-

134 2502 214 2576 siam
240 2503 293 2576 vir
320 2499 479 2577 mirificus
506 2503 697 2596 Wernerus,
726 2506 761 2578 et
788 2503 972 2579 deuotionis
991 2503 1026 2577 in
1045 2505 1151 2579 Deum
1178 2501 1324 2599 rarae³),
1353 2506 1388 2580 et
1413 2503 1502 2580 uitae
1528 2503 1667 2596 nitidae,

133 2626 282 2721 integrae
300 2627 401 2718 atque
420 2624 608 2720 religiosae,
637 2625 774 2722 egregia
800 2625 903 2700 animi
922 2627 1054 2722 pollens
1071 2626 1197 2702 virtute
1216 2627 1318 2720 atque
1337 2627 1515 2722 probitate,
1544 2627 1667 2703 doctri-

133 2770 173 2823 ua
198 2747 338 2843 insuper
363 2747 511 2843 eleganti
538 2770 612 2822 oum
640 2771 769 2823 summa
794 2749 1006 2825 humanitate
1032 2731 1220 2825 coniuncta.
1254 2751 1290 2824 Is
1317 2773 1391 2826 cum
1418 2749 1536 2825 villam
1563 2750 1667 2826 eccle·

131 2871 197 2945 siae
224 2892 306 2945 suae
332 2869 522 2946 Plocaensis
548 2870 701 2946 Karsnko
735 2875 885 2947 vocatam
921 2874 1104 2967 asatrapa
1128 2871 1294 2948 Maeoniae
1320 2873 1458 2948 Bolesta
1483 2873 1668 2948 castellano

131 2991 334 3084 Wisaueusi,
362 3015 422 3088 pro
449 2992 574 3089 insigni
601 3015 768 3069 armorum
796 2996 954 3070 babatum
981 2994 1160 3087 deferente,
1188 2997 1259 3069 tam
1286 2984 1427 3087 diuitiis,
1456 3017 1556 3088 quam
1583 2993 1666 3070 ami·

130 3115 176 3189 cis
201 3116 351 3210 potente,
380 3115 525 3210 primum
552 3116 675 3210 invadi,
704 3117 747 3192 ad
773 3119 960 3193 extremum
987 3116 1140 3213 occupari
1167 3117 1336 3210 sensisset,
1365 3116 1534 3214 personali
1559 3119 1595 3192 et
1612 3119 1668 3193 bo-

128 3239 232 3333 nigna
259 3237 406 3333 primum
433 3238 668 3332 admonitione,
698 3239 815 3316 deinde
841 3263 902 3336 per
919 3239 1043 3316 amicos
1069 3261 1259 3316 communes
1285 3241 1373 3336 apud
1399 3240 1497 3314 illum
1519 3239 1601 3337 egit,
1630 3242 1670 3316 ut

129 3359 275 3456 propriis
303 3361 489 3454 contentus,
527 3364 650 3438 sortem
676 3365 744 3438 Deo
771 3363 917 3438 dicatam
948 3361 1124 3440 desisteret
1158 3384 1331 3459 usurpare,
1367 3362 1508 3439 ultionis
1535 3361 1668 3438 divinae

128 3483 300 3574 iudicium,
330 3483 358 3558 si
388 3483 423 3558 in
450 3485 618 3580 proposito
654 3487 930 3580 perseuerandum
965 3485 1110 3578 duceret,
1149 3509 1213 3560 uon
1250 3507 1421 3561 euasurus.
1466 3484 1514 3560 At
1540 3485 1599 3560 illo
1626 3509 1669 3560 cx

126 3605 363 3681 adhortatione
390 3605 580 3682 huiusmodi
608 3605 806 3683 insolentior
832 3610 952 3702 factus,
981 3610 1080 3704 plura
1107 3608 1244 3704 insuper
1271 3631 1316 3701 se,
1345 3608 1374 3682 si
1394 3607 1585 3704 impetatur,
1614 3630 1668 3682 oc·

125 3731 329 3823 eupatorem
356 3731 391 3804 ot
417 3729 457 3805 de
483 3729 637 3826 episcopo
664 3731 825 3807 Wernero
852 3734 1003 3807 extrema
1030 3731 1197 3827 supplicia
1223 3733 1445 3826 sumpturum,
1466 3729 1667 3826 respondet.

125 3849 332 3945 Intelligens
358 3849 480 3944 itaque
498 3853 683 3929 Wernerus
702 3853 876 3949 episcopus
895 3853 1092 3930 modestiam
1119 3877 1214 3928 suarm
1240 3853 1329 3949 apud
1356 3851 1522 3948 hominem
1550 3874 1668 3927 sensus

124 3973 256 4067 reprobi
285 3976 322 4049 et
347 3974 529 4050 ambitione
555 3977 692 4068 caecati,
721 3978 850 4052 nullius
877 4000 957 4052 usus
985 3979 1054 4052 fore
1080 3979 1115 4052 at
1147 3975 1390 4052 admonitiones
1416 3999 1494 4050 sues
1521 3977 1668 4050 contem

124 4097 219 4188 ptum
247 4095 305 4189 iri,
334 4095 370 4171 in
396 4097 449 4172 ius
474 4097 572 4172 illum
600 4099 813 4196 municipale,
842 4100 931 4192 quod
957 4100 1142 4175 vocitamus
1169 4100 1338 4189 terrestre,
1367 4098 1545 4194 pertraxit,
1574 4097 1664 4174 oxis-

123 4216 248 4293 timans
276 4241 360 4294 suae
386 4219 549 4295 avaritiae
576 4221 748 4296 molimina
763 4222 791 4317 ⁴)
816 4223 870 4298 uel
897 4222 980 4296 iuris
1007 4221 1116 4317 rigore
1142 4243 1238 4318 posse
1273 4221 1407 4296 retundi
1423 4221 1462 4317 ⁵).
1492 4220 1667 4295 Ventilato

123 4341 237 4414 autem
265 4340 401 4432 iudicio,
430 4342 509 4416 dum
536 4341 571 4418 iu
598 4363 700 4418 causa
726 4367 792 4419 non
819 4343 920 4419 dubia
947 4343 1048 4419 iudex
1074 4347 1207 4439 tempus
1233 4341 1298 4419 teri
1325 4366 1391 4418 non
1410 4365 1541 4439 passus,
1569 4343 1667 4419 Wer·

124 4484 241 4537 uerum
269 4463 462 4559 episcopum
489 4467 741 4560 pronuntiasset
766 4466 936 4558 uictorem,
966 4469 1000 4541 et
1026 4467 1124 4540 illum
1152 4465 1284 4541 decreto
1311 4487 1371 4540 suo
1398 4465 1433 4539 in
1459 4465 1561 4541 uillae
1579 4465 1670 4540 Kar-

123 4586 200 4659 sake
228 4608 291 4680 per
320 4586 428 4662 scelus
446 4589 481 4662 ot
498 4587 714 4681 iniquitatem
740 4587 896 4681 Bolcstao
923 4589 1056 4664 ablatae
1083 4587 1322 4683 possessionem
1349 4587 1505 4680 misisset,
1533 4588 1670 4664 Bolesta

122 4709 247 4783 extunc
276 4707 380 4783 bilem
407 4731 472 4783 uon
499 4711 691 4805 temperans
726 4713 761 4786 et
791 4713 890 4806 plura
917 4711 952 4785 in
979 4711 1168 4806 praesulem
1194 4711 1329 4785 beatum
1357 4709 1431 4785 iura
1457 4733 1536 4786 suae
1562 4711 1668 4786 ecele-

121 4829 189 4903 siae
215 4829 454 4906 defendentem
481 4831 663 4908 maledicta
689 4855 854 4925 evomens,
891 4833 934 4908 ad
960 4833 1194 4908 trucidandum
1230 4831 1422 4928 episcopum
1459 4832 1607 4907 animum
1634 4835 1669 4908 et

120 4953 260 5028 conatus
290 4976 405 5028 omnes
431 4953 589 5046 destinat,
617 4956 847 5050 oportunitate
875 4957 965 5047 data,
994 4955 1242 5051 quamprimum
1270 4954 1480 5050 destinata⁶l
1506 4958 1668 5031 executu-

119 5094 186 5148 τοο.
216 5075 306 5150 Erat
332 5075 430 5171 illie
456 5099 531 5152 cum
558 5078 774 5154 Prutheniois
802 5078 934 5175 populis
953 5077 1141 5154 idololatris
1156 5077 1194 5174 8),
1224 5080 1258 5154 οῦ
1277 5079 1318 5153 οῦ
1336 5076 1558 5174 propinquam
1585 5077 1666 5154 uici·

228 5370 253 5450 ¹)
277 5373 538 5448 Swantopellrowic
560 5376 619 5436 Ed.
642 5377 737 5437 Βοῦν.
773 5373 801 5455 ²)
818 5378 1022 5437 canonicorum
1044 5377 1103 5435 Ed.
1126 5376 1220 5436 Βοῦν.
1256 5372 1283 5453 ³)
1307 5376 1461 5450 singularis
1488 5373 1557 5435 θοοῦ.
1575 5375 1669 5435 Reae.

123 5469 148 5552 ⁴)
168 5477 332 5552 ingluviem
354 5479 413 5539 Ed.
435 5479 528 5539 Βοῦν.
564 5475 590 5556 ³)
606 5480 751 5542 conlundi.
768 5482 827 5541 Ed.
844 5481 938 5541 Βοῦν.
973 5476 1000 5557 ⁶)
1022 5480 1187 5540 institutum
1212 5478 1281 5543 Ood.
1298 5481 1388 5545 Reor.
1412 5479 1593 5555 propositum
1608 5479 1667 5539 Ed.

126 5581 219 5646 Βοῦν.
256 5581 446 5664 ⁷)Bolestac
471 5582 542 5650 (lod.
564 5585 654 5649 aaa.
690 5582 893 5664 ⁸)idolatriae
916 5585 1022 5650 deditis
1044 5585 1104 5648 Ed.
1126 5584 1220 5648 Dobr.
