4162 6288
398 519 474 592 452
1000 536 1112 586 nuens
1139 533 1334 586 suemuus.
1677 510 1740 604 (Α.
1758 509 1806 600 D.
1826 511 1938 607 1279.)
2067 599 2071 605 .

397 745 543 819 oorporo,
573 721 762 816 proiieiens,
792 720 919 795 vilibus
945 742 980 795 se
1007 717 1129 809 induit,
1158 719 1194 792 et
1220 716 1374 792 omnibus
1400 717 1557 810 pretiosis
1582 719 1737 811 gemmis,
1766 717 1939 794 unionibus

397 845 433 918 et
458 841 617 918 elenodiis
644 840 801 932 venditis,
830 841 866 914 in
892 839 1021 915 lisama
1048 859 1228 933 egenomm
1255 836 1454 912 recondidit.
1490 838 1660 913 Suooessit
1695 839 1850 912 Boleslao
1876 839 1937 912 Pu-

397 965 471 1040 dioo
497 983 601 1056 nepos
627 961 724 1036 illius
750 983 793 1036 ex
820 961 925 1034 fratre
952 960 1105 1054 paimolo
1131 979 1292 1053 germano
1319 956 1493 1032 Kuaimiro
1506 959 1597 1034 Duae
1615 957 1827 1053 Gupariensi,
1841 959 1935 1034 Iast-

399 1087 442 1160 lo
467 1083 575 1177 Niger
601 1080 805 1158 Siradiensis
831 1082 920 1172 Dux,
958 1083 1029 1155 tam
1056 1079 1156 1154 Pauli
1191 1077 1420 1153 Graoouiensis
1456 1077 1623 1172 episeopi,
1660 1099 1762 1171 quam
1796 1079 1941 1154 omnium

275 1272 283 1278 ,
398 1207 579 1294 baronum,
608 1201 809 1276 militarium
836 1201 995 1276 uniformi
1024 1199 1207 1290 eoncordia,
1236 1201 1272 1274 et
1298 1200 1385 1292 quod
1413 1201 1537 1274 Duoem
1564 1200 1756 1274 Boleslaum
1783 1199 1941 1273 Pudioun

399 1324 560 1400 strietiori
587 1321 883 1418 oonsanguinitate
909 1321 1120 1416 oontiugeret
1148 1322 1183 1394 et
1202 1321 1225 1414 ¹)
1252 1322 1294 1394 ab
1321 1343 1358 1394 eo
1386 1320 1568 1414 adoptatus
1594 1322 1629 1393 et
1655 1319 1854 1414 designatus
1871 1341 1940 1394 suo·

400 1467 510 1522 oessor
527 1445 650 1534 fuerat,
679 1446 714 1517 et
739 1443 828 1534 quod
855 1441 1015 1536 Priuoops
1042 1440 1134 1536 frugi
1161 1443 1196 1515 et
1222 1441 1336 1530 oomis,
1365 1441 1630 1534 Principatuque
1648 1439 1772 1534 dignus
1798 1441 1941 1532 babitus,

399 1567 527 1640 elnotus
553 1567 617 1638 est.
646 1563 787 1638 Duoissa
813 1563 931 1656 Kinga
955 1561 1104 1637 Boleslai
1132 1561 1249 1634 Pudioi
1276 1559 1406 1650 reliota‚
1435 1563 1471 1634 et
1496 1583 1518 1634 a
1544 1561 1712 1636 Lestlone
1739 1559 1847 1655 Nigro
1873 1562 1940 1634 Du·

400 1709 437 1760 oe
464 1689 499 1758 et
525 1707 546 1758 a
571 1683 752 1759 baronibus
789 1683 922 1778 magnis
958 1683 1184 1776 impetebatur
1219 1681 1543 1776 supplioationibus,
1581 1683 1621 1756 ut
1655 1681 1834 1756 Graooviae
1861 1681 1941 1758 resi-

401 1807 519 1896 dendo,
548 1826 714 1878 summam
741 1803 1028 1879 administrandae
1055 1801 1276 1896 Reipublicae
1302 1804 1499 1876 assumeret.
1536 1802 1600 1877 Sed
1629 1803 1707 1874 dum
1735 1801 1843 1876 nullis
1870 1825 1942 1896 pre·

399 1927 493 2001 oibus
522 1927 635 2019 posset
660 1923 862 2018 expugnari,
890 1924 1084 2018 geminatus
1110 1924 1203 1997 dolor
1229 1924 1319 2017 apud
1345 1922 1589 1998 aeclesiasticos
1617 1925 1652 1997 at
1670 1923 1797 1998 milites
1815 1925 1945 1998 coortus

398 2051 461 2137 est,
490 2045 702 2136 querentium
729 2067 765 2120 se
793 2067 852 2138 pro
879 2067 945 2117 uno
972 2045 1122 2137 tempore
1148 2045 1184 2118 et
1202 2043 1328 2136 optimo
1355 2043 1531 2136 Prinoipo,
1570 2046 1605 2117 et
1641 2043 1769 2138 optima
1803 2044 1944 2139 ooniuge

401 2189 463 2242 sua
489 2167 622 2242 orbatos
648 2187 731 2240 esse.
758 2163 919 2258 Quamuis
945 2163 1112 2254 siquidem
1140 2165 1282 2238 mortem
1311 2164 1422 2236 mariti
1451 2165 1591 2238 moleste
1617 2166 1740 2254 ferret,
1770 2188 1809 2238 eo
1836 2167 1946 2240 tamen

400 2310 466 2361 uno
493 2288 676 2378 solabatur,
705 2286 793 2378 quod
820 2285 960 2360 liberius
986 2287 1077 2358 esset
1104 2284 1245 2359 Domino
1273 2285 1356 2360 ooeli
1384 2286 1424 2358 de
1442 2285 1573 2360 eaetero
1591 2285 1768 2361 servitura.
1798 2286 1946 2380 Quapro-

399 2411 475 2503 pter
501 2409 676 2500 assumpta
701 2427 812 2480 sorore
840 2429 902 2479 sna
927 2405 1083 2480 Iobeleth
1109 2405 1253 2480 Duoissa
1278 2404 1493 2496 dalissiensi,
1531 2405 1567 2479 in
1603 2407 1796 2480 eoenobium
1824 2407 1946 2482 saneti-

404 2527 602 2604 ruonialium
629 2527 856 2601 Sardeouense
895 2526 981 2601 abiit
1016 2529 1052 2601 et
1077 2526 1245 2600 residuam
1287 2526 1359 2600 illio
1394 2526 1429 2600 in
1466 2526 1620 2620 operibus
1655 2527 1801 2620 sanetis,
1841 2531 1949 2602 mults

400 2647 593 2724 sauotitatis
620 2648 825 2722 ostendendo
852 2646 1017 2742 prodigia,
1046 2647 1163 2742 exegit
1188 2649 1346 2738 aetatem,
1376 2647 1545 2722 eastitatis
1571 2651 1607 2722 et
1633 2649 1809 2742 religionis
1835 2672 1947 2726 exeru-

398 2769 456 2865 plo
483 2789 665 2865 provoeans
692 2767 806 2842 studia
832 2769 904 2842 tam
930 2768 1077 2842 virorum
1112 2791 1215 2860 quam
1249 2768 1464 2845 feminarum.
1501 2770 1587 2843 Erat
1622 2771 1736 2846 autem
1772 2771 1950 2846 Boleslaus

400 2893 480 2964 Dur
494 2889 523 2984 ²)
549 2889 601 2964 vir
619 2889 766 2964 moribus
784 2889 940 2980 olemens,
970 2891 1025 2965 sed
1053 2889 1089 2964 in
1116 2889 1282 2966 deoisioue
1309 2911 1485 2964 oaumrum
1514 2890 1637 2981 rarius,
1665 2894 1702 2966 et
1723 2893 1948 2986 aoorruptela

400 3033 576 3087 munerum
602 3031 722 3104 parum
748 3031 864 3104 purus,
893 3010 991 3085 vultu
1018 3011 1183 3105 plaoidus,
1212 3011 1361 3102 sobrius,
1389 3010 1605 3086 uenationum
1633 3033 1692 3106 pro
1711 3013 1862 3106 tempore
1879 3035 1948 3088 seo·

401 3134 503 3223 tator,
535 3130 628 3208 vitae
654 3130 782 3206 nitidae
809 3133 912 3224 atque
939 3133 1069 3221 oestuo,
1107 3134 1143 3206 et
1177 3155 1198 3206 a
1233 3131 1382 3223 Verere,
1420 3133 1641 3226 eonuoouque
1677 3132 1823 3209 feminae
1858 3156 1947 3228 pror·

400 3272 458 3326 sus
484 3251 637 3327 alienus:
665 3253 802 3347 propter
828 3251 924 3326 ouius
950 3251 1205 3346 praestantiam,
1234 3252 1417 3327 universali
1444 3253 1615 3328 sententia
1632 3253 1749 3328 Pudioi
1769 3276 1948 3348 eognomen

400 3373 552 3465 sortitus,
581 3371 776 3463 virbonus,
805 3371 933 3466 ingenii
961 3371 1136 3466 simplicis,
1165 3395 1273 3466 neque
1300 3374 1373 3446 ulla
1399 3373 1615 3450 simulatione
1642 3375 1760 3450 fuoati.

675 3733 905 3806 Wlorllborim
931 3733 963 3806 iu
991 3732 1208 3806 dresdensem
1235 3734 1511 3826 orobioplsoopuu
1538 3735 1679 3826 eligitur.

504 3970 730 4046 Substituturi
774 3970 810 4045 in
836 3973 947 4046 looum
974 3970 1114 4046 Martini
1141 3945 1347 4048 Guesueusis
1387 3972 1629 4066 arehiepisaopi
1665 3975 1829 4068 superiori
1865 3999 1951 4050 anno

403 4091 546 4182 mortui,
584 4091 690 4166 alium
726 4093 916 4186 praesulem
954 4091 1103 4166 Praelati
1137 4095 1173 4166 et
1207 4093 1365 4168 Canonioi
1396 4093 1627 4185 Gnesnenses,
1666 4095 1829 4172 electione
1864 4097 1954 4190 apud

405 4212 576 4288 Gnesuam
604 4213 793 4303 eelebrata,
822 4211 1079 4286 Wlostiborium
1117 4213 1279 4286 deoanurn
1315 4213 1563 4304 Gnesnensem,
1593 4215 1740 4288 moribus
1767 4217 1802 4290 et
1830 4239 1954 4310 genera

402 4332 568 4422 nobilem,
597 4331 633 4406 in
659 4331 947 4426 arehiepiseopum
975 4355 1034 4427 per
1061 4332 1217 4407 scrutinii
1245 4335 1387 4408 formam
1414 4335 1558 4429 eligunt.
1587 4333 1651 4428 Qui
1678 4335 1759 4410 lieet
1785 4335 1954 4432 Prineipis

401 4453 538 4526 Maioris
565 4452 724 4527 Poloniae
751 4453 947 4529 Praemislai
975 4453 1194 4544 assistentia,
1224 4454 1338 4530 favore
1364 4455 1399 4528 et
1426 4454 1667 4530 intereossione
1694 4456 1852 4548 adiutus,
1882 4457 1952 4533 eni·

403 4573 481 4646 nius
507 4593 603 4646 suam
629 4572 825 4648 eleotiouem
852 4595 912 4667 per
938 4573 1057 4649 Sedern
1083 4571 1314 4668 Apostolioam
1340 4574 1530 4649 confirmari
1556 4575 1762 4666 laborasset,
1801 4577 1954 4671 pluribus

402 4696 517 4767 taum
545 4692 795 4786 impedimentis
822 4693 920 4767 illum
947 4694 1186 4786 obruentibus,
1225 4695 1394 4788 perditum
1422 4695 1465 4768 iri
1492 4717 1570 4770 suas
1598 4697 1767 4791 impensas
1794 4701 1831 4773 et
1856 4720 1954 4773 oona·

403 4815 460 4887 tus
486 4813 625 4903 videns,
654 4812 782 4906 negotii
810 4813 863 4886 sui
890 4813 1111 4906 prosequendi
1138 4817 1174 4890 et
1199 4815 1408 4890 uoluntatem
1435 4817 1471 4889 et
1497 4816 1660 4891 fervorem
1687 4817 1816 4892 omisit.
1852 4817 1953 4892 Vide·

400 4933 460 5006 bat
486 4931 576 5007 enim
603 4933 638 5006 et
664 4932 832 5008 sentiebat
859 4933 1064 5008 Lestkonem
1099 4933 1349 5010 Umooviensem
1385 4936 1420 5010 et
1456 4933 1682 5012 Siradiensen
1719 4938 1868 5029 Dueem,
1896 4937 1952 5030 qui

402 5051 702 5147 eognomiuabatur
728 5051 846 5147 Niger,
876 5052 942 5126 iarn
969 5055 1051 5128 tune
1077 5053 1191 5148 Regni
1218 5053 1377 5128 Poloniae
1414 5055 1650 5147 blouaroham,
1689 5056 1855 5132 infestum
1890 5057 1954 5132 sibi

404 5171 631 5247 adversarium
657 5172 738 5263 fore,
766 5194 842 5248 oum
869 5195 935 5266 quo
962 5175 997 5248 et
1023 5173 1165 5250 eaeteris
1199 5173 1348 5250 Dueibus
1383 5175 1562 5268 Polouiae,
1600 5175 1658 5270 qui
1685 5198 1761 5252 oum
1787 5177 1954 5256 lestkone

522 5446 545 5527 ¹)
569 5453 599 5508 et
621 5449 699 5523 quod
720 5449 781 5513 Ed.
803 5449 890 5526 Lipo.
914 5447 941 5527 ²)
963 5449 1090 5510 Podions
1118 5448 1189 5512 uod.
1211 5450 1303 5512 Roar.
