4192 6272
410 523 485 596 458
1014 538 1126 590 arnna
1153 535 1347 592 snarnuus.
1694 511 1762 610 (Α.
1782 510 1828 586 D.
1848 509 1962 608 1281.)

410 730 505 804 arcta
532 725 702 801 affinitate
729 723 951 820 contingeret,
989 746 1064 798 oum
1092 724 1241 798 modesto
1268 721 1488 797 familiarium
1508 723 1543 796 at
1560 721 1709 796 militum
1727 743 1864 795 numero
1882 742 1962 795 con-

411 850 564 926 veniunt.
592 847 760 922 Hannious
788 849 901 922 autern
928 847 1222 922 Wratislaviensis
1249 847 1337 936 Dux,
1367 845 1431 918 etsi
1458 846 1569 920 dolore
1597 843 1730 938 ingenti
1749 845 1907 938 ageretur
1926 844 1962 935 ¹),

410 971 497 1062 quod
526 969 699 1063 pauciores
726 991 827 1061 quam
853 968 965 1042 animo
993 967 1233 1058 destinaverat,
1249 967 1423 1061 Principes
1452 968 1494 1040 ad
1522 987 1615 1040 suoru
1644 967 1820 1060 capturam
1842 985 1964 1038 conve-

410 1093 552 1182 dissent,
582 1115 650 1164 non
677 1090 814 1166 distulit
841 1069 956 1164 tamon
983 1089 1170 1184 cogitatum
1198 1089 1319 1179 exequi
1347 1089 1498 1178 facinus,
1536 1089 1593 1163 sed
1620 1087 1790 1182 praelatos
1825 1084 1964 1160 Maioris

410 1212 580 1301 Poloniao,
609 1210 870 1305 Legniczensem
898 1213 932 1284 at
960 1210 1217 1304 Glogoviensom
1244 1211 1365 1300 Duces,
1396 1211 1431 1283 et
1458 1210 1529 1283 iure
1556 1208 1694 1302 hospitii
1722 1210 1757 1282 at
1788 1207 1859 1280 iura
1875 1228 1962 1300 gan-

409 1335 508 1424 tium,
537 1333 610 1406 iura
639 1355 771 1424 quoque
808 1331 921 1405 divino
949 1333 983 1404 at
1009 1333 1156 1405 humano
1184 1332 1381 1424 profanato,
1420 1329 1527 1425 primo
1568 1331 1732 1404 adventus
1767 1339 1879 1414 eorum
1908 1326 1964 1400 die

410 1456 520 1529 locum
548 1453 681 1528 consilii
709 1454 888 1547 ingressos,
917 1454 1079 1527 scelerate
1106 1476 1165 1547 per
1192 1475 1227 1526 se
1255 1455 1289 1527 at
1316 1452 1444 1526 milites
1471 1473 1558 1542 suos,
1588 1473 1671 1542 quos
1698 1451 1732 1524 in
1760 1449 1878 1545 grandi
1898 1472 1964 1521 nu·

413 1598 501 1650 mero
529 1597 641 1649 secum
668 1575 849 1648 advexerat
864 1574 902 1666 ²),
931 1573 1093 1667 captivat,
1122 1575 1156 1648 et
1184 1575 1299 1667 captos
1328 1574 1362 1646 in
1382 1573 1639 1648 Wratislaviam
1660 1572 1829 1662 deductos,
1848 1571 1966 1644 arctae

410 1696 582 1771 custodiae
609 1697 644 1769 et
670 1694 816 1770 vinculis
843 1693 1049 1788 singillatim
1078 1693 1234 1768 includit.
1263 1694 1351 1787 Quos
1378 1717 1453 1770 curu
1481 1717 1587 1785 usque
1615 1693 1657 1767 ad
1684 1693 1809 1768 fastum
1836 1693 1962 1765 Pente·

410 1819 517 1892 costes
544 1817 675 1891 vinctos
703 1817 904 1906 observaret,
933 1817 968 1890 et
996 1815 1114 1888 multis
1140 1815 1354 1909 Principibus
1382 1838 1444 1910 pro,
1468 1837 1581 1890 eorum
1608 1814 1816 1888 relaxatione
1834 1811 1966 1904 fatigas

410 1941 446 2012 et
472 1937 656 2011 instantias
682 1959 760 2010 suas
788 1936 1081 2030 interponentibus
1118 1937 1206 2009 nihil
1248 1935 1389 2010 modesti
1425 1937 1659 2030 responderet,
1696 1935 1822 2008 Lastlro
1856 1933 1967 2028 Niger

412 2043 650 2148 cracoviensis,
680 2056 961 2131 Sandomiriensis
988 2059 1022 2131 et
1049 2056 1251 2132 Siradiensls
1278 2057 1367 2147 Dur,
1396 2056 1513 2129 fratris
1540 2057 1592 2129 sui
1611 2054 1810 2130 Prnamislai
1827 2052 1967 2128 blaioris
2010 2049 2013 2057 '

411 2178 568 2254 Poloniae
595 2177 697 2252 Ducis
723 2178 977 2268 liberationem,
1015 2200 1116 2269 quam
1144 2179 1298 2272 precibus
1325 2180 1360 2252 at
1387 2177 1682 2252 intercessionibus
1709 2175 1905 2268 nequiverat
1920 2171 1964 2267 ³),

411 2300 514 2374 armis
541 2301 730 2390 effecturus,
759 2321 834 2372 cum
861 2299 1015 2374 omnibus
1041 2299 1111 2372 suia
1139 2302 1174 2372 et
1199 2301 1365 2376 terrarum
1402 2321 1537 2372 suarum
1577 2297 1724 2392 copiis⁴l
1769 2297 1804 2370 in
1830 2295 1965 2370 Wrati-

411 2421 612 2496 slaviensam
639 2423 764 2495 terram
791 2421 974 2495 descendit.
1003 2421 1063 2494 cui
1090 2420 1283 2515 blsanngius
1310 2419 1526 2494 Pomeraniae
1553 2421 1642 2510 Dux,
1667 2418 1749 2493 item
1767 2439 1878 2492 omnes
1896 2416 1965 2489 mi·

412 2543 492 2618 litas
519 2541 657 2616 Maioris
684 2541 862 2632 Poloniao,
892 2541 1050 2615 solatium
1066 2541 1095 2635 ⁶)
1122 2542 1338 2635 praestituri,
1368 2541 1563 2616 adveniunt.
1591 2539 1731 2634 Triplici
1759 2539 1871 2631 itaqua
1897 2559 1965 2632 ag-

412 2664 502 2738 mine
528 2663 846 2741 Wratislaviensem
872 2665 998 2736 terram
1025 2663 1219 2757 ingressus
1248 2685 1321 2737 eam
1348 2663 1467 2756 spoliis
1494 2661 1629 2737 conficit
1655 2663 1691 2736 at
1715 2659 1897 2749 incendiis,
1925 2661 1967 2732 et

412 2785 559 2860 omnium
586 2785 788 2859 Polonorum
816 2786 968 2878 pectora,
998 2784 1089 2858 iusta
1116 2807 1175 2878 pro
1202 2785 1306 2858 Ducis
1333 2784 1385 2858 sui
1414 2784 1611 2857 Praemislai
1647 2781 1845 2878 captivitate
1871 2779 1965 2853 indi-

412 2929 482 3002 gna
508 2907 742 2982 effervescente
768 2905 831 2997 ira,
859 2907 960 3000 plura
987 2906 1137 2981 crudelia
1163 2906 1309 2980 eduntur
1345 2905 1506 2980 facinora.
1543 2905 1640 2979 Nulli
1677 2903 1841 2996 siquidem
1873 2903 1964 2979 vico,

412 3028 501 3102 nulli
528 3027 669 3122 oppido,
699 3027 786 3120 quod
813 3030 875 3102 sub
902 3026 1043 3102 Henrioi
1070 3027 1365 3105 Wratislaviensis
1401 3027 1504 3102 Ducis
1517 3027 1546 3121 6)
1582 3027 1709 3102 ditione
1745 3027 1963 3116 consistebat,

412 3171 550 3244 parsum
577 3151 640 3240 ast,
669 3150 728 3222 sed
754 3148 910 3223 universo
936 3148 1213 3224 wratislaviensi
1240 3149 1373 3224 Ducatu
1400 3149 1545 3223 fiammis
1572 3151 1663 3239 dato,
1691 3148 1794 3224 etiam
1821 3147 1856 3222 in
1882 3148 1964 3221 sub·

412 3271 541 3344 urbana
567 3268 862 3344 Wratislaviensia
889 3269 1067 3344 saevitum.
1093 3271 1239 3345 Sancum
1262 3272 1379 3343 tamen
1410 3269 1550 3344 Hanrici
1583 3268 1874 3346 Wratislaviensis
1890 3269 1962 3342 Du-

414 3391 473 3483 cis,
503 3392 538 3464 et
563 3390 770 3465 obstinatum
798 3394 917 3485 pectus
945 3413 1052 3483 nequo
1078 3393 1131 3465 tot
1158 3391 1312 3466 incendia
1339 3390 1375 3464 in
1403 3393 1583 3486 conspectu
1611 3394 1654 3465 ab
1686 3413 1725 3465 so
1743 3391 1828 3482 visa,
1856 3409 1964 3482 neque

412 3533 547 3588 suorum
576 3511 725 3586 militum
751 3515 786 3587 et
813 3513 1023 3587 subditorum
1051 3513 1180 3586 frustra
1206 3533 1303 3587 suam
1330 3537 1426 3608 opem
1463 3507 1693 3607 flagitantium
1721 3512 1822 3587 fletus
1849 3513 1885 3584 at
1909 3511 1962 3583 la·

412 3636 537 3725 manta,
566 3634 619 3708 val
647 3634 688 3708 ad
715 3635 949 3730 opponendum
976 3633 1214 3727 resistentiam,
1243 3635 1297 3710 vel
1316 3635 1358 3709 ad
1384 3635 1644 3729 componendam
1671 3653 1786 3728 pacem
1812 3633 1849 3707 et
1874 3631 1962 3706 rala—

413 3755 563 3829 randum
590 3755 759 3849 captivos,
787 3755 973 3848 liquescere
999 3758 1204 3850 potuerunt,
1242 3756 1325 3848 quin
1352 3757 1387 3829 in
1415 3755 1584 3850 proposito
1611 3777 1671 3829 suo
1697 3758 1823 3828 bonore
1849 3773 1962 3847 perse·

414 3897 553 3967 vorans,
582 3899 690 3970 neque
716 3899 792 3951 curn
819 3877 915 3951 hosta
942 3877 1115 3953 decernere
1129 3877 1178 3971 7),
1216 3877 1402 3971 potentiam
1438 3877 1596 3951 hostilem
1623 3877 1659 3950 et
1686 3897 1822 3950 suorum
1849 3895 1963 3949 casum

413 3997 552 4089 veritus,
581 4019 689 4090 nequa
716 4019 851 4071 suorum
879 3997 1028 4072 militum
1056 4021 1122 4072 non
1149 4001 1221 4071 tarn
1248 3997 1442 4092 lachrymis,
1472 4019 1572 4090 quam
1610 3997 1712 4072 variis
1746 3994 1963 4071 contumeliis

412 4118 447 4192 et
474 4117 760 4212 increpationibus
789 4118 888 4191 illum
915 4140 975 4212 pro
1003 4117 1131 4191 iniusta
1166 4119 1296 4192 Ducum
1333 4117 1533 4212 captivitate
1562 4117 1823 4208 innascentium,
1853 4115 1964 4210 potuit

413 4239 455 4312 ad
481 4239 744 4333 compassionem
771 4241 832 4312 aut
858 4239 900 4311 ad
928 4240 1135 4331 aequitatem
1163 4239 1301 4314 inflecti.
1339 4239 1409 4333 Quo
1437 4239 1472 4311 iu
1499 4261 1561 4315 sua
1588 4237 1773 4313 obstinatia
1809 4258 1961 4331 persana

413 4361 520 4449 rante,
548 4360 675 4434 Lestlro
701 4359 808 4453 Niger
834 4359 1073 4450 draeoviensia
1102 4359 1382 4434 Sandomiriensis
1408 4363 1442 4433 ot
1469 4359 1671 4434 Siradionsis
1697 4361 1787 4450 Dux,
1807 4359 1963 4432 universo

412 4479 690 4556 Wratislaviensi
716 4481 849 4554 Ducatu
875 4479 911 4552 in
938 4479 1094 4554 favillam
1121 4481 1273 4571 redacto,
1311 4484 1346 4554 at
1380 4481 1504 4574 praeda
1539 4480 1672 4574 ingenti
1708 4481 1749 4553 de
1785 4499 1904 4572 peoora
1928 4479 1963 4551 ct

413 4598 557 4673 aliarum
584 4621 696 4674 rorum
724 4601 930 4695 supellectili
957 4602 1135 4694 congesta,
1174 4601 1209 4674 in
1238 4605 1344 4676 terras
1371 4623 1468 4692 suas,
1506 4601 1653 4676 Henrico
1688 4597 1963 4676 Wratislaviensi

414 4719 507 4794 Duco
534 4720 570 4794 in
598 4725 707 4796 castro
734 4721 1008 4798 Wratislaviensi
1035 4745 1070 4796 sa
1097 4723 1300 4814 continente,
1330 4723 1442 4797 rediit.
1471 4725 1580 4797 Duces
1607 4724 1720 4796 autam
1747 4720 1807 4812 qni
1835 4717 1962 4814 captivi

413 4841 455 4915 ab
482 4841 627 4916 Honrico
654 4843 867 4934 tenebantur,
897 4841 1069 4917 molestias
1096 4841 1308 4936 captivitatis
1335 4843 1513 4917 diuturnae
1539 4843 1685 4934 evasuri,
1714 4863 1790 4916 cum
1818 4840 1880 4914 illo
1907 4860 1963 4933 per

410 4963 511 5057 pacta
538 4961 578 5035 de
605 4963 804 5038 liberatione
831 4985 893 5036 sua
919 4963 1134 5038 conveniunt.
1174 4963 1219 5037 Et
1245 4986 1265 5036 a
1292 4965 1494 5039 Praemislao
1530 4963 1664 5056 quidem
1699 4961 1838 5036 Maioris
1865 4961 1961 5034 Polo-

526 5251 550 5332 ¹)
582 5263 739 5331 angeretur
772 5256 842 5319 Ood.
866 5257 958 5318 Roas.
995 5256 1021 5336 Ω)
1052 5257 1216 5320 adduxerat
1250 5261 1322 5323 Coei.
1345 5259 1437 5322 Roar.
1473 5255 1499 5338 3)
1523 5257 1656 5322 obtinere
1686 5260 1861 5332 nequiverat
1893 5255 1961 5318 coa.

413 5357 505 5420 noar.
542 5353 568 5436 ⁴)
591 5361 731 5434 potentiis
765 5361 835 5423 Ood.
867 5364 958 5423 Roas.
995 5359 1021 5440 ὖ)
1044 5366 1182 5424 auxilium
1217 5366 1287 5427 Ood.
1318 5367 1410 5426 Roar.
1448 5361 1474 5442 θ)
1496 5365 1588 5424 Ducis
1618 5364 1696 5425 deest
1727 5365 1764 5422 ia
1795 5360 1867 5426 aaa
1890 5360 1960 5423 Aac.

416 5459 442 5548 7)
465 5463 618 5524 decertare
644 5463 714 5528 θοι).
738 5463 831 5526 Roar.
