<?xml version="1.0" encoding="UTF-8"?>
<!DOCTYPE html PUBLIC "-//W3C//DTD XHTML 1.0 Transitional//EN"
    "http://www.w3.org/TR/xhtml1/DTD/xhtml1-transitional.dtd">
<html xmlns="http://www.w3.org/1999/xhtml" xml:lang="en" lang="en">
 <head>
  <title>
</title>
<meta http-equiv="Content-Type" content="text/html;charset=utf-8" />
  <meta name='ocr-system' content='tesseract 3.04.00' />
  <meta name='ocr-capabilities' content='ocr_page ocr_carea ocr_par ocr_line ocrx_word'/>
</head>
<body>
  <div class='ocr_page' id='page_1' title='image "./operaomnia02paulgoog_0256.png"; bbox 0 0 4172 6278; ppageno 0'>
   <div class='ocr_carea' id='block_1_1' title="bbox 384 471 1933 633">
    <p class='ocr_par' dir='ltr' id='par_1_1' title="bbox 384 471 1933 633">
     <span class='ocr_line' id='line_1_1' title="bbox 384 471 1933 633; baseline 0 -26"><span class='ocrx_word' id='word_1_1' title='bbox 384 533 460 608; x_wconf 80' lang='lat'>240</span> <span class='ocrx_word' id='word_1_2' title='bbox 1019 553 1131 605; x_wconf 83' lang='lat' dir='ltr'>nrnnu</span> <span class='ocrx_word' id='word_1_3' title='bbox 1157 551 1310 606; x_wconf 85' lang='lat' dir='ltr'>snxuus.</span> <span class='ocrx_word' id='word_1_4' title='bbox 1442 471 1445 476; x_wconf 13' lang='lat' dir='ltr'>v</span> <span class='ocrx_word' id='word_1_5' title='bbox 1650 527 1719 633; x_wconf 88' lang='grc' dir='ltr'>(Α.</span> <span class='ocrx_word' id='word_1_6' title='bbox 1738 528 1786 606; x_wconf 82' lang='lat' dir='ltr'>D.</span> <span class='ocrx_word' id='word_1_7' title='bbox 1805 525 1933 632; x_wconf 78' lang='grc'><strong>1233.)</strong></span> 
     </span>
    </p>
   </div>
   <div class='ocr_carea' id='block_1_2' title="bbox 382 736 1934 833">
    <p class='ocr_par' dir='ltr' id='par_1_2' title="bbox 382 736 1934 833">
     <span class='ocr_line' id='line_1_2' title="bbox 382 736 1934 833; baseline 0 -17"><span class='ocrx_word' id='word_1_8' title='bbox 382 741 488 816; x_wconf 84' lang='lat' dir='ltr'>berbe</span> <span class='ocrx_word' id='word_1_9' title='bbox 513 737 682 814; x_wconf 88' lang='lat' dir='ltr'>deduntur</span> <span class='ocrx_word' id='word_1_10' title='bbox 709 737 745 812; x_wconf 91' lang='lat' dir='ltr'>et</span> <span class='ocrx_word' id='word_1_11' title='bbox 771 736 1033 833; x_wconf 78' lang='lat' dir='ltr'>consignantur:</span> <span class='ocrx_word' id='word_1_12' title='bbox 1067 737 1125 830; x_wconf 90' lang='lat' dir='ltr'>qui</span> <span class='ocrx_word' id='word_1_13' title='bbox 1153 738 1289 824; x_wconf 83' lang='lat' dir='ltr'>illorum</span> <span class='ocrx_word' id='word_1_14' title='bbox 1317 736 1563 832; x_wconf 91' lang='lat' dir='ltr'>possessionem</span> <span class='ocrx_word' id='word_1_15' title='bbox 1589 738 1719 832; x_wconf 78' lang='lat' dir='ltr'>noctus,</span> <span class='ocrx_word' id='word_1_16' title='bbox 1748 739 1852 815; x_wconf 85' lang='lat' dir='ltr'>etium</span> <span class='ocrx_word' id='word_1_17' title='bbox 1879 761 1934 817; x_wconf 86' lang='lat' dir='ltr'>co·</span> 
     </span>
    </p>
   </div>
   <div class='ocr_carea' id='block_1_3' title="bbox 343 859 1934 1078">
    <p class='ocr_par' dir='ltr' id='par_1_3' title="bbox 343 859 2079 1078">
     <span class='ocr_line' id='line_1_3' title="bbox 383 859 1933 958; baseline 0.001 -22"><span class='ocrx_word' id='word_1_18' title='bbox 383 863 457 938; x_wconf 86' lang='lat' dir='ltr'>stru</span> <span class='ocrx_word' id='word_1_19' title='bbox 483 860 644 937; x_wconf 78' lang='lat' dir='ltr'>demolita</span> <span class='ocrx_word' id='word_1_20' title='bbox 670 861 705 934; x_wconf 93' lang='lat' dir='ltr'>et</span> <span class='ocrx_word' id='word_1_21' title='bbox 731 859 949 958; x_wconf 75' lang='lat' dir='ltr'>conflagrata,</span> <span class='ocrx_word' id='word_1_22' title='bbox 982 859 1140 935; x_wconf 85' lang='lat' dir='ltr'>uidelicet</span> <span class='ocrx_word' id='word_1_23' title='bbox 1168 860 1282 935; x_wconf 85' lang='lat' dir='ltr'>Srzem</span> <span class='ocrx_word' id='word_1_24' title='bbox 1309 861 1344 935; x_wconf 90' lang='lat' dir='ltr'>et</span> <span class='ocrx_word' id='word_1_25' title='bbox 1371 861 1472 957; x_wconf 75' lang='lat' dir='ltr'>Bnpn</span> <span class='ocrx_word' id='word_1_26' title='bbox 1498 859 1608 936; x_wconf 88' lang='lat' dir='ltr'>reficit</span> <span class='ocrx_word' id='word_1_27' title='bbox 1634 861 1669 936; x_wconf 88' lang='lat' dir='ltr'>et</span> <span class='ocrx_word' id='word_1_28' title='bbox 1694 863 1842 957; x_wconf 80' lang='lat' dir='ltr'>reperet,</span> <span class='ocrx_word' id='word_1_29' title='bbox 1869 861 1933 937; x_wconf 94' lang='lat' dir='ltr'>mi-</span> 
     </span>
     <span class='ocr_line' id='line_1_4' title="bbox 343 980 1934 1078; baseline 0 -20"><span class='ocrx_word' id='word_1_30' title='bbox 343 1071 345 1078; x_wconf 34' lang='lat'><em>,</em></span> <span class='ocrx_word' id='word_1_31' title='bbox 383 983 569 1077; x_wconf 78' lang='lat' dir='ltr'><strong>litibusque</strong></span> <span class='ocrx_word' id='word_1_32' title='bbox 595 983 631 1058; x_wconf 88' lang='lat' dir='ltr'>et</span> <span class='ocrx_word' id='word_1_33' title='bbox 657 981 888 1058; x_wconf 80' lang='lat' dir='ltr'>defensoribus</span> <span class='ocrx_word' id='word_1_34' title='bbox 916 980 1060 1055; x_wconf 82' lang='lat' dir='ltr'>fortibus</span> <span class='ocrx_word' id='word_1_35' title='bbox 1081 981 1104 1076; x_wconf 90' lang='lat'>¹)</span> <span class='ocrx_word' id='word_1_36' title='bbox 1129 980 1328 1073; x_wconf 87' lang='lat' dir='ltr'>communit,</span> <span class='ocrx_word' id='word_1_37' title='bbox 1355 982 1482 1074; x_wconf 85' lang='lat' dir='ltr'>detque</span> <span class='ocrx_word' id='word_1_38' title='bbox 1509 984 1622 1057; x_wconf 86' lang='lat' dir='ltr'>cestre</span> <span class='ocrx_word' id='word_1_39' title='bbox 1647 981 1723 1078; x_wconf 85' lang='lat' dir='ltr'>ipsu</span> <span class='ocrx_word' id='word_1_40' title='bbox 1740 981 1857 1078; x_wconf 91' lang='lat' dir='ltr'>nepoti</span> <span class='ocrx_word' id='word_1_41' title='bbox 1874 1005 1934 1058; x_wconf 90' lang='lat' dir='ltr'>suo</span> 
     </span>
    </p>
   </div>
   <div class='ocr_carea' id='block_1_4' title="bbox 382 1102 1937 3521">
    <p class='ocr_par' dir='ltr' id='par_1_4' title="bbox 382 1102 1937 2770">
     <span class='ocr_line' id='line_1_5' title="bbox 383 1102 1934 1203; baseline 0.001 -23"><span class='ocrx_word' id='word_1_42' title='bbox 383 1127 545 1203; x_wconf 79' lang='lat' dir='ltr'>germano</span> <span class='ocrx_word' id='word_1_43' title='bbox 571 1126 615 1180; x_wconf 89' lang='lat' dir='ltr'>ox</span> <span class='ocrx_word' id='word_1_44' title='bbox 641 1125 764 1194; x_wconf 88' lang='lat' dir='ltr'>sorore,</span> <span class='ocrx_word' id='word_1_45' title='bbox 801 1102 872 1178; x_wconf 88' lang='lat' dir='ltr'>filio</span> <span class='ocrx_word' id='word_1_46' title='bbox 899 1102 1035 1198; x_wconf 84' lang='lat' dir='ltr'>Dipoldi</span> <span class='ocrx_word' id='word_1_47' title='bbox 1062 1103 1267 1179; x_wconf 85' lang='lat' dir='ltr'>Mcuchionis</span> <span class='ocrx_word' id='word_1_48' title='bbox 1293 1103 1460 1179; x_wconf 84' lang='lat' dir='ltr'>Morcrise</span> <span class='ocrx_word' id='word_1_49' title='bbox 1495 1103 1701 1200; x_wconf 85' lang='lat' dir='ltr'>Borniuogio</span> <span class='ocrx_word' id='word_1_50' title='bbox 1717 1105 1745 1200; x_wconf 76' lang='lat'>²)</span> <span class='ocrx_word' id='word_1_51' title='bbox 1771 1104 1807 1179; x_wconf 94' lang='lat' dir='ltr'>in</span> <span class='ocrx_word' id='word_1_52' title='bbox 1834 1105 1934 1182; x_wconf 88' lang='lat' dir='ltr'>tenu-</span> 
     </span>
     <span class='ocr_line' id='line_1_6' title="bbox 382 1223 1934 1320; baseline -0.001 -16"><span class='ocrx_word' id='word_1_53' title='bbox 382 1230 465 1320; x_wconf 84' lang='lat' dir='ltr'>tuun,</span> <span class='ocrx_word' id='word_1_54' title='bbox 494 1229 535 1302; x_wconf 92' lang='lat' dir='ltr'>ut</span> <span class='ocrx_word' id='word_1_55' title='bbox 559 1249 604 1303; x_wconf 81' lang='lat' dir='ltr'>ex</span> <span class='ocrx_word' id='word_1_56' title='bbox 629 1225 703 1301; x_wconf 89' lang='lat' dir='ltr'>illis</span> <span class='ocrx_word' id='word_1_57' title='bbox 729 1247 945 1320; x_wconf 87' lang='lat' dir='ltr'>quoscunque</span> <span class='ocrx_word' id='word_1_58' title='bbox 982 1225 1125 1301; x_wconf 88' lang='lat' dir='ltr'>rebelles</span> <span class='ocrx_word' id='word_1_59' title='bbox 1151 1226 1187 1300; x_wconf 93' lang='lat' dir='ltr'>et</span> <span class='ocrx_word' id='word_1_60' title='bbox 1214 1224 1442 1300; x_wconf 87' lang='lat' dir='ltr'>inobedientes</span> <span class='ocrx_word' id='word_1_61' title='bbox 1469 1223 1633 1302; x_wconf 89' lang='lat' dir='ltr'>interris</span> <span class='ocrx_word' id='word_1_62' title='bbox 1668 1225 1805 1303; x_wconf 76' lang='lat' dir='ltr'>Maioris</span> <span class='ocrx_word' id='word_1_63' title='bbox 1835 1227 1934 1303; x_wconf 92' lang='lat' dir='ltr'>Polo·</span> 
     </span>
     <span class='ocr_line' id='line_1_7' title="bbox 383 1346 1933 1445; baseline -0.001 -19"><span class='ocrx_word' id='word_1_64' title='bbox 383 1349 459 1426; x_wconf 82' lang='lat' dir='ltr'>nius</span> <span class='ocrx_word' id='word_1_65' title='bbox 485 1349 623 1445; x_wconf 82' lang='lat' dir='ltr'>cogeret</span> <span class='ocrx_word' id='word_1_66' title='bbox 650 1347 686 1423; x_wconf 93' lang='lat' dir='ltr'>in</span> <span class='ocrx_word' id='word_1_67' title='bbox 713 1367 809 1422; x_wconf 85' lang='lat' dir='ltr'>suem</span> <span class='ocrx_word' id='word_1_68' title='bbox 836 1347 1007 1436; x_wconf 80' lang='lat' dir='ltr'>ditionem,</span> <span class='ocrx_word' id='word_1_69' title='bbox 1033 1346 1226 1422; x_wconf 74' lang='lat' dir='ltr'>obedientes</span> <span class='ocrx_word' id='word_1_70' title='bbox 1258 1369 1335 1424; x_wconf 88' lang='lat' dir='ltr'>uero</span> <span class='ocrx_word' id='word_1_71' title='bbox 1361 1349 1397 1423; x_wconf 86' lang='lat' dir='ltr'>et</span> <span class='ocrx_word' id='word_1_72' title='bbox 1423 1348 1553 1424; x_wconf 90' lang='lat' dir='ltr'>deditos</span> <span class='ocrx_word' id='word_1_73' title='bbox 1580 1348 1616 1422; x_wconf 93' lang='lat' dir='ltr'>in</span> <span class='ocrx_word' id='word_1_74' title='bbox 1643 1347 1709 1424; x_wconf 87' lang='lat' dir='ltr'>fide</span> <span class='ocrx_word' id='word_1_75' title='bbox 1734 1348 1933 1426; x_wconf 88' lang='lat' dir='ltr'>contineret.</span> 
     </span>
     <span class='ocr_line' id='line_1_8' title="bbox 384 1468 1933 1566; baseline -0.001 -18"><span class='ocrx_word' id='word_1_76' title='bbox 384 1471 566 1549; x_wconf 76' lang='lat' dir='ltr'>Praefatur</span> <span class='ocrx_word' id='word_1_77' title='bbox 592 1469 757 1564; x_wconf 87' lang='lat' dir='ltr'>siquidem</span> <span class='ocrx_word' id='word_1_78' title='bbox 784 1469 949 1565; x_wconf 87' lang='lat' dir='ltr'>Dipoldus</span> <span class='ocrx_word' id='word_1_79' title='bbox 978 1468 1146 1546; x_wconf 80' lang='lat' dir='ltr'>Menenios</span> <span class='ocrx_word' id='word_1_80' title='bbox 1172 1468 1321 1546; x_wconf 81' lang='lat' dir='ltr'>bimchio</span> <span class='ocrx_word' id='word_1_81' title='bbox 1348 1492 1369 1544; x_wconf 83' lang='lat' dir='ltr'>a</span> <span class='ocrx_word' id='word_1_82' title='bbox 1394 1469 1594 1546; x_wconf 84' lang='lat' dir='ltr'>Wencesluo</span> <span class='ocrx_word' id='word_1_83' title='bbox 1620 1470 1802 1548; x_wconf 83' lang='lat' dir='ltr'>Bohemiee</span> <span class='ocrx_word' id='word_1_84' title='bbox 1827 1471 1933 1566; x_wconf 86' lang='lat' dir='ltr'>Rege,</span> 
     </span>
     <span class='ocr_line' id='line_1_9' title="bbox 385 1591 1935 1690; baseline -0.001 -21"><span class='ocrx_word' id='word_1_85' title='bbox 385 1617 421 1672; x_wconf 88' lang='lat' dir='ltr'>re</span> <span class='ocrx_word' id='word_1_86' title='bbox 448 1596 483 1670; x_wconf 87' lang='lat' dir='ltr'>et</span> <span class='ocrx_word' id='word_1_87' title='bbox 509 1592 706 1690; x_wconf 90' lang='lat' dir='ltr'>cognomine</span> <span class='ocrx_word' id='word_1_88' title='bbox 733 1593 919 1684; x_wconf 85' lang='lat' dir='ltr'>Monooulo,</span> <span class='ocrx_word' id='word_1_89' title='bbox 943 1592 1049 1667; x_wconf 88' lang='lat' dir='ltr'>frutre</span> <span class='ocrx_word' id='word_1_90' title='bbox 1075 1613 1146 1683; x_wconf 91' lang='lat' dir='ltr'>suo,</span> <span class='ocrx_word' id='word_1_91' title='bbox 1175 1614 1218 1667; x_wconf 86' lang='lat' dir='ltr'>ex</span> <span class='ocrx_word' id='word_1_92' title='bbox 1244 1591 1392 1668; x_wconf 84' lang='lat' dir='ltr'>Moreuie</span> <span class='ocrx_word' id='word_1_93' title='bbox 1418 1592 1550 1687; x_wconf 87' lang='lat' dir='ltr'>pulsos,</span> <span class='ocrx_word' id='word_1_94' title='bbox 1588 1592 1625 1668; x_wconf 93' lang='lat' dir='ltr'>in</span> <span class='ocrx_word' id='word_1_95' title='bbox 1650 1593 1830 1688; x_wconf 83' lang='lat' dir='ltr'>Hunguriu</span> <span class='ocrx_word' id='word_1_96' title='bbox 1857 1616 1935 1669; x_wconf 94' lang='lat' dir='ltr'>con·</span> 
     </span>
     <span class='ocr_line' id='line_1_10' title="bbox 384 1712 1937 1810; baseline -0.004 -16"><span class='ocrx_word' id='word_1_97' title='bbox 384 1737 560 1794; x_wconf 81' lang='lat' dir='ltr'>senescens</span> <span class='ocrx_word' id='word_1_98' title='bbox 586 1715 683 1792; x_wconf 83' lang='lat' dir='ltr'>obiit.</span> <span class='ocrx_word' id='word_1_99' title='bbox 710 1715 821 1791; x_wconf 76' lang='lat' dir='ltr'>maur</span> <span class='ocrx_word' id='word_1_100' title='bbox 847 1737 925 1790; x_wconf 83' lang='lat' dir='ltr'>uero</span> <span class='ocrx_word' id='word_1_101' title='bbox 951 1737 1065 1790; x_wconf 90' lang='lat' dir='ltr'>eorum</span> <span class='ocrx_word' id='word_1_102' title='bbox 1092 1713 1255 1809; x_wconf 79' lang='lat' dir='ltr'>noloyois</span> <span class='ocrx_word' id='word_1_103' title='bbox 1281 1735 1374 1789; x_wconf 86' lang='lat' dir='ltr'>soror</span> <span class='ocrx_word' id='word_1_104' title='bbox 1388 1712 1418 1809; x_wconf 70' lang='grc'>3)</span> <span class='ocrx_word' id='word_1_105' title='bbox 1444 1713 1585 1791; x_wconf 89' lang='lat' dir='ltr'>Henrici</span> <span class='ocrx_word' id='word_1_106' title='bbox 1610 1737 1687 1790; x_wconf 89' lang='lat' dir='ltr'>cum</span> <span class='ocrx_word' id='word_1_107' title='bbox 1713 1717 1829 1809; x_wconf 80' lang='lat' dir='ltr'>barbe,</span> <span class='ocrx_word' id='word_1_108' title='bbox 1860 1716 1937 1810; x_wconf 90' lang='lat' dir='ltr'>post</span> 
     </span>
     <span class='ocr_line' id='line_1_11' title="bbox 386 1836 1934 1932; baseline -0.001 -17"><span class='ocrx_word' id='word_1_109' title='bbox 386 1840 526 1916; x_wconf 86' lang='lat' dir='ltr'>mortem</span> <span class='ocrx_word' id='word_1_110' title='bbox 553 1837 667 1914; x_wconf 84' lang='lat' dir='ltr'>meriti</span> <span class='ocrx_word' id='word_1_111' title='bbox 694 1859 738 1913; x_wconf 85' lang='lat' dir='ltr'>ex</span> <span class='ocrx_word' id='word_1_112' title='bbox 763 1836 913 1912; x_wconf 84' lang='lat' dir='ltr'>Muneris</span> <span class='ocrx_word' id='word_1_113' title='bbox 939 1860 999 1932; x_wconf 89' lang='lat' dir='ltr'>per</span> <span class='ocrx_word' id='word_1_114' title='bbox 1025 1837 1167 1912; x_wconf 89' lang='lat' dir='ltr'>eundern</span> <span class='ocrx_word' id='word_1_115' title='bbox 1194 1837 1431 1914; x_wconf 86' lang='lat' dir='ltr'>Wenooslsum</span> <span class='ocrx_word' id='word_1_116' title='bbox 1457 1837 1587 1932; x_wconf 87' lang='lat' dir='ltr'>Regem</span> <span class='ocrx_word' id='word_1_117' title='bbox 1613 1837 1793 1914; x_wconf 83' lang='lat' dir='ltr'>Bohemieo</span> <span class='ocrx_word' id='word_1_118' title='bbox 1815 1837 1934 1929; x_wconf 84' lang='lat' dir='ltr'>eiecto,</span> 
     </span>
     <span class='ocr_line' id='line_1_12' title="bbox 385 1958 1936 2058; baseline -0.001 -22"><span class='ocrx_word' id='word_1_119' title='bbox 385 1962 421 2036; x_wconf 96' lang='lat' dir='ltr'>in</span> <span class='ocrx_word' id='word_1_120' title='bbox 447 1963 626 2058; x_wconf 85' lang='lat' dir='ltr'>poternsm</span> <span class='ocrx_word' id='word_1_121' title='bbox 652 1960 787 2035; x_wconf 90' lang='lat' dir='ltr'>domum</span> <span class='ocrx_word' id='word_1_122' title='bbox 814 1982 890 2034; x_wconf 90' lang='lat' dir='ltr'>cum</span> <span class='ocrx_word' id='word_1_123' title='bbox 917 1961 1062 2052; x_wconf 84' lang='lat' dir='ltr'>quotuor</span> <span class='ocrx_word' id='word_1_124' title='bbox 1088 1958 1181 2050; x_wconf 87' lang='lat' dir='ltr'>filiis,</span> <span class='ocrx_word' id='word_1_125' title='bbox 1210 1958 1367 2034; x_wconf 83' lang='lat' dir='ltr'>uidelicet</span> <span class='ocrx_word' id='word_1_126' title='bbox 1393 1959 1611 2054; x_wconf 84' lang='lat' dir='ltr'>Bomiuogio,</span> <span class='ocrx_word' id='word_1_127' title='bbox 1639 1960 1807 2053; x_wconf 87' lang='lat' dir='ltr'>Boleslso,</span> <span class='ocrx_word' id='word_1_128' title='bbox 1836 1962 1936 2035; x_wconf 76' lang='lat' dir='ltr'>Proe-</span> 
     </span>
     <span class='ocr_line' id='line_1_13' title="bbox 384 2081 1935 2178; baseline -0.001 -19"><span class='ocrx_word' id='word_1_129' title='bbox 384 2083 507 2160; x_wconf 81' lang='lat' dir='ltr'>misico</span> <span class='ocrx_word' id='word_1_130' title='bbox 532 2084 568 2159; x_wconf 89' lang='lat' dir='ltr'>st</span> <span class='ocrx_word' id='word_1_131' title='bbox 594 2081 738 2178; x_wconf 80' lang='lat' dir='ltr'>Dipoldo</span> <span class='ocrx_word' id='word_1_132' title='bbox 753 2081 782 2176; x_wconf 82' lang='lat'>⁴)</span> <span class='ocrx_word' id='word_1_133' title='bbox 809 2103 941 2158; x_wconf 83' lang='lat' dir='ltr'>reverse</span> <span class='ocrx_word' id='word_1_134' title='bbox 967 2084 1030 2156; x_wconf 88' lang='lat' dir='ltr'>est.</span> <span class='ocrx_word' id='word_1_135' title='bbox 1064 2083 1110 2156; x_wconf 85' lang='lat' dir='ltr'>Et</span> <span class='ocrx_word' id='word_1_136' title='bbox 1135 2081 1380 2156; x_wconf 81' lang='lat' dir='ltr'>Merchionisso</span> <span class='ocrx_word' id='word_1_137' title='bbox 1406 2081 1542 2173; x_wconf 89' lang='lat' dir='ltr'>quidem</span> <span class='ocrx_word' id='word_1_138' title='bbox 1568 2081 1731 2177; x_wconf 79' lang='lat' dir='ltr'>Adleydis</span> <span class='ocrx_word' id='word_1_139' title='bbox 1757 2082 1794 2156; x_wconf 93' lang='lat' dir='ltr'>in</span> <span class='ocrx_word' id='word_1_140' title='bbox 1821 2105 1935 2158; x_wconf 84' lang='lat' dir='ltr'>monn·</span> 
     </span>
     <span class='ocr_line' id='line_1_14' title="bbox 385 2203 1936 2299; baseline -0.001 -18"><span class='ocrx_word' id='word_1_141' title='bbox 385 2204 489 2282; x_wconf 89' lang='lat' dir='ltr'>sterio</span> <span class='ocrx_word' id='word_1_142' title='bbox 515 2203 770 2281; x_wconf 79' lang='lat' dir='ltr'>Trnebnicnensi</span> <span class='ocrx_word' id='word_1_143' title='bbox 797 2204 936 2299; x_wconf 85' lang='lat' dir='ltr'>degens,</span> <span class='ocrx_word' id='word_1_144' title='bbox 974 2205 1195 2296; x_wconf 75' lang='lat' dir='ltr'>mortuaest,</span> <span class='ocrx_word' id='word_1_145' title='bbox 1232 2203 1327 2278; x_wconf 92' lang='lat' dir='ltr'>cuius</span> <span class='ocrx_word' id='word_1_146' title='bbox 1353 2203 1522 2279; x_wconf 78' lang='lat' dir='ltr'>cineribus</span> <span class='ocrx_word' id='word_1_147' title='bbox 1548 2204 1636 2278; x_wconf 83' lang='lat' dir='ltr'>ulter</span> <span class='ocrx_word' id='word_1_148' title='bbox 1662 2203 1811 2279; x_wconf 86' lang='lat' dir='ltr'>filiorum</span> <span class='ocrx_word' id='word_1_149' title='bbox 1836 2205 1936 2280; x_wconf 80' lang='lat' dir='ltr'>Pres-</span> 
     </span>
     <span class='ocr_line' id='line_1_15' title="bbox 385 2324 1935 2422; baseline -0.003 -18"><span class='ocrx_word' id='word_1_150' title='bbox 385 2329 527 2404; x_wconf 80' lang='lat' dir='ltr'>misleus</span> <span class='ocrx_word' id='word_1_151' title='bbox 562 2326 655 2403; x_wconf 81' lang='lat' dir='ltr'>breui</span> <span class='ocrx_word' id='word_1_152' title='bbox 690 2326 835 2402; x_wconf 73' lang='lat' dir='ltr'>matrem</span> <span class='ocrx_word' id='word_1_153' title='bbox 871 2327 1026 2419; x_wconf 86' lang='lat' dir='ltr'>secutus,</span> <span class='ocrx_word' id='word_1_154' title='bbox 1062 2325 1239 2421; x_wconf 85' lang='lat' dir='ltr'>oppositus</span> <span class='ocrx_word' id='word_1_155' title='bbox 1274 2327 1345 2415; x_wconf 90' lang='lat' dir='ltr'>est;</span> <span class='ocrx_word' id='word_1_156' title='bbox 1383 2325 1525 2400; x_wconf 84' lang='lat' dir='ltr'>ultimus</span> <span class='ocrx_word' id='word_1_157' title='bbox 1556 2324 1703 2402; x_wconf 88' lang='lat' dir='ltr'>filiorum</span> <span class='ocrx_word' id='word_1_158' title='bbox 1729 2327 1935 2422; x_wconf 73' lang='lat' dir='ltr'>Dipoldus⁵b</span> 
     </span>
     <span class='ocr_line' id='line_1_16' title="bbox 385 2446 1936 2544; baseline -0.003 -18"><span class='ocrx_word' id='word_1_159' title='bbox 385 2450 511 2526; x_wconf 87' lang='lat' dir='ltr'>sontem</span> <span class='ocrx_word' id='word_1_160' title='bbox 538 2447 728 2524; x_wconf 77' lang='lat' dir='ltr'>clericalem</span> <span class='ocrx_word' id='word_1_161' title='bbox 754 2447 917 2544; x_wconf 86' lang='lat' dir='ltr'>optimum</span> <span class='ocrx_word' id='word_1_162' title='bbox 944 2449 1079 2540; x_wconf 83' lang='lat' dir='ltr'>ducens,</span> <span class='ocrx_word' id='word_1_163' title='bbox 1117 2447 1296 2523; x_wconf 77' lang='lat' dir='ltr'>canonicus</span> <span class='ocrx_word' id='word_1_164' title='bbox 1323 2446 1604 2543; x_wconf 81' lang='lat' dir='ltr'>Moydbnrgensis</span> <span class='ocrx_word' id='word_1_165' title='bbox 1630 2449 1781 2540; x_wconf 83' lang='lat' dir='ltr'>effectus,</span> <span class='ocrx_word' id='word_1_166' title='bbox 1813 2447 1936 2540; x_wconf 85' lang='lat' dir='ltr'>reliqui</span> 
     </span>
     <span class='ocr_line' id='line_1_17' title="bbox 385 2569 1936 2666; baseline -0.001 -19"><span class='ocrx_word' id='word_1_167' title='bbox 385 2573 452 2647; x_wconf 90' lang='lat' dir='ltr'>dno</span> <span class='ocrx_word' id='word_1_168' title='bbox 478 2569 700 2665; x_wconf 81' lang='lat' dir='ltr'>Boleslsus⁶)</span> <span class='ocrx_word' id='word_1_169' title='bbox 723 2571 761 2646; x_wconf 87' lang='lat' dir='ltr'>ct</span> <span class='ocrx_word' id='word_1_170' title='bbox 787 2569 1014 2666; x_wconf 85' lang='lat' dir='ltr'>Borniuogius</span> <span class='ocrx_word' id='word_1_171' title='bbox 1029 2570 1068 2665; x_wconf 82' lang='lat'>⁷),</span> <span class='ocrx_word' id='word_1_172' title='bbox 1097 2571 1186 2665; x_wconf 84' lang='lat' dir='ltr'>opud</span> <span class='ocrx_word' id='word_1_173' title='bbox 1217 2570 1420 2646; x_wconf 78' lang='lat' dir='ltr'>auunculum</span> <span class='ocrx_word' id='word_1_174' title='bbox 1457 2570 1583 2646; x_wconf 91' lang='lat' dir='ltr'>Ducem</span> <span class='ocrx_word' id='word_1_175' title='bbox 1619 2569 1847 2664; x_wconf 64' lang='lat' dir='ltr'>Honricumf)</span> <span class='ocrx_word' id='word_1_176' title='bbox 1873 2571 1936 2646; x_wconf 91' lang='lat' dir='ltr'>mi·</span> 
     </span>
     <span class='ocr_line' id='line_1_18' title="bbox 387 2693 545 2770; baseline 0 -2"><span class='ocrx_word' id='word_1_177' title='bbox 387 2693 545 2770; x_wconf 83' lang='lat' dir='ltr'>liternnt.</span> 
     </span>
    </p>

    <p class='ocr_par' dir='ltr' id='par_1_5' title="bbox 386 2812 1937 3521">
     <span class='ocr_line' id='line_1_19' title="bbox 491 2812 1936 2913; baseline -0.001 -19"><span class='ocrx_word' id='word_1_178' title='bbox 491 2813 715 2894; x_wconf 83' lang='lat' dir='ltr'>Wiudimirus</span> <span class='ocrx_word' id='word_1_179' title='bbox 742 2813 945 2910; x_wconf 80' lang='lat' dir='ltr'>Kyoriensis</span> <span class='ocrx_word' id='word_1_180' title='bbox 970 2814 1061 2906; x_wconf 83' lang='lat' dir='ltr'>Dur,</span> <span class='ocrx_word' id='word_1_181' title='bbox 1098 2812 1228 2890; x_wconf 83' lang='lat' dir='ltr'>ueritus</span> <span class='ocrx_word' id='word_1_182' title='bbox 1254 2814 1359 2890; x_wconf 88' lang='lat' dir='ltr'>ritum</span> <span class='ocrx_word' id='word_1_183' title='bbox 1386 2836 1484 2890; x_wconf 93' lang='lat' dir='ltr'>suum</span> <span class='ocrx_word' id='word_1_184' title='bbox 1520 2814 1686 2891; x_wconf 80' lang='lat' dir='ltr'>Greecnm</span> <span class='ocrx_word' id='word_1_185' title='bbox 1727 2838 1786 2913; x_wconf 90' lang='lat' dir='ltr'>per</span> <span class='ocrx_word' id='word_1_186' title='bbox 1812 2817 1936 2894; x_wconf 84' lang='lat' dir='ltr'>fretree</span> 
     </span>
     <span class='ocr_line' id='line_1_20' title="bbox 386 2931 1937 3034; baseline 0 -20"><span class='ocrx_word' id='word_1_187' title='bbox 386 2931 657 3030; x_wconf 78' lang='lat' dir='ltr'>i&#39;ruedieutores,¹</span> <span class='ocrx_word' id='word_1_188' title='bbox 675 2936 833 3014; x_wconf 83' lang='lat' dir='ltr'>uidelicet</span> <span class='ocrx_word' id='word_1_189' title='bbox 860 2936 1044 3012; x_wconf 78' lang='lat' dir='ltr'>Martinum</span> <span class='ocrx_word' id='word_1_190' title='bbox 1071 2937 1112 3012; x_wconf 87' lang='lat' dir='ltr'>de</span> <span class='ocrx_word' id='word_1_191' title='bbox 1138 2937 1349 3012; x_wconf 84' lang='lat' dir='ltr'>Sendomiris</span> <span class='ocrx_word' id='word_1_192' title='bbox 1366 2938 1510 3032; x_wconf 84' lang='lat' dir='ltr'>priorem</span> <span class='ocrx_word' id='word_1_193' title='bbox 1529 2939 1754 3034; x_wconf 77' lang='lat' dir='ltr'>Kyoriensem</span> <span class='ocrx_word' id='word_1_194' title='bbox 1782 2941 1817 3014; x_wconf 91' lang='lat' dir='ltr'>et</span> <span class='ocrx_word' id='word_1_195' title='bbox 1853 2939 1937 3015; x_wconf 78' lang='lat' dir='ltr'>elios</span> 
     </span>
     <span class='ocr_line' id='line_1_21' title="bbox 386 3059 1935 3156; baseline 0.001 -22"><span class='ocrx_word' id='word_1_196' title='bbox 386 3061 509 3136; x_wconf 73' lang='lat' dir='ltr'>rubros</span> <span class='ocrx_word' id='word_1_197' title='bbox 542 3059 634 3152; x_wconf 89' lang='lat' dir='ltr'>eius,</span> <span class='ocrx_word' id='word_1_198' title='bbox 672 3061 790 3155; x_wconf 89' lang='lat' dir='ltr'>utpote</span> <span class='ocrx_word' id='word_1_199' title='bbox 825 3059 915 3135; x_wconf 86' lang='lat' dir='ltr'>riuos</span> <span class='ocrx_word' id='word_1_200' title='bbox 949 3059 1126 3155; x_wconf 90' lang='lat' dir='ltr'>religiosos</span> <span class='ocrx_word' id='word_1_201' title='bbox 1162 3061 1197 3134; x_wconf 89' lang='lat' dir='ltr'>et</span> <span class='ocrx_word' id='word_1_202' title='bbox 1231 3061 1443 3154; x_wconf 84' lang='lat' dir='ltr'>exemplares</span> <span class='ocrx_word' id='word_1_203' title='bbox 1478 3061 1677 3156; x_wconf 78' lang='lat' dir='ltr'>pessundari</span> <span class='ocrx_word' id='word_1_204' title='bbox 1705 3066 1741 3137; x_wconf 89' lang='lat' dir='ltr'>et</span> <span class='ocrx_word' id='word_1_205' title='bbox 1765 3061 1935 3156; x_wconf 73' lang='lat' dir='ltr'>oeniandi,</span> 
     </span>
     <span class='ocr_line' id='line_1_22' title="bbox 389 3181 1936 3280; baseline -0.001 -20"><span class='ocrx_word' id='word_1_206' title='bbox 389 3184 558 3279; x_wconf 84' lang='lat' dir='ltr'>proefotos</span> <span class='ocrx_word' id='word_1_207' title='bbox 585 3181 708 3258; x_wconf 84' lang='lat' dir='ltr'>frutres</span> <span class='ocrx_word' id='word_1_208' title='bbox 734 3182 943 3258; x_wconf 76' lang='lat' dir='ltr'>deecclesia</span> <span class='ocrx_word' id='word_1_209' title='bbox 978 3183 1122 3257; x_wconf 76' lang='lat' dir='ltr'>Sanetus</span> <span class='ocrx_word' id='word_1_210' title='bbox 1149 3181 1274 3258; x_wconf 75' lang='lat' dir='ltr'>diense</span> <span class='ocrx_word' id='word_1_211' title='bbox 1301 3181 1337 3258; x_wconf 91' lang='lat' dir='ltr'>in</span> <span class='ocrx_word' id='word_1_212' title='bbox 1364 3183 1469 3278; x_wconf 78' lang='lat' dir='ltr'>Kyou</span> <span class='ocrx_word' id='word_1_213' title='bbox 1506 3183 1614 3258; x_wconf 88' lang='lat' dir='ltr'>ordini</span> <span class='ocrx_word' id='word_1_214' title='bbox 1651 3185 1802 3280; x_wconf 81' lang='lat' dir='ltr'>pruefeto</span> <span class='ocrx_word' id='word_1_215' title='bbox 1829 3183 1936 3261; x_wconf 82' lang='lat' dir='ltr'>consi</span> 
     </span>
     <span class='ocr_line' id='line_1_23' title="bbox 388 3304 1937 3401; baseline 0 -19"><span class='ocrx_word' id='word_1_216' title='bbox 388 3307 506 3401; x_wconf 72' lang='lat' dir='ltr'>gnotru</span> <span class='ocrx_word' id='word_1_217' title='bbox 534 3307 570 3380; x_wconf 92' lang='lat' dir='ltr'>et</span> <span class='ocrx_word' id='word_1_218' title='bbox 595 3305 684 3380; x_wconf 84' lang='lat' dir='ltr'>circu</span> <span class='ocrx_word' id='word_1_219' title='bbox 710 3327 810 3397; x_wconf 75' lang='lat' dir='ltr'>quem</span> <span class='ocrx_word' id='word_1_220' title='bbox 839 3306 1010 3380; x_wconf 77' lang='lat' dir='ltr'>habebunt</span> <span class='ocrx_word' id='word_1_221' title='bbox 1035 3306 1236 3381; x_wconf 85' lang='lat' dir='ltr'>conuentum</span> <span class='ocrx_word' id='word_1_222' title='bbox 1250 3304 1290 3400; x_wconf 82' lang='lat'>⁹),</span> <span class='ocrx_word' id='word_1_223' title='bbox 1318 3306 1473 3400; x_wconf 81' lang='lat' dir='ltr'>expellit,</span> <span class='ocrx_word' id='word_1_224' title='bbox 1510 3307 1670 3382; x_wconf 89' lang='lat' dir='ltr'>redeundi</span> <span class='ocrx_word' id='word_1_225' title='bbox 1698 3309 1864 3397; x_wconf 75' lang='lat' dir='ltr'>securitate</span> <span class='ocrx_word' id='word_1_226' title='bbox 1887 3306 1937 3382; x_wconf 89' lang='lat' dir='ltr'>eie</span> 
     </span>
     <span class='ocr_line' id='line_1_24' title="bbox 389 3425 684 3521; baseline -0.007 -19"><span class='ocrx_word' id='word_1_227' title='bbox 389 3425 684 3521; x_wconf 59' lang='lat' dir='ltr'>interminatum).</span> 
     </span>
    </p>
   </div>
   <div class='ocr_carea' id='block_1_5' title="bbox 386 3793 1939 4112">
    <p class='ocr_par' dir='ltr' id='par_1_6' title="bbox 386 3793 1939 4112">
     <span class='ocr_line' id='line_1_25' title="bbox 386 3793 1938 3892; baseline 0 -20"><span class='ocrx_word' id='word_1_228' title='bbox 386 3795 557 3872; x_wconf 62' lang='lat' dir='ltr'>&amp;nudus</span> <span class='ocrx_word' id='word_1_229' title='bbox 582 3796 653 3869; x_wconf 80' lang='lat' dir='ltr'>bu</span> <span class='ocrx_word' id='word_1_230' title='bbox 679 3793 843 3868; x_wconf 67' lang='lat' dir='ltr'>luscum</span> <span class='ocrx_word' id='word_1_231' title='bbox 869 3793 1054 3867; x_wconf 73' lang='lat' dir='ltr'>betericum</span> <span class='ocrx_word' id='word_1_232' title='bbox 1081 3797 1230 3886; x_wconf 69' lang='lat' dir='ltr'>nopotem</span> <span class='ocrx_word' id='word_1_233' title='bbox 1249 3795 1315 3867; x_wconf 77' lang='lat' dir='ltr'>ion</span> <span class='ocrx_word' id='word_1_234' title='bbox 1333 3795 1481 3870; x_wconf 78' lang='lat' dir='ltr'>edultum</span> <span class='ocrx_word' id='word_1_235' title='bbox 1507 3799 1543 3870; x_wconf 86' lang='lat' dir='ltr'>et</span> <span class='ocrx_word' id='word_1_236' title='bbox 1561 3797 1602 3870; x_wconf 78' lang='lat' dir='ltr'>od</span> <span class='ocrx_word' id='word_1_237' title='bbox 1621 3799 1836 3872; x_wconf 74' lang='lat' dir='ltr'>luceretis·</span> <span class='ocrx_word' id='word_1_238' title='bbox 1855 3800 1938 3892; x_wconf 77' lang='lat' dir='ltr'>scpt-</span> 
     </span>
     <span class='ocr_line' id='line_1_26' title="bbox 389 3915 1939 4013; baseline 0.003 -21"><span class='ocrx_word' id='word_1_239' title='bbox 389 3923 532 4008; x_wconf 70' lang='grc' dir='ltr'>ηιῐιι,</span> <span class='ocrx_word' id='word_1_240' title='bbox 560 3936 632 3992; x_wconf 74' lang='lat' dir='ltr'>cun</span> <span class='ocrx_word' id='word_1_241' title='bbox 659 3919 763 3990; x_wconf 74' lang='lat' dir='ltr'>notre</span> <span class='ocrx_word' id='word_1_242' title='bbox 790 3915 938 4008; x_wconf 80' lang='lat' dir='ltr'>coptiuot</span> <span class='ocrx_word' id='word_1_243' title='bbox 966 3919 1000 3988; x_wconf 85' lang='lat' dir='ltr'>ot</span> <span class='ocrx_word' id='word_1_244' title='bbox 1027 3916 1163 4008; x_wconf 73' lang='lat' dir='ltr'>primun</span> <span class='ocrx_word' id='word_1_245' title='bbox 1190 3916 1401 4008; x_wconf 71' lang='lat' dir='ltr'>indeindc,</span> <span class='ocrx_word' id='word_1_246' title='bbox 1428 3922 1594 4009; x_wconf 77' lang='lat' dir='ltr'>portreno</span> <span class='ocrx_word' id='word_1_247' title='bbox 1622 3920 1654 3992; x_wconf 86' lang='lat' dir='ltr'>ie</span> <span class='ocrx_word' id='word_1_248' title='bbox 1681 3921 1939 4013; x_wconf 61' lang='lat' dir='ltr'>caroenum</span> 
     </span>
     <span class='ocr_line' id='line_1_27' title="bbox 1082 4037 1255 4112; baseline 0.012 -2"><span class='ocrx_word' id='word_1_249' title='bbox 1082 4037 1255 4112; x_wconf 75' lang='lat' dir='ltr'>concludit</span> 
     </span>
    </p>
   </div>
   <div class='ocr_carea' id='block_1_6' title="bbox 387 4278 1939 4990">
    <p class='ocr_par' dir='ltr' id='par_1_7' title="bbox 387 4278 1939 4990">
     <span class='ocr_line' id='line_1_28' title="bbox 494 4278 1939 4378; baseline 0.003 -22"><span class='ocrx_word' id='word_1_250' title='bbox 494 4281 708 4378; x_wconf 74' lang='lat' dir='ltr'>spurcorum</span> <span class='ocrx_word' id='word_1_251' title='bbox 735 4278 859 4373; x_wconf 64' lang='lat' dir='ltr'>miste,</span> <span class='ocrx_word' id='word_1_252' title='bbox 887 4279 1075 4372; x_wconf 79' lang='lat' dir='ltr'>Boleslous,</span> <span class='ocrx_word' id='word_1_253' title='bbox 1104 4279 1162 4372; x_wconf 88' lang='lat' dir='ltr'>qui</span> <span class='ocrx_word' id='word_1_254' title='bbox 1190 4279 1336 4356; x_wconf 85' lang='lat' dir='ltr'>Pudicus</span> <span class='ocrx_word' id='word_1_255' title='bbox 1363 4281 1530 4377; x_wconf 81' lang='lat' dir='ltr'>cppeilcri</span> <span class='ocrx_word' id='word_1_256' title='bbox 1553 4283 1687 4376; x_wconf 87' lang='lat' dir='ltr'>meruit,</span> <span class='ocrx_word' id='word_1_257' title='bbox 1714 4283 1939 4362; x_wconf 74' lang='lat' dir='ltr'>Ormooiemis</span> 
     </span>
     <span class='ocr_line' id='line_1_29' title="bbox 388 4401 1938 4503; baseline -0.001 -20"><span class='ocrx_word' id='word_1_258' title='bbox 388 4406 427 4483; x_wconf 87' lang='lat' dir='ltr'>et</span> <span class='ocrx_word' id='word_1_259' title='bbox 452 4403 735 4482; x_wconf 76' lang='lat' dir='ltr'>Sendomiriensis</span> <span class='ocrx_word' id='word_1_260' title='bbox 759 4403 850 4496; x_wconf 79' lang='lat' dir='ltr'>Dur,</span> <span class='ocrx_word' id='word_1_261' title='bbox 883 4401 976 4478; x_wconf 90' lang='lat' dir='ltr'>filius</span> <span class='ocrx_word' id='word_1_262' title='bbox 1002 4402 1183 4479; x_wconf 70' lang='lat' dir='ltr'>Inestionis</span> <span class='ocrx_word' id='word_1_263' title='bbox 1209 4402 1301 4496; x_wconf 77' lang='lat' dir='ltr'>Albi,</span> <span class='ocrx_word' id='word_1_264' title='bbox 1337 4406 1510 4480; x_wconf 84' lang='lat' dir='ltr'>trensucte</span> <span class='ocrx_word' id='word_1_265' title='bbox 1544 4407 1684 4501; x_wconf 83' lang='lat' dir='ltr'>(sunum</span> <span class='ocrx_word' id='word_1_266' title='bbox 1711 4429 1815 4503; x_wconf 84' lang='lat' dir='ltr'>prope</span> <span class='ocrx_word' id='word_1_267' title='bbox 1840 4431 1938 4502; x_wconf 81' lang='lat' dir='ltr'>quer·</span> 
     </span>
     <span class='ocr_line' id='line_1_30' title="bbox 390 4524 1939 4625; baseline 0.004 -23"><span class='ocrx_word' id='word_1_268' title='bbox 390 4529 464 4602; x_wconf 86' lang='lat' dir='ltr'>tom</span> <span class='ocrx_word' id='word_1_269' title='bbox 483 4526 649 4603; x_wconf 84' lang='lat' dir='ltr'>decimum</span> <span class='ocrx_word' id='word_1_270' title='bbox 667 4525 710 4620; x_wconf 85' lang='lat'>¹¹)</span> <span class='ocrx_word' id='word_1_271' title='bbox 727 4524 908 4620; x_wconf 69' lang='lat' dir='ltr'>attigeret)</span> <span class='ocrx_word' id='word_1_272' title='bbox 926 4528 962 4599; x_wconf 93' lang='lat' dir='ltr'>et</span> <span class='ocrx_word' id='word_1_273' title='bbox 979 4527 1049 4600; x_wconf 83' lang='lat' dir='ltr'>tum</span> <span class='ocrx_word' id='word_1_274' title='bbox 1066 4547 1149 4600; x_wconf 83' lang='lat' dir='ltr'>sose</span> <span class='ocrx_word' id='word_1_275' title='bbox 1168 4525 1345 4620; x_wconf 75' lang='lat' dir='ltr'>genitricis</span> <span class='ocrx_word' id='word_1_276' title='bbox 1371 4527 1532 4603; x_wconf 83' lang='lat' dir='ltr'>Ducissce</span> <span class='ocrx_word' id='word_1_277' title='bbox 1549 4527 1811 4622; x_wconf 81' lang='lat' dir='ltr'>Gruimisleuee,</span> <span class='ocrx_word' id='word_1_278' title='bbox 1839 4553 1939 4625; x_wconf 75' lang='lat' dir='ltr'>quern</span> 
     </span>
     <span class='ocr_line' id='line_1_31' title="bbox 387 4647 1939 4747; baseline 0 -21"><span class='ocrx_word' id='word_1_279' title='bbox 387 4647 659 4726; x_wconf 77' lang='lat' dir='ltr'>(trecoriensium</span> <span class='ocrx_word' id='word_1_280' title='bbox 685 4649 720 4722; x_wconf 93' lang='lat' dir='ltr'>et</span> <span class='ocrx_word' id='word_1_281' title='bbox 747 4647 1068 4724; x_wconf 82' lang='lat' dir='ltr'>Ssndomiriensium</span> <span class='ocrx_word' id='word_1_282' title='bbox 1101 4669 1294 4743; x_wconf 88' lang='lat' dir='ltr'>procerum,</span> <span class='ocrx_word' id='word_1_283' title='bbox 1331 4649 1510 4747; x_wconf 79' lang='lat' dir='ltr'>praecipue</span> <span class='ocrx_word' id='word_1_284' title='bbox 1545 4651 1658 4726; x_wconf 69' lang='lat' dir='ltr'>brnen</span> <span class='ocrx_word' id='word_1_285' title='bbox 1685 4651 1795 4727; x_wconf 78' lang='lat' dir='ltr'>Vislui</span> <span class='ocrx_word' id='word_1_286' title='bbox 1822 4652 1939 4728; x_wconf 80' lang='lat' dir='ltr'>tiroco-</span> 
     </span>
     <span class='ocr_line' id='line_1_32' title="bbox 391 4768 1937 4868; baseline 0.002 -21"><span class='ocrx_word' id='word_1_287' title='bbox 391 4771 518 4848; x_wconf 76' lang='lat' dir='ltr'>riensie</span> <span class='ocrx_word' id='word_1_288' title='bbox 544 4769 693 4867; x_wconf 82' lang='lat' dir='ltr'>episcopi</span> <span class='ocrx_word' id='word_1_289' title='bbox 721 4768 941 4864; x_wconf 75' lang='lat' dir='ltr'>instigatione</span> <span class='ocrx_word' id='word_1_290' title='bbox 976 4769 1144 4864; x_wconf 82' lang='lat' dir='ltr'>frequenti</span> <span class='ocrx_word' id='word_1_291' title='bbox 1171 4773 1208 4846; x_wconf 89' lang='lat' dir='ltr'>ot</span> <span class='ocrx_word' id='word_1_292' title='bbox 1234 4793 1405 4866; x_wconf 68' lang='lat' dir='ltr'>persuasu,</span> <span class='ocrx_word' id='word_1_293' title='bbox 1442 4771 1604 4848; x_wconf 86' lang='lat' dir='ltr'>tutorium</span> <span class='ocrx_word' id='word_1_294' title='bbox 1630 4773 1745 4868; x_wconf 77' lang='lat' dir='ltr'>petron</span> <span class='ocrx_word' id='word_1_295' title='bbox 1771 4774 1826 4850; x_wconf 90' lang='lat' dir='ltr'>sui</span> <span class='ocrx_word' id='word_1_296' title='bbox 1852 4775 1937 4850; x_wconf 82' lang='lat' dir='ltr'>Oun-</span> 
     </span>
     <span class='ocr_line' id='line_1_33' title="bbox 389 4891 1939 4990; baseline 0.003 -21"><span class='ocrx_word' id='word_1_297' title='bbox 389 4894 465 4969; x_wconf 80' lang='lat' dir='ltr'>rodi</span> <span class='ocrx_word' id='word_1_298' title='bbox 491 4892 659 4970; x_wconf 69' lang='lat' dir='ltr'>meusim</span> <span class='ocrx_word' id='word_1_299' title='bbox 686 4891 800 4984; x_wconf 88' lang='lat' dir='ltr'>Ducis,</span> <span class='ocrx_word' id='word_1_300' title='bbox 827 4891 894 4968; x_wconf 89' lang='lat' dir='ltr'>sibi</span> <span class='ocrx_word' id='word_1_301' title='bbox 921 4894 956 4968; x_wconf 91' lang='lat' dir='ltr'>et</span> <span class='ocrx_word' id='word_1_302' title='bbox 972 4892 1160 4968; x_wconf 87' lang='lat' dir='ltr'>Ducetibns</span> <span class='ocrx_word' id='word_1_303' title='bbox 1185 4892 1256 4970; x_wconf 89' lang='lat' dir='ltr'>suis</span> <span class='ocrx_word' id='word_1_304' title='bbox 1284 4893 1468 4988; x_wconf 83' lang='lat' dir='ltr'>plurimum</span> <span class='ocrx_word' id='word_1_305' title='bbox 1495 4894 1716 4990; x_wconf 84' lang='lat' dir='ltr'>perniciosum</span> <span class='ocrx_word' id='word_1_306' title='bbox 1743 4898 1779 4972; x_wconf 94' lang='lat' dir='ltr'>et</span> <span class='ocrx_word' id='word_1_307' title='bbox 1804 4898 1939 4972; x_wconf 66' lang='lat' dir='ltr'>monno-</span> 
     </span>
    </p>
   </div>
   <div class='ocr_carea' id='block_1_7' title="bbox 393 5101 1938 5601">
    <p class='ocr_par' dir='ltr' id='par_1_8' title="bbox 393 5101 1938 5601">
     <span class='ocr_line' id='line_1_34' title="bbox 501 5101 1938 5186; baseline 0.003 -22"><span class='ocrx_word' id='word_1_308' title='bbox 501 5104 525 5186; x_wconf 81' lang='grc'>1)</span> <span class='ocrx_word' id='word_1_309' title='bbox 547 5103 715 5172; x_wconf 71' lang='lat' dir='ltr'>fortissimis</span> <span class='ocrx_word' id='word_1_310' title='bbox 745 5103 805 5170; x_wconf 75' lang='lat' dir='ltr'>Ed.</span> <span class='ocrx_word' id='word_1_311' title='bbox 828 5104 922 5170; x_wconf 86' lang='lat' dir='ltr'>Dobr.</span> <span class='ocrx_word' id='word_1_312' title='bbox 962 5101 1182 5180; x_wconf 67' lang='lat' dir='ltr'>⁹)Berzpuoio</span> <span class='ocrx_word' id='word_1_313' title='bbox 1212 5104 1272 5166; x_wconf 79' lang='lat' dir='ltr'>Ed.</span> <span class='ocrx_word' id='word_1_314' title='bbox 1295 5105 1390 5165; x_wconf 88' lang='lat' dir='ltr'>Dobr.</span> <span class='ocrx_word' id='word_1_315' title='bbox 1429 5101 1456 5182; x_wconf 84' lang='lat'>³)</span> <span class='ocrx_word' id='word_1_316' title='bbox 1480 5105 1540 5165; x_wconf 82' lang='lat' dir='ltr'>fiiis</span> <span class='ocrx_word' id='word_1_317' title='bbox 1573 5104 1644 5166; x_wconf 74' lang='lat' dir='ltr'>eoo.</span> <span class='ocrx_word' id='word_1_318' title='bbox 1667 5104 1741 5168; x_wconf 78' lang='lat' dir='ltr'>Aue.</span> <span class='ocrx_word' id='word_1_319' title='bbox 1780 5101 1807 5184; x_wconf 91' lang='lat'>⁴)</span> <span class='ocrx_word' id='word_1_320' title='bbox 1830 5106 1938 5168; x_wconf 76' lang='lat' dir='ltr'>wluri-</span> 
     </span>
     <span class='ocr_line' id='line_1_35' title="bbox 393 5205 1938 5288; baseline -0.001 -16"><span class='ocrx_word' id='word_1_321' title='bbox 393 5213 456 5272; x_wconf 89' lang='lat' dir='ltr'>sleo</span> <span class='ocrx_word' id='word_1_322' title='bbox 482 5209 552 5274; x_wconf 80' lang='lat' dir='ltr'>coo.</span> <span class='ocrx_word' id='word_1_323' title='bbox 576 5211 669 5274; x_wconf 71' lang='lat' dir='ltr'>Beer.</span> <span class='ocrx_word' id='word_1_324' title='bbox 709 5205 737 5286; x_wconf 63' lang='grc' dir='ltr'>ὗ)</span> <span class='ocrx_word' id='word_1_325' title='bbox 760 5209 914 5270; x_wconf 86' lang='lat' dir='ltr'>Bolesisus</span> <span class='ocrx_word' id='word_1_326' title='bbox 939 5208 1010 5270; x_wconf 77' lang='lat' dir='ltr'>Cori.</span> <span class='ocrx_word' id='word_1_327' title='bbox 1033 5206 1107 5270; x_wconf 83' lang='lat' dir='ltr'>Aut.</span> <span class='ocrx_word' id='word_1_328' title='bbox 1147 5205 1173 5287; x_wconf 81' lang='lat'>⁶)</span> <span class='ocrx_word' id='word_1_329' title='bbox 1196 5209 1376 5274; x_wconf 85' lang='lat' dir='ltr'>Wledislsns</span> <span class='ocrx_word' id='word_1_330' title='bbox 1411 5207 1481 5270; x_wconf 79' lang='lat' dir='ltr'>Occi.</span> <span class='ocrx_word' id='word_1_331' title='bbox 1504 5208 1579 5272; x_wconf 81' lang='lat' dir='ltr'>Aut.</span> <span class='ocrx_word' id='word_1_332' title='bbox 1619 5207 1835 5288; x_wconf 85' lang='lat' dir='ltr'>⁷)Borzisleus</span> <span class='ocrx_word' id='word_1_333' title='bbox 1870 5211 1938 5271; x_wconf 76' lang='lat' dir='ltr'>Cori.</span> 
     </span>
     <span class='ocr_line' id='line_1_36' title="bbox 393 5308 1938 5395; baseline -0.001 -19"><span class='ocrx_word' id='word_1_334' title='bbox 393 5314 467 5378; x_wconf 74' lang='lat' dir='ltr'>Aur.</span> <span class='ocrx_word' id='word_1_335' title='bbox 489 5315 677 5390; x_wconf 84' lang='lat' dir='ltr'>Borzywoins</span> <span class='ocrx_word' id='word_1_336' title='bbox 704 5311 775 5374; x_wconf 71' lang='lat' dir='ltr'>(iod.</span> <span class='ocrx_word' id='word_1_337' title='bbox 797 5313 891 5375; x_wconf 74' lang='lat' dir='ltr'>Rosr.</span> <span class='ocrx_word' id='word_1_338' title='bbox 919 5308 948 5395; x_wconf 79' lang='lat'>⁸)</span> <span class='ocrx_word' id='word_1_339' title='bbox 972 5313 1049 5388; x_wconf 83' lang='lat' dir='ltr'>opud</span> <span class='ocrx_word' id='word_1_340' title='bbox 1073 5315 1245 5374; x_wconf 79' lang='lat' dir='ltr'>avunculum</span> <span class='ocrx_word' id='word_1_341' title='bbox 1268 5333 1351 5375; x_wconf 87' lang='lat' dir='ltr'>suom</span> <span class='ocrx_word' id='word_1_342' title='bbox 1372 5315 1531 5375; x_wconf 84' lang='lat' dir='ltr'>Henricnm</span> <span class='ocrx_word' id='word_1_343' title='bbox 1547 5313 1818 5376; x_wconf 75' lang='lat' dir='ltr'>wratislaviensem</span> <span class='ocrx_word' id='word_1_344' title='bbox 1834 5321 1865 5376; x_wconf 84' lang='lat' dir='ltr'>et</span> <span class='ocrx_word' id='word_1_345' title='bbox 1879 5315 1938 5375; x_wconf 84' lang='lat' dir='ltr'>Sie-</span> 
     </span>
     <span class='ocr_line' id='line_1_37' title="bbox 395 5414 1938 5497; baseline -0.001 -17"><span class='ocrx_word' id='word_1_346' title='bbox 395 5422 457 5482; x_wconf 78' lang='lat' dir='ltr'>sise</span> <span class='ocrx_word' id='word_1_347' title='bbox 486 5421 597 5481; x_wconf 86' lang='lat' dir='ltr'>Ducem</span> <span class='ocrx_word' id='word_1_348' title='bbox 631 5419 702 5480; x_wconf 84' lang='lat' dir='ltr'>Cod.</span> <span class='ocrx_word' id='word_1_349' title='bbox 726 5419 818 5479; x_wconf 69' lang='lat' dir='ltr'>Beer.</span> <span class='ocrx_word' id='word_1_350' title='bbox 857 5414 885 5494; x_wconf 70' lang='grc'>9)</span> <span class='ocrx_word' id='word_1_351' title='bbox 908 5436 990 5477; x_wconf 90' lang='lat' dir='ltr'>snum</span> <span class='ocrx_word' id='word_1_352' title='bbox 1021 5425 1194 5478; x_wconf 84' lang='lat' dir='ltr'>conuentum</span> <span class='ocrx_word' id='word_1_353' title='bbox 1226 5416 1297 5479; x_wconf 75' lang='lat' dir='ltr'>Cori.</span> <span class='ocrx_word' id='word_1_354' title='bbox 1325 5421 1417 5480; x_wconf 74' lang='lat' dir='ltr'>Rorr.</span> <span class='ocrx_word' id='word_1_355' title='bbox 1460 5417 1500 5497; x_wconf 87' lang='lat'>¹⁰)</span> <span class='ocrx_word' id='word_1_356' title='bbox 1522 5421 1723 5480; x_wconf 82' lang='lat' dir='ltr'>interminans.</span> <span class='ocrx_word' id='word_1_357' title='bbox 1757 5419 1829 5481; x_wconf 77' lang='lat' dir='ltr'>Ood.</span> <span class='ocrx_word' id='word_1_358' title='bbox 1851 5421 1938 5482; x_wconf 68' lang='lat' dir='ltr'>Rom.</span> 
     </span>
     <span class='ocr_line' id='line_1_38' title="bbox 399 5520 960 5601; baseline -0.002 -19"><span class='ocrx_word' id='word_1_359' title='bbox 399 5520 439 5601; x_wconf 88' lang='lat'>¹¹)</span> <span class='ocrx_word' id='word_1_360' title='bbox 461 5523 752 5598; x_wconf 87' lang='lat' dir='ltr'>quintumdecimum</span> <span class='ocrx_word' id='word_1_361' title='bbox 770 5522 842 5583; x_wconf 78' lang='lat' dir='ltr'>Ood.</span> <span class='ocrx_word' id='word_1_362' title='bbox 866 5523 960 5582; x_wconf 75' lang='lat' dir='ltr'>Rocr.</span> 
     </span>
    </p>
   </div>
   <div class='ocr_carea' id='block_1_8' title="bbox 0 0 2103 6276">
    <p class='ocr_par' dir='ltr' id='par_1_9' title="bbox 0 0 2103 6276">
     <span class='ocr_line' id='line_1_39' title="bbox 0 0 2103 6276; baseline 0 0"><span class='ocrx_word' id='word_1_363' title='bbox 0 0 2103 6276; x_wconf 95' lang='lat' dir='ltr'> </span> 
     </span>
    </p>
   </div>
  </div>
 </body>
</html>
