4140 6298
388 581 464 653 324
991 601 1102 651 amna
1129 599 1322 653 snarmrns.
1652 575 1720 678 (Α.
1741 579 1788 654 D.
1808 575 1934 681 1250.)

387 788 444 863 tus
471 788 506 863 et
533 787 622 882 stipe
657 786 770 863 aliena
805 786 968 878 nutritus,
1006 785 1132 882 passim
1160 789 1353 882 vagaretur.
1399 784 1451 861 Ab
1478 786 1617 863 Henrici
1653 809 1785 880 quoque
1820 787 1935 863 fratris

245 915 248 922 '
368 911 440 998 ¹aui
468 908 635 984 militibus
670 909 791 1003 captus
826 912 862 984 et
897 908 933 982 in
960 908 1096 985 vincula
1131 910 1220 1004 apud
1255 908 1536 986 Wratislaviense
1571 911 1719 984 castrum
1754 909 1933 1002 coniectus,

387 1031 524 1106 iubente
551 1030 697 1106 Henrioo
724 1032 842 1122 fratrs,
871 1032 906 1106 et
932 1030 1161 1106 calamitatem
1188 1030 1477 1125 ignominiamque
1513 1032 1710 1121 fraternam,
1748 1054 1814 1105 non
1843 1049 1936 1106 secus

388 1174 488 1246 quam
516 1153 698 1249 propriam,
728 1153 793 1247 piis
820 1153 1022 1228 abhorrente
1058 1151 1272 1247 praecordiis,
1310 1151 1481 1244 dimissus,
1510 1152 1545 1226 in
1572 1152 1718 1248 Legnica
1745 1173 1781 1228 se
1808 1151 1937 1248 recepit

390 1276 425 1349 et
451 1276 569 1350 contra
597 1275 721 1349 fratres
748 1296 826 1349 suos
853 1273 1037 1348 Henricnm
1063 1274 1098 1349 et
1125 1273 1315 1348 (iunradum
1342 1273 1526 1349 machinari
1553 1297 1621 1348 non
1640 1273 1784 1348 dest'tit.
1812 1275 1860 1348 Et
1878 1297 1938 1370 pro

389 1395 591 1472 excutienda
613 1397 776 1490 egestate,
816 1417 884 1487 qua
919 1395 1108 1486 tenebatur,
1148 1393 1272 1489 oppida
1294 1392 1498 1469 xZithaviam
1533 1396 1568 1470 et
1594 1387 1783 1470 Gerlicn'em
1810 1394 1848 1468 in
1875 1417 1938 1470 sua

390 1520 480 1593 sorte
506 1516 734 1608 consistentia,
765 1515 801 1590 in
829 1515 969 1590 summis
996 1515 1168 1612 gravibus,
1198 1515 1377 1592 baronibus
1403 1517 1439 1590 et
1466 1515 1610 1590 subditis
1637 1516 1708 1589 suis
1734 1515 1879 1590 tradidit
1904 1518 1939 1591 et

390 1639 574 1733 inscripsit,
613 1639 845 1731 Ducatumque
881 1659 979 1711 suum
1016 1635 1228 1712 truncatione
1263 1636 1432 1731 decerpsit
1452 1636 1476 1731 ¹)
1511 1637 1650 1712 enormi.
1696 1637 1788 1728 Quae
1825 1636 1938 1712 omnia

388 1763 489 1836 beata
525 1759 691 1855 Hedvigis
728 1759 804 1834 avia
840 1782 921 1852 sua,
959 1760 1038 1833 dum
1074 1759 1218 1850 viveret,
1255 1757 1429 1833 nonnullis
1464 1757 1633 1834 timoratis
1661 1758 1813 1854 personis
1841 1780 1936 1852 prae·

389 1883 542 1985 dixerat,
571 1880 757 1957 Ducatibus
794 1880 923 1958 Slesiae
950 1883 986 1957 et
1012 1880 1174 1956 fratribus
1205 1901 1265 1976 per
1291 1880 1486 1956 Boleslaum
1521 1881 1792 1978 Legnicaensem'
1808 1881 1935 1956 Ducem

389 2004 460 2080 fore
487 2003 673 2079 inferenda.

454 2369 634 2445 Iriderionr
660 2371 838 2463 imperator
864 2369 1008 2443 nentur.
1044 2369 1075 2441 la
1104 2367 1332 2442 cancellarium
1359 2386 1453 2441 anun
1480 2387 1522 2441 ex
1549 2369 1770 2443 ructuatione
1798 2371 1888 2449 laiac

978 2493 1168 2564 accuratum
1196 2490 1353 2563 caecavit.

493 2732 684 2809 Fridericus
711 2731 852 2825 quartus
878 2732 1107 2807 Romanorum
1133 2731 1333 2827 Imperator,
1362 2733 1405 2806 ab
1423 2730 1569 2826 Imperio
1595 2733 1631 2807 et
1657 2731 1794 2809 Siciliae
1821 2734 1938 2830 Regno

390 2877 450 2952 par
477 2854 712 2930 Innocentium
739 2853 898 2947 quartum
925 2851 1177 2929 sententialiter
1203 2852 1386 2949 depositus,
1415 2875 1458 2928 ax
1486 2851 1602 2946 Italia,
1641 2854 1698 2928 ubi
1725 2855 1843 2948 plures
1870 2855 1938 2929 cla-

390 2979 448 3052 des
475 2977 510 3051 et
537 2975 723 3051 infortunia
754 2975 942 3069 pertulerat
957 2973 996 3068 ²),
1034 2974 1219 3069 Napuliam
1235 2971 1264 3068 3)
1291 2973 1437 3066 veniens,
1475 2973 1571 3068 gravi
1606 2974 1819 3070 aegritudine
1850 2976 1940 3070 apud

333 3129 334 3134 Ν
392 3099 618 3174 Feremsolem
636 3117 781 3191 pressus,
811 3095 883 3170 sine
904 3095 1113 3190 poenitentia
1130 3097 1166 3171 et
1183 3095 1219 3169 in
1238 3093 1467 3170 anathematis
1493 3094 1627 3170 vinculo
1654 3095 1807 3171 moritur.
1836 3096 1939 3192 Quem

391 3221 499 3294 fertur
525 3219 721 3292 hlanfradus
748 3217 841 3292 filius
868 3216 941 3292 sius
969 3217 1138 3291 naturalis
1165 3217 1339 3312 (Regnum
1365 3215 1503 3292 Siciliae
1525 3218 1560 3291 st
1577 3217 1755 3292 thesauros
1781 3219 1943 3312 paternos

391 3341 557 3434 ambiens)
592 3363 657 3414 uno
685 3339 864 3415 secretario
891 3338 1111 3434 Imperatoris
1148 3338 1289 3430 conscio,
1327 3361 1369 3414 ne
1395 3361 1439 3415 ex
1465 3337 1677 3432 infirmitate,
1715 3363 1782 3432 qua
1809 3341 1942 3416 detine·

391 3467 502 3554 batur,
531 3463 788 3552 convalesceret,
818 3461 950 3536 cussino
977 3483 1077 3554 super
1104 3459 1224 3536 faciem
1252 3459 1324 3536 eius
1351 3459 1472 3556 posito,
1510 3462 1698 3536 suffocasse.
1745 3462 1810 3557 Qui
1837 3463 1942 3538 etiam

391 3586 597 3675 Mandredus,
626 3585 733 3658 morte
765 3582 928 3658 Friderioi
965 3584 1091 3672 secuta,
1129 3582 1313 3656 dominium
1349 3581 1460 3678 Regni
1498 3581 1636 3659 Siciliae
1651 3583 1679 3677 ⁴)
1715 3605 1882 3679 usurpare
1908 3586 1943 3660 et

392 3729 552 3802 occuparo
571 3706 691 3800 coepit,
721 3727 825 3797 aquo
853 3705 951 3778 illum
971 3705 1145 3779 cunradus
1168 3705 1256 3796 Rex,
1287 3703 1379 3777 filius
1406 3703 1582 3800 legitimus
1609 3704 1773 3782 I'ridevici
1800 3706 1842 3781 de
1870 3707 1942 3781 filia

392 3829 554 3904 Iohannis
580 3827 686 3923 Regis
713 3825 1014 3922 Hierosolymitani
1042 3827 1227 3920 susceptae,
1257 3827 1292 3900 et
1314 3827 1413 3918 queri
1441 3825 1578 3901 Siciliae
1605 3829 1745 3932 barones
1773 3826 1942 3922 singulari

393 3950 680 4048 prosequebantur
707 3949 831 4040 favore,
860 3948 992 4024 deiecit.
1021 3947 1087 4022 Hic
1113 3947 1304 4023 Fridcricus
1331 3949 1470 4023 Petrum
1497 3949 1538 4022 de
1564 3947 1681 4025 Vincis
1702 3949 1943 4024 cancellarium

393 4093 490 4146 suum
518 4073 553 4145 et
579 4069 728 4144 omnium
755 4091 869 4143 rerum
906 4091 1044 4143 suarum
1079 4069 1212 4144 fidelem
1239 4069 1275 4142 et
1302 4067 1561 4143 solertIssimum
1588 4070 1787 4161 curatorem,
1817 4068 1942 4165 viginti

393 4191 599 4267 notabilibus
626 4189 854 4282 curiensibus,
883 4189 1112 4265 coniuratione
1139 4189 1257 4264 contre
1283 4187 1382 4263 illum
1408 4213 1452 4265 ex
1479 4189 1584 4266 livore
1611 4191 1712 4284 iacta,
1740 4190 1942 4286 Imperatori

392 4313 562 4388 Friderico
598 4311 697 4386 illum
724 4311 764 4387 de
791 4311 891 4387 certis
919 4312 954 4386 et
980 4309 1171 4386 enormibus
1202 4309 1398 4386 criminibus
1425 4311 1499 4407 pari
1526 4311 1701 4404 relatione,
1730 4335 1864 4404 unoque
1890 4314 1941 4387 to·

394 4457 473 4509 nors
501 4433 684 4528 separatim
711 4433 956 4524 accusantibus
985 4433 1085 4507 fidem
1113 4433 1300 4526 praestans,
1331 4434 1472 4526 utroque
1499 4433 1627 4508 lumine
1655 4433 1859 4522 excaecavit
1888 4456 1942 4509 ac-

394 4555 568 4631 cusatione
603 4539 738 4630 tandem
774 4553 934 4645 discussa,
972 4576 1048 4629 cum
1084 4553 1183 4627 illum
1211 4553 1422 4630 innocentem
1458 4554 1692 4650 comperisset,
1730 4555 1944 4632 vehementer

395 4675 515 4752 doluit.
561 4677 683 4751 Petrus
710 4698 786 4752 vero
814 4674 998 4750 devincis
1025 4673 1248 4770 privationem
1274 4675 1442 4750 luminum
1470 4675 1707 4771 impatientius
1733 4677 1859 4768 ferens,
1888 4699 1943 4752 ca·

394 4800 457 4894 put
484 4799 526 4872 ad
554 4799 684 4892 petram
711 4797 866 4888 allidens,
896 4796 1136 4873 miserabiliter
1161 4797 1342 4892 expiravit.
1383 4797 1447 4892 Qui
1474 4799 1551 4893 post
1577 4797 1847 4893 caecationem⁵b
1874 4799 1944 4872 Im·

394 4919 541 5015 peratori
570 4917 806 4993 reconciliatus
832 4918 868 4993 in
895 4919 971 4993 dolo
998 4916 1178 5009 consuluit,
1218 4919 1257 4993 ut
1292 4918 1335 4992 ad
1360 4919 1614 4995 rescindendam
1650 4921 1850 5014 egestatem,
1878 4941 1945 5013 qna

394 5041 571 5127 laborabat
597 5041 758 5131 extreme,
787 5040 936 5115 omniurn
962 5039 1190 5114 clenodiorum
1216 5038 1253 5113 in
1280 5039 1427 5135 Imperio
1453 5041 1489 5115 et
1515 5042 1634 5137 Regno
1661 5041 1798 5116 Siciliae
1816 5040 1942 5116 consis-

395 5162 542 5236 lentium
579 5161 798 5236 ecclesiarum
842 5161 1011 5258 acciperet
1045 5160 1280 5236 medietatem:
1322 5161 1380 5254 qni
1418 5184 1494 5238 cum
1535 5162 1569 5236 id
1608 5161 1786 5238 consilium
1823 5161 1944 5238 brissei

504 5439 528 5517 ¹)
551 5441 709 5515 discerpsit
734 5438 804 5502 Ood.
828 5439 921 5500 Rorr.
961 5437 1174 5516 ⁹)pertnlerat
1203 5438 1280 5500 dccet
1310 5441 1345 5500 a'a
1379 5438 1448 5504 (lod.
1471 5438 1546 5502 Aut.
1587 5436 1665 5519 ³)in
1687 5439 1862 5518 Neapoliam
1885 5439 1943 5502 Ed.

396 5540 482 5623 Lapa.
524 5540 550 5622 ⁴)
574 5544 692 5608 Siciliae
715 5545 793 5606 deest
815 5545 850 5607 o'o
876 5542 945 5605 Cod.
969 5541 1041 5608 Act.
1078 5539 1104 5624 ⁵)
1127 5545 1300 5606 caecitatem
1323 5545 1383 5606 Ed.
1407 5540 1493 5626 Lips.
