4140 6298
166 579 226 678 (Α.
244 579 296 660 D.
315 580 425 676 1241.)
776 603 889 656 nrnxn
916 602 1111 657 servanus.
1641 584 1714 658 271

164 914 446 990 maturarimus
474 933 532 989 om
559 917 593 988 ct
619 914 741 988 civitas
767 932 824 1006 por
850 899 1214 1002 llartsrcs'mslatvr,
1242 919 1277 988 cl
1303 932 1363 988 arx
1381 913 1422 988 ab
1441 933 1552 988 somn
1579 915 1720 989 obsidio·

165 1055 214 1126 m,
241 1036 315 1112 visa
342 1037 492 1112 colunne
519 1037 632 1129 ignca,
668 1053 752 1130 quac
780 1055 876 1129 super
912 1040 1010 1128 capnt
1036 1036 1187 1110 monachi
1223 1037 1348 1151 orantis
1375 1039 1468 1112 ouclo
1496 1035 1720 1128 descenderat,

862 1157 1026 1234 liberatur.

271 1399 364 1476 Urbe
398 1399 609 1477 cracoviensi
645 1402 768 1477 exusta
804 1403 840 1477 et
875 1402 1009 1478 vastata
1044 1402 1079 1476 et
1114 1401 1268 1478 incendio
1304 1403 1504 1498 consumpta
1524 1404 1568 1498 ¹),
1605 1404 1720 1500 Bathy

164 1523 408 1598 'I'hartarorum
444 1522 521 1598 Rex
556 1544 632 1598 cum
667 1522 861 1618 agminibus
888 1522 959 1598 suis
985 1545 1101 1598 versus
1129 1521 1384 1600 Wratislaviam
1419 1525 1523 1618 (hana
1549 1524 1677 1620 qnippe
1691 1525 1720 1618 ²)

164 1645 346 1720 secundam
381 1645 584 1720 Polonornm
619 1646 733 1721 urbem
771 1645 881 1740 magis
916 1645 1078 1720 famosam
1105 1647 1141 1719 et
1168 1645 1337 1741 insignem
1373 1645 1551 1742 didicerat)
1582 1648 1719 1721 conten-

166 1766 230 1858 dit,
259 1769 294 1842 et
321 1789 381 1862 per
407 1767 568 1863 oppidum
595 1767 854 1844 Rathiboriense
869 1766 898 1862 3)
925 1767 1049 1842 ducens
1076 1767 1226 1863 agmina,
1255 1767 1394 1844 fluvium
1413 1769 1512 1862 Odra,
1536 1767 1610 1844 illic
1636 1792 1720 1864 pon·

165 1891 219 1963 tes
247 1888 402 1985 singulos
437 1889 609 1985 disruptos
636 1892 672 1966 et
698 1889 941 1966 exterminatos
975 1889 1157 1984 reperiens,
1195 1892 1255 1966 aut
1282 1891 1375 1982 vado,
1400 1893 1461 1965 aut
1493 1890 1719 1986 navigatione,

165 2032 235 2102 qua
262 2011 421 2086 Thamari
449 2013 543 2087 ultra
570 2033 685 2087 omncs
711 2012 865 2087 nationes
883 2010 973 2086 orbis
992 2012 1135 2106 pollent,
1164 2011 1348 2106 superavit.
1377 2012 1490 2087 Unam
1513 2015 1626 2087 autem
1646 2014 1720 2087 tur-

165 2153 257 2206 mam
284 2132 525 2208 'lhartarorum
552 2133 675 2208 Odram
702 2135 950 2229 transgressam
987 2136 1022 2208 et
1062 2133 1284 2209 discursiones
1318 2133 1501 2228 praedandi
1527 2133 1640 2228 gratia
1667 2135 1720 2208 in·
1840 2217 1844 2223 ,

165 2253 302 2330 cautius
328 2256 499 2350 agentem,
535 2256 746 2352 Myecaalaus
760 2255 789 2350 4)
821 2255 1046 2330 Kanimirides
1082 2255 1274 2350 Opoliensis
1309 2256 1388 2330 Dux
1425 2255 1509 2330 inito
1536 2255 1720 2332 certamine

165 2376 342 2471 superavit
367 2378 402 2452 et
429 2399 536 2470 usque
562 2379 605 2454 ad
632 2378 896 2455 internecionem
920 2377 1055 2454 delevit.
1084 2378 1150 2454 Sed
1168 2400 1243 2454 oum
1262 2375 1457 2454 universum
1480 2377 1721 2453 Tbevtarorum

166 2519 291 2594 agmen
318 2519 433 2574 necem
460 2521 596 2578 suorum
632 2499 880 2576 vindicaturum
916 2499 1090 2576 celerrime
1126 2499 1388 2596 supervenisset,
1426 2500 1506 2574 Dux
1532 2499 1721 2595 Opoliensis

166 2620 378 2715 llyecnslans
404 2620 624 2698 multitudine
651 2643 764 2698 eorum
792 2622 1011 2714 conterritus,
1040 2617 1083 2697 ad
1109 2623 1250 2699 fratrem
1277 2644 1351 2696 snm
1378 2621 1563 2698 Henricum
1590 2620 1720 2698 anti·

166 2739 373 2816 aleriensem
399 2742 537 2834 Ilucem,
575 2740 686 2816 tilium
712 2741 814 2818 Ducis
841 2742 980 2819 Henrici
1008 2764 1083 2818 cum
1110 2743 1223 2834 barba,
1257 2764 1356 2835 quem
1382 2744 1418 2817 et
1444 2763 1487 2818 ex
1514 2741 1660 2838 propriis
1686 2743 1722 2815 et

165 2881 212 2938 ex
238 2862 432 2939 auxiliariis
458 2865 575 2940 contra
601 2865 785 2941 'lhurtaros
821 2887 940 2960 parare
967 2863 1153 2942 exereitum
1190 2866 1402 2960 cognoverat,
1441 2863 1477 2937 in
1504 2863 1719 2960 Legniczam,

166 2982 225 3058 nbi
251 2984 423 3061 Henricus
448 2987 590 3080 cogebat
617 2985 814 3078 exercitum,
843 2986 992 3083 diffugit,
1021 2986 1129 3060 satius
1156 2985 1273 3060 unitus
1300 2985 1447 3060 Henrico
1473 2987 1590 3060 contra
1612 2986 1719 3061 Thar-

165 3107 271 3199 taros,
290 3129 393 3202 quarn
421 3106 567 3204 propriis
593 3107 721 3184 viribus
748 3108 980 3184 dimicaturus.
1009 3107 1374 3184 ARathiborienaibus
1401 3106 1537 3183 stativis
1563 3107 1722 3183 Thartari

167 3227 274 3304 citato
300 3249 401 3304 cursu
428 3230 471 3306 ad
497 3229 754 3324 wratislaviam
781 3219 976 3326 applicant
997 3229 1104 3326 Quam
1131 3253 1207 3306 cum
1234 3230 1334 3322 cives,
1360 3251 1484 3325 pavore
1510 3228 1627 3322 simili,
1656 3252 1722 3323 quo

166 3351 203 3424 et
228 3349 475 3444 Oracovienses,
511 3373 785 3445 unumquemque
821 3353 1034 3448 pervadente,
1072 3353 1154 3428 adeo
1190 3354 1229 3426 ut
1256 3351 1366 3447 magis
1400 3350 1558 3447 pretiosis
1591 3351 1720 3426 tumul·

165 3471 278 3547 tueris
303 3474 340 3548 et
366 3473 493 3569 raptim
520 3474 779 3570 comprehensis,
817 3474 990 3551 civitatem
1026 3497 1092 3550 non
1125 3475 1233 3550 solum
1269 3473 1474 3550 victualibus
1501 3474 1559 3550 sed
1587 3476 1621 3548 et
1647 3474 1720 3570 opi-

165 3593 230 3667 bus
258 3593 415 3688 pluribus
442 3595 614 3688 refertam,
642 3595 810 3688 certatim,
849 3596 946 3689 qnasi
979 3595 1138 3671 Thartari
1173 3615 1297 3672 coram·
1311 3596 1478 3688 adessent,
1515 3595 1722 3691 diffugiendo

166 3715 410 3807 reliquissent:
438 3716 566 3794 milites
591 3721 627 3794 et
653 3720 773 3814 gentes
800 3717 940 3793 Henrici
964 3717 1109 3809 deame,
1139 3739 1240 3808 quam
1258 3717 1435 3792 tutandam
1454 3720 1719 3812 assumpserant,

165 3839 294 3933 egressi
331 3841 367 3914 et
403 3861 483 3935 opes
517 3842 554 3916 et
579 3841 743 3918 victualia
779 3863 904 3936 magna
938 3839 1112 3916 celeritate
1139 3839 1174 3914 in
1201 3842 1350 3916 castrum
1381 3839 1556 3932 invehunt,
1585 3841 1620 3914 et
1646 3843 1721 3916 tum

166 3961 301 4036 demum
327 3964 523 4038 evacuatam
552 3965 679 4056 urbem,
708 3963 825 4040 solerti
852 3963 993 4040 consilio
1020 3963 1083 4054 usi,
1112 3985 1155 4037 ne
1182 3962 1340 4038 'lhartari
1366 3961 1439 4037 eins
1465 3963 1519 4038 vel
1542 3961 1643 4039 tectis
1661 3985 1721 4058 po·

165 4081 226 4158 tiri
254 4083 393 4178 possent
420 4085 522 4160 etde
549 4083 623 4161 eius
649 4085 914 4180 conflagratione
941 4084 1092 4180 gloriari,
1122 4085 1175 4160 vel
1194 4083 1266 4158 illio
1293 4083 1396 4180 ligere
1422 4083 1558 4178 stativa,
1588 4084 1721 4161 iniectis

166 4204 313 4279 flammis
340 4205 535 4282 incendunt.
582 4207 749 4282 Exustam
765 4209 900 4300 autem,
930 4209 966 4281 et
993 4209 1065 4283 tam
1091 4205 1284 4282 hominibus
1319 4227 1420 4299 quam
1454 4208 1553 4282 rebus
1576 4207 1719 4300 quibus-

165 4325 252 4402 libet
278 4327 436 4402 'lhartari
464 4327 670 4423 reperientes
698 4329 1013 4406 Wratislaviensem
1040 4330 1156 4404 urbem
1182 4349 1333 4420 vacuam,
1362 4330 1511 4404 castrum
1536 4329 1720 4406 Wratisla·

164 4447 283 4524 visnse
310 4449 580 4526 circumvallant.
626 4451 751 4528 Verum
788 4474 863 4527 cum
895 4451 1100 4527 obsidionem
1128 4450 1164 4525 in
1191 4449 1262 4526 dies
1289 4449 1431 4544 aliquot,
1468 4451 1721 4547 expugnatione

166 4593 235 4645 non
262 4571 409 4664 tentata,
437 4571 695 4666 protraxissent,
724 4573 830 4648 trater
856 4573 1014 4648 caesiano
1041 4571 1167 4648 ordinis
1193 4572 1477 4664 Praedicatorum,
1502 4572 1639 4648 natione
1657 4575 1720 4648 Po·

166 4692 267 4768 lonus
302 4695 337 4768 et
372 4693 567 4772 monasterii
603 4693 719 4770 Sancti
755 4693 932 4770 Addmrti
968 4693 1003 4768 in
1019 4692 1258 4788 ¹Wratisluvia
1295 4693 1424 4788 primus
1461 4693 1562 4789 prior,
1600 4694 1658 4786 qui
1685 4697 1721 4770 et

164 4813 304 4909 ipsein
331 4815 480 4890 castrum
507 4814 791 4892 Wratisleviense
818 4837 893 4890 cum
921 4815 1085 4891 fratribus
1119 4815 1172 4890 eui
1206 4814 1333 4889 ordinis
1360 4817 1395 4890 et
1421 4813 1499 4890 aliis
1525 4815 1652 4890 (lhristi
1679 4815 1720 4888 fi·

165 4937 300 5013 delibus
326 4938 536 5034 confugerat,
565 4939 717 5015 oratione
743 4960 819 5014 cum
846 4937 1021 5014 lachrimis
1047 4939 1090 5012 ad
1117 4939 1224 5014 Mum
1250 4939 1356 5013 effusa
1383 4937 1588 5014 obsidionem
1615 4938 1720 5032 depu-

164 5059 219 5136 lit.
266 5060 317 5134 llo
343 5060 508 5154 siquidem
536 5059 572 5134 in
599 5061 750 5136 oratione
787 5060 1000 5156 persistente,
1038 5061 1194 5136 columna
1229 5060 1330 5155 ignea
1364 5059 1405 5134 do
1432 5060 1522 5134 coelo
1557 5059 1722 5136 divinitus

164 5204 268 5278 super
293 5183 398 5277 capnt
430 5182 503 5258 eius
538 5181 709 5259 descendit
744 5183 779 5257 et
815 5182 1005 5259 universum
1042 5182 1251 5258 territorium
1286 5183 1390 5274 atque
1425 5181 1535 5256 locum
1571 5181 1720 5260 civitatis

276 5459 300 5540 ¹)
323 5469 427 5526 exusta
452 5461 524 5524 dod.
547 5463 638 5526 Roar.
678 5457 808 5546 ⁹)enirn
831 5461 903 5526 Oool.
927 5461 1036 5541 dicar.¹
1055 5458 1083 5541 ³)
1106 5461 1288 5526 Ratiboriam
1311 5461 1370 5524 Ed.
1393 5461 1479 5540 seps.
1518 5457 1547 5541 ⁴)
1568 5463 1718 5527 Meczlaus

163 5567 225 5630 Ed.
248 5565 336 5645 Lipe.
