4140 6298
163 525 226 622 (Α.
246 523 296 604 D.
314 525 437 621 1242.)
774 547 886 600 ursus
912 546 1108 602 susumus.
1638 529 1713 603 289

161 735 303 812 mons
324 734 365 812 'et
390 733 604 832 conflagrans
629 733 806 827 incendiis,
843 757 1004 832 magnam
1037 757 1080 811 ex
1106 733 1256 812 lloravia
1291 731 1450 831 praedam
1477 734 1514 810 in
1540 733 1716 812 Austriam

160 855 297 953 depulit
317 857 353 953 ¹),
381 857 548 954 illamque
573 879 705 934 omnam
732 856 823 935 inter
849 857 979 934 milites
1006 857 1191 954 dispertiit,
1219 859 1350 934 nullam
1378 879 1500 955 passus
1527 859 1569 935 ob
1591 857 1627 933 id
1646 881 1717 934 mo·
1814 937 1817 942 ,
1959 852 1963 861 ’

161 977 302 1056 lectiam
328 980 389 1056 aut
415 979 670 1058 adversitatem.

197 1347 406 1424 lucentius
432 1352 569 1444 quadus
594 1348 681 1443 laps
708 1349 849 1442 cligitur,
876 1351 911 1424 ct
937 1347 1114 1423 barcilian
1141 1351 1257 1424 contra
1282 1349 1511 1442 inperatorem
1537 1347 1682 1443 lugduni

868 1471 1021 1546 celebrat
1664 1465 1666 1471 ‘

270 1711 354 1788 (lum
381 1711 515 1810 integro
547 1713 619 1790 isra
653 1710 790 1789 biennio
825 1713 929 1789 Sedes
964 1711 1162 1809 Apostolica
1197 1715 1361 1806 vacasset
1398 1713 1595 1792 dardinales
1630 1715 1720 1812 apud

163 1831 338 1909 Ananiam
365 1835 538 1930 utcunque
565 1835 712 1928 collecti,
749 1835 961 1911 Simbaldum
977 1835 1005 1931 ²)
1037 1835 1255 1912 leodiensem
1292 1836 1564 1913 archidiaconum
1591 1837 1627 1912 in
1653 1839 1719 1911 Pa·

165 1975 245 2050 pam
269 1955 421 2052 eligunt,
460 1956 520 2049 qui
555 1956 775 2034 Innocentius
809 1959 954 2049 quartus
988 1957 1187 2052 appellatus
1212 1959 1276 2034 cat.
1321 1957 1385 2054 Qui
1401 1957 1430 2054 ³)
1460 1981 1548 2034 anno
1574 1957 1719 2035 secundo

164 2077 393 2155 Pontificatus
419 2080 486 2173 sui,
516 2081 658 2156 conatus
684 2078 848 2156 Pridsrici
875 2079 1107 2176 Imperatoris,
1144 2102 1229 2174 quos
1255 2080 1469 2177 benignitate
1494 2084 1638 2176 paterna
1665 2102 1720 2156 sa·
1839 2177 1842 2182 Ι

166 2220 247 2275 nare
274 2225 341 2276 nou
369 2201 515 2296 poterat,
543 2223 777 2298 oppressurus,
805 2201 842 2276 in
860 2201 1039 2279 Franciam
1057 2223 1094 2280 sa
1112 2202 1259 2279 contulit
1285 2203 1326 2279 et
1347 2201 1507 2300 Lugduni
1534 2202 1719 2279 concilium

51 2369 56 2374 -
165 2321 365 2400 celebravit.

565 2690 707 2766 wislam
735 2691 910 2786 opiscopus
937 2692 1160 2768 cracoviensis
1186 2693 1332 2768 noritur.

272 2932 393 3010 Idibus
419 2932 536 3009 Martii
562 2933 717 3012 Wialaus
743 2934 975 3012 (tracoviensia
1011 2936 1199 3034 episcopus,
1237 2959 1313 3013 cum
1349 2935 1449 3014 annis
1485 2937 1658 3014 duodecim
1685 2935 1722 3012 in

168 3055 330 3132 cathedra
365 3055 577 3132 cracoviensi
612 3057 859 3154 praesedisset,
887 3061 923 3135 et
949 3059 992 3134 ad
1019 3059 1278 3154 promovendam
1312 3059 1598 3136 canonisationem
1631 3059 1723 3135 beati

171 3177 340 3254 Stanislui
367 3177 597 3256 cracoviensis
624 3179 776 3276 episcopi
808 3181 920 3256 multa
946 3181 1186 3258 miraculorum
1226 3181 1438 3257 sublimitate
1465 3182 1534 3257 iam
1559 3185 1643 3258 tunc
1668 3201 1730 3257 rs··

170 3300 352 3398 fulgentis,
379 3301 494 3400 segnis
521 3305 557 3379 et
584 3303 703 3379 tardus
729 3303 827 3397 forat,
856 3303 1000 3380 moritur
1025 3305 1061 3380 et
1088 3303 1124 3378 in
1151 3303 1293 3381 ecclesia
1318 3305 1530 3381 dracoviensi
1547 3305 1723 3400 sepelitur.

170 3422 274 3500 buius
300 3424 406 3502 ctiam
431 3427 548 3522 torpor
573 3427 609 3502 at
636 3425 802 3522 segniciae
829 3425 981 3502 Falislao
1007 3429 1043 3504 et
1069 3426 1284 3503 dominicallc
1309 3429 1346 3503 et
1371 3427 1477 3502 militi
1510 3427 1724 3512 cracoviensi

170 3567 230 3644 per
256 3547 406 3640 quietem
432 3549 644 3625 monstratus
658 3549 688 3644 ⁴)
714 3550 779 3624 ost
824 3548 1012 3625 Videbatur
1040 3549 1130 3624 anim
1157 3549 1234 3642 sibi,
1262 3549 1351 3643 quod
1377 3551 1421 3626 ad
1448 3549 1624 3627 ecclesiam
1649 3572 1724 3625 ma·

169 3669 275 3746 iorem
301 3669 556 3746 Gracovianasm
583 3670 697 3767 gratia
721 3670 879 3746 audiendi
898 3671 1087 3747 divinorum
1106 3693 1303 3768 properans,
1331 3671 1501 3749 Wislaum
1529 3671 1724 3768 episcopum

170 3790 206 3866 in
234 3791 320 3888 pede
346 3793 471 3868 montis
499 3793 646 3869 induviis
674 3793 927 3889 pontificalibus
953 3817 989 3870 sa
1016 3793 1220 3890 spoliantem
1257 3793 1472 3884 offendisset;
1511 3795 1725 3871 vehementer

170 3913 328 4007 miratus,
356 3915 439 4006 quid
466 3915 532 3991 sibi
558 3915 763 4012 exspoliatio
789 3916 866 4012 ipsa
899 3917 1015 4008 vellet,
1055 3915 1183 3992 tacitus
1219 3916 1404 4013 cogitabat.
1450 3915 1555 3992 buius
1581 3917 1724 3991 occultis

170 4035 436 4132 cogitationibus
462 4037 638 4134 episcopus
664 4038 819 4116 Wislaus
854 4039 1077 4134 respondens:
1114 4038 1190 4113 Non
1217 4038 1362 4130 mireris,
1396 4037 1525 4132 inquit,
1554 4037 1584 4112 si
1611 4037 1725 4133 ponti·

170 4156 328 4234 ficalibus
345 4159 517 4254 exspolier
543 4162 578 4236 et
604 4159 738 4256 ingredi
764 4161 940 4236 ecclesiam
967 4183 1076 4237 msam
1103 4162 1217 4235 vetor:
1246 4159 1405 4254 quoniam
1430 4183 1507 4236 cum
1525 4159 1625 4234 annis
1643 4161 1724 4234 duo·

171 4278 281 4356 decim
307 4281 464 4376 pontifex
491 4281 566 4358 sius
591 4281 733 4376 lasum,
765 4305 939 4377 nunquam
966 4281 1253 4360 canonisationsm
1279 4282 1372 4358 beati
1398 4281 1565 4358 Stanislai
1593 4267 1741 4377 promo-J

170 4423 252 4478 vero
278 4401 406 4479 curavi
441 4403 488 4479 Et
514 4423 557 4480 na
583 4402 619 4479 in
645 4405 735 4480 hano
761 4404 986 4500 muscipulam
1014 4425 1184 4480 successor
1210 4425 1304 4480 meus
1326 4405 1524 4480 Prandotha
1549 4403 1659 4497 cadat,
1687 4405 1727 4478 tu

173 4523 276 4600 illurn
302 4547 376 4600 meo
402 4523 537 4602 nomine
564 4525 718 4602 admone.
763 4526 933 4602 Successit
960 4525 1127 4620 siquidem
1154 4525 1220 4600 sibi
1247 4526 1423 4620 praefatus
1449 4525 1646 4602 Prandotha
1671 4548 1726 4601 ar·

171 4645 391 4724 cluidiaconus
416 4647 647 4724 bracariensis
673 4651 709 4724 at
725 4647 907 4724 canonicus
933 4647 1230 4740 Sandomiriensis‚
1258 4649 1300 4722 de
1326 4649 1424 4724 domo
1450 4647 1673 4723 Odrovvansch
1691 4647 1726 4723 at

171 4767 262 4846 villa
285 4769 482 4867 Byalacnovv
509 4771 616 4863 ortua,
646 4772 689 4846 ab
715 4771 871 4847 omnibus
898 4769 1107 4866 eligentibus
1141 4771 1244 4864 (quod
1271 4793 1438 4864 nusquam
1464 4771 1519 4846 vel
1547 4793 1621 4844 ravo
1647 4791 1727 4844 con-

170 4891 271 4987 tigit)
297 4891 354 4968 via
378 4891 538 4968 scrutinii
573 4893 781 4969 concorditer
807 4893 947 4985 electus,
983 4895 1019 4968 at
1045 4892 1082 4967 in
1108 4892 1163 4968 dis
1190 4891 1282 4968 beati
1308 4891 1440 4968 Urbani
1466 4893 1680 4967 consecratus
1707 4913 1728 4966 a

170 5012 322 5090 Fulcona
348 5013 560 5108 ausonensi,
596 5015 756 5090 mandato
791 5015 983 5092 iunocentii
1010 5017 1125 5110 Papae
1140 5014 1168 5110 6)
1195 5015 1321 5106 quarti.
1366 5014 1547 5090 Praefatae
1573 5013 1728 5092 Wislaus

170 5135 361 5232 opiscopus,
390 5159 467 5214 cum
494 5139 584 5214 osset
609 5137 661 5214 vir
688 5135 848 5234 providus
874 5137 1113 5232 addiscamus,
1141 5135 1415 5230 controversiam,
1443 5157 1530 5230 quae
1548 5136 1640 5210 inter
1657 5137 1729 5212 tres

282 5415 437 5494 ¹)detulit
459 5417 520 5480 Ed.
542 5413 629 5494 Ltpr.
670 5413 864 5495 ⁹)sinbaloz
888 5417 948 5478 Ed.
972 5410 1059 5493 Lapa.
1098 5413 1126 5495 θ)
1148 5413 1177 5480 Is
1203 5415 1275 5480 doc.
1297 5417 1390 5478 Rosr.
1429 5411 1457 5495 ⁴)
1478 5421 1641 5478 monsbata
1666 5415 1725 5476 Ed.

170 5514 260 5600 Lapa.
300 5517 330 5595 ⁶)
352 5521 451 5598 Papae
472 5521 553 5585 decet
573 5523 610 5584 ia
636 5519 707 5585 Ood.
731 5520 804 5584 Aac.

221 5640 244 5686 J.
258 5639 351 5694 Νῦσα.
365 5639 451 5684 mear.
464 5640 544 5686 Polou.
558 5640 585 5684 s.
598 5639 632 5684 11.
1539 5643 1572 5698 27
