4140 6298
155 555 218 650 (Α.
240 555 287 630 D.
307 555 428 650 1247.)
771 578 882 629 arnna
908 579 1102 632 sarrrmus.
1368 631 1370 642 ,
1632 561 1706 633 313
1781 513 1786 523 ¹

155 765 277 842 maiori
314 765 456 842 ecclesia
492 763 668 859 sepelitur,
705 764 788 838 duce
824 763 912 841 filios
948 763 1160 839 Kaaimirum
1196 765 1230 842 ct
1257 765 1464 843 Semouitum
1502 765 1708 858 relinquens:

154 887 358 980 intorques
390 886 505 962 subita
531 884 736 962 concertatio
771 907 872 980 super
908 886 1037 962 relictis
1073 886 1226 982 paternis
1261 887 1513 983 Principatibue
1544 889 1708 965 exoritur.

153 1009 225 1084 Vix
252 1009 343 1083 euim
371 1008 480 1104 patris
506 1031 643 1103 corpore
670 1007 865 1102 sepulturae
902 1009 1071 1101 mandato,
1109 1010 1189 1084 dnm
1225 1009 1335 1084 adhuc
1361 1009 1473 1086 funeri
1500 1032 1560 1085 sno
1587 1013 1709 1088 relicta

152 1151 218 1204 sua
243 1130 373 1226 Agasia
399 1133 435 1206 et
460 1129 553 1205 filius
580 1131 664 1205 natu
691 1128 803 1204 iunior
830 1130 1019 1206 Seruovitue
1047 1129 1138 1205 iusta
1156 1131 1397 1226 persolverent,
1425 1131 1621 1208 Karimirus
1649 1157 1709 1210 aa·

153 1252 195 1326 tn
222 1253 329 1328 maior
356 1252 548 1329 Siradienee
575 1253 735 1345 castrum,
774 1251 856 1329 item
892 1252 1080 1346 Spiczmerz
1101 1253 1124 1346 ¹)
1156 1255 1191 1328 et
1216 1247 1422 1349 Rosapmem
1458 1279 1501 1330 ex
1529 1255 1710 1350 improuiso

154 1374 334 1470 occuparit
359 1377 395 1450 et
421 1376 584 1470 occupata
610 1373 769 1466 detinuit,
797 1374 938 1449 moleste
965 1375 1086 1466 ferens,
1124 1375 1210 1467 quod
1238 1375 1414 1450 dunredue
1441 1377 1538 1470 pater
1565 1401 1708 1472 propon-

155 1494 237 1570 siori
265 1496 432 1573 charitate
458 1495 628 1574 Somorito
655 1495 807 1588 affectus,
835 1497 1049 1570 Plocaensem
1078 1495 1178 1570 illum
1205 1496 1315 1574 sedem
1343 1500 1379 1572 et
1404 1497 1574 1573 Masoriae
1600 1499 1710 1574 Duca-

153 1619 231 1692 tnm
258 1618 410 1694 obtinere
437 1618 554 1696 rireue
581 1619 739 1693 iusserat.

348 1986 599 2079 swaampeume
625 1987 833 2062 temerariae
860 1988 931 2060 ltux
957 1988 1008 2061 tls
1035 2007 1090 2080 per
1118 1987 1298 2062 cruciferos
1325 1985 1523 2081 prodigatur.
1578 2082 1579 2085 b

262 2226 414 2302 Secundo
441 2226 607 2323 Magistro
634 2228 879 2304 cruciferorum
906 2227 1028 2324 Pipino
1055 2227 1142 2304 aliae
1168 2230 1327 2323 Poppoue
1357 2230 1548 2324 absumpto,
1586 2231 1711 2307 tertius
1839 2221 1843 2226 ’

155 2348 327 2424 Henricus
353 2348 394 2422 de
422 2349 510 2424 Vide
536 2350 684 2426 succedit
699 2349 747 2445 ²):
776 2351 835 2443 qui
854 2350 890 2424 in
910 2351 1127 2426 Pomereniee
1153 2353 1244 2425 terre
1271 2352 1419 2425 castrum
1437 2350 1614 2448 (iristburg
1631 2375 1709 2428 corr-

155 2472 306 2562 etrnenr,
335 2469 422 2545 illud
449 2473 628 2566 Fratribus
663 2474 699 2547 et
726 2471 893 2548 militibus
920 2471 1114 2564 communit,
1153 2472 1294 2548 conatus
1327 2473 1523 2548 temerarios
1559 2474 1709 2550 Secuto-

156 2592 314 2686 pellronis
341 2593 558 2669 Pomereuiae
585 2593 689 2668 Ducis
716 2593 853 2670 facilius
878 2595 1106 2690 'repressores
1151 2595 1277 2670 Verum
1313 2595 1529 2690 Suantopellr
1561 2597 1711 2692 tompore

156 2715 346 2809 opportuno
360 2716 547 2811 explorato,
567 2717 716 2792 oestrum
743 2715 921 2811 Oristburg
934 2714 962 2811 ³)
989 2739 1048 2812 per
1066 2713 1207 2790 insidias
1233 2718 1331 2792 nocte
1359 2716 1545 2812 intercipit,
1572 2719 1609 2793 ct
1628 2718 1710 2792 (tru-

156 2835 338 2910 ciferorum
366 2837 491 2932 partim
519 2839 649 2930 necato,
665 2837 792 2932 partim
809 2837 980 2933 captivato
999 2837 1175 2933 praesidio,
1204 2859 1304 2912 enum
1330 2837 1383 2912 illi
1413 2838 1576 2933 imponit;
1605 2839 1710 2913 riola-

155 2956 205 3032 tis
231 2957 369 3053 insuper
395 2957 490 3052 pacis
524 2959 741 3053 sufferentiis,
779 2959 943 3054 plurimos
978 2982 1022 3034 cx
1049 2958 1230 3034 druciferis
1264 2959 1354 3034 circa
1388 2960 1499 3036 Golub
1534 2959 1711 3056 repitent

158 3078 324 3154 extinxit.
358 3080 426 3156 Suo
453 3079 572 3156 deinde
587 3079 616 3175 ⁴)
642 3083 678 3156 ct
703 3082 921 3157 barbarorum
948 3081 1101 3157 exercitu
1127 3083 1343 3177 congregato,
1371 3082 1496 3157 terram
1524 3082 1711 3177 deperien-

156 3223 229 3276 sem
255 3201 423 3276 Karimiri
449 3202 553 3279 Ducis
578 3202 749 3279 hostiliter
763 3203 945 3299 ingressus,
975 3227 1084 3296 neque
1102 3202 1343 3298 impuberibus,
1367 3226 1475 3296 neque
1493 3203 1629 3280 lerninis
1648 3204 1711 3278 mi·

157 3323 382 3418 serendnmb
409 3323 529 3399 duxit:
567 3326 626 3401 sed
661 3326 749 3400 ferro
784 3328 820 3401 et
855 3323 1010 3402 inccndio
1045 3325 1157 3401 omnia
1188 3325 1387 3417 devastans,
1424 3347 1550 3422 inagna
1586 3328 1711 3421 praeda

157 3447 301 3521 onustus
329 3445 365 3519 in
393 3448 542 3522 castrum
568 3468 667 3521 suum
695 3447 889 3542 suyeoreb
917 3469 953 3522 se
980 3447 1119 3542 recepit.
1146 3448 1195 3522 Eo
1223 3448 1337 3522 autem
1362 3447 1545 3542 (lupariam
1572 3449 1712 3522 uastau-

156 3569 205 3660 tc,
234 3567 327 3642 aliud
354 3570 504 3644 castrum
530 3591 551 3644 a
577 3568 742 3664 Magistro
767 3569 917 3646 Henrioo
943 3570 978 3644 ct
1004 3568 1183 3644 Fratribus
1209 3591 1228 3644 e
1255 3569 1391 3664 regione
1415 3569 1515 3644 castri
1535 3569 1713 3664 dristbnrg

157 3691 353 3766 extructum
381 3693 454 3766 eet:
491 3691 533 3766 ad
560 3692 649 3783 quod
676 3691 950 3786 oppugnandum,
980 3691 1309 3783 conquirendumqne
1333 3691 1502 3766 exercitus
1528 3714 1609 3766 snus
1635 3713 1711 3766 curn

158 3811 313 3887 cmribns
339 3816 375 3889 et
401 3813 665 3909 propugnaculis
700 3814 871 3905 accedens,
910 3813 1095 3889 certamine
1134 3811 1219 3888 irrito
1255 3815 1434 3907 superatus
1469 3817 1505 3888 et
1532 3814 1567 3887 in
1594 3813 1711 3908 fugam

130 3956 288 4030 ,versus
317 3935 479 4011 Orucifori
506 3935 659 4010 curribus
686 3937 721 4010 et
748 3937 1000 4027 commeatibus,
1029 3931 1194 4028 rebusque
1222 3934 1378 4028 plurimis
1398 3934 1509 4028 potiti.
1538 3936 1622 4008 Eam
1642 3936 1723 4009 cla·-

157 4057 234 4132 dem
264 4057 376 4131 ultum
403 4057 445 4131 iri
473 4057 732 4152 Suautopollus
767 4059 940 4153 satagens,
978 4081 1062 4132 novo
1097 4057 1248 4132 exercitu
1284 4059 1499 4151 congregato,
1528 4057 1711 4130 rrouuullas

157 4177 274 4273 copiae
301 4179 344 4252 ad
372 4179 603 4254 lacessendum
630 4178 828 4270 cruciferos,
866 4179 923 4272 qui
953 4178 1112 4252 orantia
1140 4179 1249 4252 castro
1265 4163 1464 4272 'Oristburffi
1493 4177 1712 4252 transmittit.

158 4299 254 4391 Quae
280 4299 464 4376 certamine
491 4323 567 4375 cnm
593 4301 774 4376 Oruoiferis
801 4301 897 4392 inito,
935 4323 956 4374 a
982 4299 1161 4376 druciieris
1196 4301 1377 4374 excestre
1412 4299 1592 4394 Orietburg
1618 4299 1712 4390 uicti,

157 4421 240 4496 dum
268 4422 311 4497 ed
337 4422 629 4518 Suantopellronis
649 4423 817 4517 statiani)
843 4422 1049 4518 refugerent,
1080 4422 1224 4496 clamore
1243 4421 1424 4512 incondito,
1453 4443 1552 4516 quom
1579 4421 1713 4516 lugien-

158 4543 201 4618 do
228 4544 383 4636 edebant,
412 4544 494 4619 adeo
522 4543 814 4640 Secutopelkonis
842 4543 1096 4640 perterruerunt
1123 4543 1320 4636 exercitum,
1349 4545 1389 4618 ut
1415 4544 1643 4618 tabernaculis
1661 4565 1714 4618 re·

158 4665 264 4758 lictis,
292 4665 389 4741 trane
414 4667 558 4742 alteram
586 4666 696 4761 ripam
721 4667 863 4758 Wislae,
892 4665 1146 4741 absorbentibus
1172 4666 1354 4740 nonnullos
1382 4666 1492 4757 undis,
1521 4665 1713 4760 diffugeret.
1782 4747 1783 4750 p

157 4787 341 4863 Exercitus
366 4809 444 4864 vero
470 4787 714 4864 drucilerorum
748 4789 783 4862 iu
820 4791 944 4862 terram
986 4787 1204 4862 Pomeraniae
1232 4787 1454 4879 descendens,
1491 4784 1636 4881 marem
1656 4809 1713 4860 ra-

157 4910 341 4985 stationem
368 4932 428 5004 por
455 4910 571 4986 caedes
598 4912 634 4984 et
660 4911 758 5006 ignee
785 4910 901 4985 infert.
931 4909 1001 4984 Sub
1028 4932 1096 5001 qua
1122 4909 1323 5002 vastatione,
1351 4908 1506 4984 omnibus
1533 4907 1661 4983 horreis
1678 4910 1714 4983 et

268 5203 292 5285 ¹)
316 5207 504 5282 Spicaimierz
529 5201 599 5268 Cod.
622 5205 715 5267 Roer.
748 5202 774 5284 α)
798 5207 942 5266 successit
967 5202 1039 5266 Ood.
1063 5205 1156 5266 Roas.
1188 5199 1215 5282 ³)
1239 5203 1392 5277 Gristborg
1419 5200 1490 5264 ooo.
1513 5201 1587 5264 Aac.
1618 5197 1645 5281 ⁴)
1662 5201 1713 5264 dc·

159 5313 249 5388 nique
280 5305 352 5374 Coc.
383 5311 475 5372 Roas.
516 5307 543 5389 5)
564 5310 761 5372 miserandum
794 5309 865 5372 Ood.
900 5309 981 5372 caco.
1020 5306 1048 5388 ⁶)
1072 5309 1210 5373 Szuiecie
1240 5310 1300 5370 Ed.
1331 5309 1418 5385 Lips.
1459 5305 1607 5387 ⁷)oastra
1641 5307 1713 5369 Cod.

158 5417 254 5480 moer.

211 5569 233 5614 J,
247 5567 339 5622 Ill-flou.
355 5565 440 5614 natea
455 5567 534 5612 Polou.
548 5568 574 5610 n.
589 5567 620 5610 11.
1525 5553 1559 5600 40
