4172 6278
370 540 445 614 196
1002 558 1114 612 amna
1140 557 1294 613 currus.
1666 535 1731 642 (Α.
1747 533 1796 611 b.
1812 535 1921 635 1213.)

370 747 480 822 tholdi
505 745 675 824 Menariae
696 747 721 841 ¹)
747 747 782 821 et
808 745 1003 822 Corinthiae
1028 745 1144 837 Ducis,
1173 765 1284 822 sorore
1308 765 1474 842 germana
1498 745 1643 822 Sanctae
1668 744 1833 841 Hodoigis
1849 747 1919 822 Du·

371 869 477 945 cissae
503 869 664 944 Poloniae
679 869 707 964 ²)
733 870 769 945 ot
795 867 935 944 Henrici
962 889 1038 943 cum
1060 869 1165 943 barba
1183 867 1357 959 consortis,
1385 870 1456 943 tros
1483 867 1583 960 filios,
1612 867 1742 959 Belanr,
1770 867 1919 944 doloma-

372 1015 453 1066 num
479 993 515 1067 et
540 989 721 1083 Andrean,
760 991 916 1085 quartam
942 987 1120 1085 quoquel)
1156 991 1289 1066 beatam
1326 989 1488 1066 feminam
1523 988 1702 1066 Elisabeth
1727 990 1919 1086 Lanthgra·

371 1113 434 1188 uio
460 1112 643 1209 duringiae
669 1112 836 1188 liudovico
863 1111 1026 1188 Hermani
1062 1110 1232 1207 Principis
1268 1109 1494 1208 primogenito
1521 1110 1557 1186 in
1582 1113 1697 1188 aetate
1722 1113 1839 1188 tenera
1863 1112 1921 1189 de·

372 1237 565 1330 sponsatam
591 1237 627 1311 et
654 1236 763 1310 multa
793 1234 977 1312 sanctitate
1010 1234 1250 1330 refulgentem,
1288 1231 1510 1329 suscepisset:
1546 1235 1665 1310 tanae
1700 1235 1815 1310 tarem
1842 1255 1922 1310 suae

371 1356 551 1434 felicitatis
578 1357 746 1453 fulgorem
774 1357 922 1448 fortuna,
959 1356 1048 1430 nihil
1074 1357 1118 1431 ad
1144 1357 1282 1452 plenum
1309 1355 1472 1448 tribuens,
1509 1355 1693 1451 caliginoso
1720 1358 1842 1432 eventu
1869 1378 1921 1432 re-

374 1481 475 1575 pente
501 1479 665 1555 confudit.
715 1480 907 1555 Praelatam
935 1478 1101 1572 siqnidem
1126 1477 1295 1574 Reginam
1322 1477 1518 1574 Hungariac
1545 1476 1739 1554 Gertrudim
1765 1498 1854 1552 unua
1879 1498 1923 1554 ex

374 1600 556 1676 maioribus
582 1599 782 1696 Hungariae
808 1599 987 1676 baronibus
1013 1600 1221 1676 Bankbcnus
1247 1601 1395 1693 uocatus,
1414 1600 1455 1674 de
1472 1621 1595 1696 genere
1622 1601 1689 1674 Bor
1707 1597 1867 1674 oriundus
1884 1601 1922 1694 ⁴),

375 1745 530 1798 mucrone
556 1724 843 1814 transverberans,
880 1723 1017 1798 funesta
1052 1720 1215 1798 occisione
1249 1721 1375 1818 Quarto
1410 1721 1572 1798 dolendas
1599 1721 1751 1798 Octobris
1777 1721 1924 1798 necarit

375 1845 479 1920 cuius
506 1843 641 1939 quidem
667 1843 759 1922 nccia
785 1845 869 1920 duae
896 1867 917 1920 c
943 1843 1164 1940 scriptoribus
1191 1844 1349 1920 feruntur
1375 1842 1482 1920 fnisse
1507 1865 1645 1920 musae:
1682 1865 1750 1918 una
1776 1842 1923 1937 quidem,

375 1967 462 2060 quod
489 1967 645 2061 praefata
670 1965 804 2062 Regina
831 1965 1009 2043 [bertrudis
1034 1987 1174 2042 uxorem
1200 1965 1347 2061 praelati
1372 1964 1564 2056 Bankbani,
1592 1964 1628 2040 in
1655 1986 1717 2040 sua
1735 1963 1831 2041 curia
1846 1987 1924 2042 con·

374 2087 565 2178 sistentem,
601 2086 735 2164 cuidam
770 2087 870 2164 fratri
898 2109 958 2163 suo
985 2088 1133 2164 aduenae
1160 2089 1194 2162 et
1221 2087 1348 2183 hospiti
1384 2087 1593 2163 illudendam
1628 2090 1862 2178 consenserat;
1890 2088 1926 2164 in

375 2208 471 2286 cuius
498 2208 633 2285 sceleris
659 2209 824 2286 ultionem
850 2210 1057 2285 Bankbanus
1083 2209 1232 2304 stuprati
1258 2208 1408 2304 coniugii
1444 2231 1596 2304 poenam,
1634 2232 1736 2302 quarn
1761 2233 1783 2284 a
1810 2212 1923 2306 patra·

376 2335 449 2408 tore
475 2355 542 2406 non
569 2330 692 2426 potuit,
729 2353 750 2408 a
789 2331 1015 2408 conciliatrice
1049 2330 1178 2427 exegit.
1224 2332 1290 2406 Sed
1320 2331 1501 2406 absurdum
1536 2331 1688 2424 ridetur,
1726 2335 1767 2407 ut
1800 2331 1927 2408 femina

377 2453 529 2547 alioquin
556 2475 616 2549 per
643 2475 680 2528 se
707 2452 829 2549 pudica
855 2456 890 2530 et
916 2455 1027 2546 casta,
1060 2455 1095 2530 et
1121 2475 1208 2548 quac
1233 2455 1387 2528 mactum
1414 2452 1521 2528 filiam
1548 2456 1783 2550 progenuerat,
1821 2475 1928 2550 genna

377 2597 508 2670 quoque
534 2577 578 2650 ab
603 2574 763 2670 ingenuis
789 2577 824 2652 et
849 2574 1020 2671 religiosis
1047 2575 1245 2671 parentibus
1271 2575 1425 2668 ducebat,
1454 2578 1573 2671 stupra
1599 2577 1634 2652 et
1656 2575 1826 2652 adulteria
1852 2597 1927 2672 pro·

380 2720 513 2775 curasse
539 2697 705 2774 credenda
731 2697 788 2773 sit.
835 2697 917 2773 alia
943 2719 1031 2791 vero,
1059 2697 1148 2792 quod
1174 2718 1251 2773 cum
1277 2696 1430 2774 Andreas
1456 2696 1654 2794 Hungariae
1679 2697 1756 2774 Rex
1782 2698 1825 2773 ad
1850 2719 1927 2775 con·

378 2819 494 2894 silium
520 2818 685 2896 consortis
710 2842 791 2896 suae
818 2818 997 2898 (bertrudis
1023 2820 1140 2916 plures
1165 2819 1329 2896 Almanos
1355 2819 1391 2894 in
1418 2819 1632 2916 Hungariam
1657 2819 1865 2912 accersisset,
1894 2821 1930 2896 et

378 2964 454 3017 curm
480 2941 552 3016 illis
578 2940 756 3018 rebellium
782 2943 1024 3038 Hungarorum
1060 2943 1173 3018 costra
1199 2945 1235 3019 et
1261 2940 1467 3018 munitiones
1493 2943 1717 3038 expugnaret,
1747 2940 1928 3038 magistra·

377 3069 436 3139 tus
462 3086 593 3157 quoque
610 3063 841 3159 Reipublicae,
870 3063 1046 3161 Hungaris
1065 3063 1240 3160 neglectis,
1269 3063 1426 3140 Almonis
1444 3064 1647 3156 mandasset,
1674 3063 1833 3162 Hungari
1851 3085 1927 3140 con·

379 3188 548 3281 temptum
576 3184 619 3260 iri
645 3207 681 3263 se
707 3186 870 3279 dolentes,
899 3186 942 3262 cd
969 3183 1184 3263 occidendum
1211 3187 1342 3282 Regem
1368 3185 1538 3264 Andrean
1556 3185 1763 3282 conspirant.
1790 3187 1929 3264 Etcum

379 3310 561 3403 praebente
588 3307 660 3382 illis
686 3307 837 3384 animum
872 3311 909 3385 et
935 3309 1094 3386 ducatum
1110 3309 1139 3404 ὅ)
1165 3309 1364 3402 Bankbano,
1399 3307 1682 3409 conspirationem
1717 3307 1926 3405 completuri,

379 3430 415 3504 in
442 3429 569 3506 curium
595 3429 703 3526 Regis
728 3429 956 3522 adrcmsmnt,
984 3429 1137 3508 Andreas
1164 3429 1300 3522 quidem
1326 3431 1403 3508 Rex
1429 3453 1450 3506 a
1476 3430 1611 3526 Regina
1637 3430 1797 3508 Gertrudi
1817 3429 1926 3508 amsa·

380 3555 448 3642 tus,
476 3550 612 3646 lugiens
638 3553 780 3628 mortem
805 3551 926 3630 euasit.
972 3553 1179 3628 Bankbanos
1206 3573 1283 3628 vero
1310 3552 1404 3647 Rege
1431 3574 1498 3628 non
1524 3555 1703 3647 comperto,
1732 3552 1929 3630 (imbutam

380 3671 549 3768 Reginam
584 3673 754 3782 supplices
790 3696 912 3753 manus
939 3679 1000 3770 pro
1027 3673 1099 3750 vita
1125 3675 1318 3751 tendentem
1333 3674 1374 3770 ⁶),
1410 3673 1538 3751 lanceis
1563 3676 1600 3750 et
1625 3673 1777 3770 contis⁷i
1803 3675 1929 3770 perica-

380 3815 453 3869 sam
479 3795 705 3871 obtruncarit.
733 3797 775 3870 In
798 3796 893 3872 cuius
921 3796 1012 3872 nocis
1038 3800 1109 3871 tarn
1136 3796 1320 3872 horrendae
1346 3797 1521 3888 ultionem,
1549 3794 1702 3874 Andreas
1719 3796 1798 3872 Rex
1815 3797 1929 3884 Bank-

381 3918 505 3991 barum
532 3917 567 3991 et
593 3939 691 3992 omne
717 3939 826 4012 genus
863 3939 961 3992 suum
989 3919 1031 3992 cd
1058 3917 1354 4014 interemptionem
1382 3939 1488 4010 usque
1514 3919 1550 3993 et
1576 3917 1814 4013 exterminium
1842 3918 1930 3995 dele·

381 4037 443 4113 rit.
470 4037 597 4132 (lorpus
623 4037 776 4134 Reginae
802 4039 929 4116 occisae
947 4040 981 4114 in
1000 4039 1203 4117 monasterio
1221 4040 1262 4117 de
1280 4039 1366 4114 Pilia
1392 4039 1482 4116 iusto
1509 4061 1584 4115 cum
1610 4040 1734 4116 honore
1760 4041 1932 4135 sepultum

382 4161 454 4248 est3
483 4183 568 4253 quae
583 4160 612 4255 8)
640 4161 718 4234 dum
745 4161 884 4254 vireret,
913 4161 949 4236 in
967 4161 1144 4240 ecclesiam
1170 4161 1487 4242 Wratislauiensem
1506 4159 1681 4237 liberalem
1707 4183 1744 4238 se
1770 4161 1933 4238 exbibens

382 4284 417 4356 et
444 4273 649 4372 munificam,
688 4281 832 4358 nobilem
860 4306 1015 4359 coronam
1052 4306 1198 4376 araneum,
1235 4307 1336 4378 quarn
1364 4305 1424 4378 pro
1450 4281 1646 4358 ornamento
1674 4281 1708 4360 in
1736 4283 1853 4359 diebus
1879 4306 1932 4358 so·

382 4403 540 4480 lennibus
566 4406 701 4498 gestare
736 4408 962 4497 consueuerat,
1000 4405 1108 4483 eidem
1139 4405 1301 4483 ecclesiae
1326 4403 1606 4482 Wratislaviensi·
1628 4404 1840 4480 tansmisit:
1865 4429 1935 4497 qua

383 4525 538 4617 condato,
580 4525 671 4600 calix
697 4548 818 4602 aureus
855 4527 953 4602 iuxta
979 4528 1128 4605 eiusdem
1155 4527 1334 4604 Gertrudis
1360 4527 1513 4624 Reginae
1548 4528 1758 4604 uoluntatem
1785 4529 1820 4602 et
1847 4525 1933 4604 desi·

384 4645 513 4722 derium
540 4652 592 4722 ost
619 4647 817 4728 fabricatus.
1658 4675 1661 4680 ·

492 4945 517 5024 ¹)
538 4945 672 5008 Bertoldi
687 4947 839 5008 Moraviac
859 4947 930 5009 Ood.
954 4949 1047 5010 Reor.
1080 4945 1583 5025 ²)Wmtialaviensis0nd.1locr.
1617 4941 1645 5026 ³)
1667 4963 1741 5007 uero
1756 4945 1828 5008 (loci.
1843 4945 1937 5008 baar.

386 5047 413 5126 ⁴)
438 5057 520 5112 ortus
552 5050 623 5114 (lod.
647 5053 740 5113 Roas.
780 5048 806 5130 ⁵)
830 5052 949 5115 ductum
984 5052 1055 5120 ooo.
1078 5053 1171 5119 Roar.
1211 5049 1240 5134 ⁸)
1262 5054 1462 5134 porrigentem
1491 5052 1550 5116 Eat
1574 5052 1670 5118 boor.
1710 5048 1852 5132 bhaatia
1875 5049 1937 5115 Ed.

385 5156 478 5222 Dobr.
518 5153 641 5238 ⁸)baec
667 5157 738 5222 coa.
761 5159 855 5228 Rorr.
