4172 6278
399 533 474 608 220
1026 552 1137 606 arnna
1165 553 1317 606 saxeus.
1672 531 1734 625 (Α.
1755 529 1801 605 D.
1822 528 1941 636 1220.)

456 863 656 937 meristeos
683 863 812 938 ottonis
840 862 919 936 siin
944 862 1074 937 loiorio
1100 863 1252 936 tolonioo
1277 863 1377 936 lineis
1407 862 1496 937 titios
1522 864 1629 937 uuita
1655 863 1831 954 praedator
1857 866 1893 936 st

1096 983 1248 1058 noondit.

502 1224 714 1302 Wlodislous
746 1223 881 1302 Otwnis
915 1223 1054 1300 Maioris
1088 1223 1249 1300 Polonioe
1285 1225 1363 1299 Dux
1399 1224 1560 1320 suffragio
1597 1223 1743 1299 filiorum
1769 1222 1940 1316 Iohannis,

398 1345 577 1422 Altraohti
597 1347 621 1442 ¹)
648 1349 684 1422 et
709 1345 886 1422 Laurentii
913 1345 1060 1437 adiutus,
1098 1345 1337 1422 monasterium
1371 1345 1520 1440 MogiIno
1556 1346 1710 1420 devant
1743 1345 1779 1420 et
1805 1345 1942 1439 deprae

399 1469 510 1542 datur.
555 1466 654 1543 Anno
680 1490 758 1544 uero
784 1466 975 1560 insequenti
1011 1467 1097 1542 idem
1124 1465 1336 1541 Wladisious
1372 1468 1451 1540 Dux
1486 1467 1773 1562 Dobrogostonem
1799 1467 1836 1541 et
1861 1465 1946 1542 aiios

399 1589 525 1664 multos
551 1588 680 1664 nobiles
705 1587 863 1663 Polonioe
889 1585 1020 1679 oeeidit,
1050 1589 1086 1660 et
1111 1587 1230 1662 horrea
1247 1586 1431 1662 Wlsdisiai
1456 1586 1573 1681 Magni
1585 1586 1613 1681 ²)
1639 1586 1674 1660 in
1701 1586 1942 1682 Mpenzupedz,

400 1710 436 1784 et
453 1709 490 1788 in
508 1709 587 1784 aliie
606 1708 699 1784 uillis
717 1709 872 1804 pluribus
899 1707 1133 1803 depraedatur,
1148 1709 1183 1783 et
1210 1707 1370 1799 incendit,
1398 1709 1433 1784 et
1455 1707 1631 1783 Polnniam
1648 1730 1792 1803 magnos
1809 1706 1946 1783 sontior

400 1829 566 1906 restituti.
612 1828 750 1906 Eieotus
776 1828 865 1905 enirn
894 1829 1006 1904 fueret
1041 1827 1171 1923 potenti
1198 1827 1334 1903 brechio
1360 1851 1420 1924 per
1445 1829 1648 1904 Lestknnenr
1674 1831 1800 1904 Dueem
1826 1827 1944 1904 (iraoo-

399 1951 548 2027 viensem
587 1950 623 2024 et
648 1971 708 2044 per
734 1948 960 2028 Wiedislaum
995 1949 1116 2024 Senem
1131 1948 1160 2043 ⁸)
1187 1949 1227 2024 de
1254 1947 1324 2023 suis
1351 1948 1619 2044 Prineipotibus,
1656 1947 1814 2024 videlieet
1840 1948 1945 2024 (talis-

400 2070 504 2147 siensi
531 2071 567 2145 et
592 2070 764 2162 Rudensi,
802 2091 864 2144 nee
899 2069 934 2143 in
961 2069 1119 2145 Poioniae
1154 2071 1272 2165 Regno
1308 2069 1490 2146 oonsistere
1524 2093 1646 2162 ausos,
1683 2070 1720 2144 in
1754 2069 1944 2166 Hungaria,

399 2190 562 2268 Bnhenria
587 2191 622 2265 et
648 2189 807 2266 Almanio
832 2190 931 2264 annis
957 2190 1089 2285 aliquot
1115 2191 1239 2286 agebat
1265 2189 1418 2283 exilium,
1448 2192 1506 2267 sed
1533 2191 1738 2285 affinitatem
1764 2194 1800 2266 ei
1825 2192 1945 2266 sotira

399 2313 460 2408 gia
485 2309 708 2406 Suantnpeioi
735 2310 951 2389 Pomeraniae
976 2311 1149 2406 praefecti,
1187 2312 1335 2387 dueendo
1372 2334 1518 2388 sororem
1544 2312 1617 2387 eius
1643 2312 1678 2386 in
1705 2334 1857 2404 nomm,
1885 2334 1945 2387 aa

400 2435 476 2508 etus
490 2428 530 2528 Ι’),
558 2453 683 2528 poenos
708 2431 917 2508 exiliationis
943 2455 1024 2509 suae
1050 2435 1185 2510 ulturus
1212 2431 1247 2508 in
1274 2433 1413 2532 singule
1447 2455 1663 2530 quaeeunque
1701 2433 1850 2510 nefando
1877 2455 1946 2510 nna

400 2553 493 2632 ximo
519 2555 641 2631 oonstu
667 2555 899 2651 grassabatur.

850 2913 1060 3029 ANNUS
1095 2912 1320 3027 DOMINI
1356 2913 1497 3030 1226.

401 3161 602 3238 ttiodisioao
636 3161 846 3254 uarionopi
882 3165 1026 3236 oestron
1060 3163 1163 3237 daero
1198 3162 1295 3255 ionga
1332 3161 1434 3254 ningit
1470 3161 1638 3236 obsidione
1674 3166 1710 3236 ot
1735 3162 1948 3236 modelena

402 3284 532 3358 ottonis
560 3282 680 3357 ididan
706 3281 848 3357 otendit:
875 3299 973 3375 quon
999 3283 1270 3356 sententiatos
1296 3287 1438 3372 ureret,
1466 3287 1565 3358 neoto
1592 3284 1837 3378 opportunitate
1864 3284 1944 3358 vn·

402 3402 529 3480 diriora
556 3405 688 3480 dttonio
715 3405 748 3478 in
775 3408 888 3480 aaron
913 3405 1023 3498 patrui
1049 3404 1100 3477 oni
1127 3404 1242 3496 irrupit
1268 3407 1302 3478 ot
1328 3422 1401 3478 oon
1426 3405 1522 3495 risit,
1549 3410 1724 3500 oestroque
1750 3406 1949 3482 armaions

934 3531 968 3600 ot
993 3525 1211 3600 ioanonionro
1238 3529 1413 3619 roonporot.

506 3766 671 3844 Iniuriam
698 3789 794 3843 suom
820 3767 1030 3846 Wlodisiaus
1065 3769 1210 3864 Magnus
1246 3767 1332 3842 alias
1366 3763 1580 3863 Lpeskonogi
1617 3767 1753 3843 Maioris
1788 3770 1948 3844 Poioniae

402 3891 493 3982 Dux,
522 3911 580 3984 per
607 3888 806 3984 nepotem&
842 3889 1071 3965 Windielsnm
1106 3889 1241 3965 Ottonis
1276 3888 1422 3980 illatam,
1460 3888 1691 3964 vindicaturus
1725 3891 1762 3964 et
1801 3891 1948 3966 oestrum

402 4011 513 4086 Usoae
528 4009 569 4104 6),
598 4011 687 4104 quod
713 4009 950 4105 interceperat,
988 4011 1257 4104 recuperaturus,
1286 4009 1434 4086 omniurn
1460 4031 1597 4086 suarum
1622 4012 1789 4086 teuerm
1816 4011 1951 4107 eolligit

402 4130 597 4222 exereitum,
627 4132 662 4206 et
687 4132 796 4208 Usone
821 4133 969 4206 oestrum
997 4131 1166 4232 obsidione
1200 4132 1343 4224 vallans,
1380 4129 1484 4207 etiam
1510 4133 1668 4228 nepotem
1691 4153 1790 4208 suurn
1816 4131 1957 4226 Wlodi·¹

404 4253 514 4332 eloam
541 4251 675 4326 Ottonis
710 4251 746 4326 in
774 4275 811 4327 eo
839 4253 1019 4344 aonoludit
1057 4253 1278 4347 omnibusque
1312 4252 1604 4349 expugnationum
1639 4252 1820 4350 generibus
1855 4275 1946 4346 usus,
2033 4302 2035 4310 ι

403 4395 493 4448 nuno
518 4371 709 4450 bombardis
735 4371 822 4448 iilud
849 4373 972 4466 quatit,
1010 4396 1098 4450 nuno
1133 4377 1244 4450 turres
1276 4376 1441 4466 admovet,
1477 4397 1567 4450 nune
1601 4373 1750 4449 rnilitum
1777 4396 1882 4450 manu
1906 4375 1948 4450 ad

403 4493 477 4568 eius
503 4492 781 4586 conquisitionem
817 4493 975 4569 intendit.
1021 4494 1086 4570 Sed
1112 4517 1188 4570 oum
1220 4499 1256 4570 et
1281 4518 1302 4569 a
1328 4495 1516 4572 WIodisleo
1552 4495 1687 4570 Oitouis
1722 4498 1759 4570 ot
1793 4495 1866 4570 suis
1893 4517 1945 4570 oa·

404 4615 513 4688 strum
548 4616 683 4689 strenue
718 4615 962 4707 defenderetur,
991 4615 1064 4710 ipse
1090 4615 1193 4691 etiam
1220 4615 1307 4691 situs
1339 4616 1404 4692 looi
1427 4607 1579 4692 ‘donatus
1614 4615 1797 4694 Wladisisi
1833 4615 1948 4712 Magni

404 4733 504 4809 facile
530 4732 736 4828 dissolveret,
765 4737 800 4811 et
825 4758 902 4832 spes
928 4757 1009 4812 suae
1034 4735 1222 4812 residerent
1248 4736 1284 4811 in
1311 4736 1457 4828 irritum,
1486 4735 1612 4812 obsidio
1639 4736 1674 4810 in
1693 4737 1781 4813 dienr
1808 4737 1948 4813 Sanotae

403 4855 639 4950 Margarethae
664 4857 819 4932 ennato
844 4858 907 4948 est,
935 4878 1010 4932 eum
1037 4856 1145 4953 primo
1171 4880 1248 4934 uere
1275 4857 1450 4953 coepisset.
1483 4857 1717 4934 Remittebont
1744 4857 1861 4952 itaque
1886 4857 1946 4932 nri-

403 4975 483 5051 lites
509 4974 669 5068 animum,
697 4979 733 5052 et
758 4975 991 5076 negligentius
1017 4977 1198 5054 obsidionis
1216 4999 1356 5056 munero
1382 4977 1431 5056 eis
1457 4977 1650 5072 distributa,
1678 4977 1792 5074 siret
1818 4979 1862 5054 ad
1879 4980 1946 5054 sta·

511 5271 536 5351 ¹)
557 5274 674 5336 Aiborti
697 5268 768 5337 coe.
790 5275 884 5336 Rosr.
923 5271 1127 5353 ²)Wlodisloi
1150 5274 1235 5337 Senis
1266 5272 1337 5338 t'od.
1362 5277 1455 5338 Reor.
1488 5274 1643 5337 Wlodislsi
1664 5274 1834 5349 Laskonogi
1855 5271 1947 5334 Maio·

402 5377 445 5438 ris
466 5376 607 5440 Poloniae
628 5377 720 5439 Ducis
746 5375 817 5441 doe.
840 5379 933 5440 Reor.
972 5375 999 5456 ³)
1022 5378 1127 5440 Senem
1149 5384 1285 5456 patruum
1307 5397 1390 5441 sunm
1416 5379 1487 5442 Ood.
1510 5379 1604 5442 noer.
1643 5373 1672 5456 ⁴)
1694 5383 1799 5439 nactos
1820 5376 1898 5440 deest
1911 5378 1946 5437 to

408 5478 479 5550 doo.
501 5477 574 5548 Ard-
613 5479 643 5568 ⁵)
665 5487 802 5566 nepotem
825 5499 907 5550 soom
938 5482 998 5548 Ed.
1020 5482 1116 5547 noer.
1155 5479 1182 5565 ⁶)
1203 5483 1293 5548 Usoie
1315 5483 1376 5545 Ed.
1398 5485 1494 5550 Dotr.
1533 5479 1644 5568 'psius
1667 5481 1735 5552 ooo
1762 5479 1833 5553 God-
1855 5481 1947 5551 Rvet·
