4162 6288
131 527 186 620 (ll.
205 525 250 600 u.
270 524 387 620 1273.)
542 477 550 492 ¹
730 545 841 598 urana
868 544 1061 598 secuntus.
1589 527 1662 600 431

129 734 227 808 letius
253 757 320 828 quo
347 735 469 828 potest,
508 732 598 807 uicos
628 733 750 806 urendo
778 733 812 804 et
839 731 971 825 oppida,
1000 731 1165 806 extendit.
1210 729 1264 804 Ad
1291 731 1397 825 ipsam
1426 754 1558 824 quoque
1583 733 1664 806 ciri-

128 858 227 930 letem
255 855 466 949 Opoliensom
494 854 633 942 accedit,
672 856 707 926 et
734 853 846 926 omnia
873 854 1065 926 suburbana
1101 853 1173 926 eius
1205 853 1378 947 perrastot
1404 855 1438 926 et
1467 853 1665 938 inflammat

127 979 166 1050 ab
190 977 440 1070 expugnatione
466 978 501 1048 et
527 974 695 1049 obsidione
723 975 883 1063 abstinet,
913 997 1008 1047 urere
1035 974 1266 1048 tantummodo
1292 975 1384 1048 tecta
1409 975 1444 1046 et
1471 975 1665 1068 depopulari

17 1159 19 1164 .
127 1119 221 1190 egros
247 1098 438 1171 contentus.
480 1096 555 1170 Non
583 1099 739 1190 poterant
767 1095 973 1188 multiplices
1000 1095 1083 1168 furni
1112 1099 1147 1168 et
1174 1095 1383 1168 flammantes
1410 1095 1506 1168 aedes
1533 1095 1665 1170 Wladi-

127 1219 230 1291 slaum
258 1218 468 1312 Opoliensem
496 1219 620 1292 Ducem
641 1217 664 1309 ¹)
692 1217 811 1290 elicere
838 1217 878 1291 ad
907 1239 1066 1310 pugnarn:
1095 1217 1231 1292 euidens
1257 1215 1345 1289 enirn
1366 1215 1562 1311 periculum,
1591 1238 1667 1290 cum

126 1339 230 1412 tribus
257 1339 358 1412 simul
386 1339 535 1412 Ducibus
571 1339 745 1431 expeditos
771 1340 805 1408 ct
834 1339 989 1430 probatos
1026 1338 1153 1410 milites
1181 1337 1393 1428 habentibus,
1435 1337 1463 1410 si
1493 1337 1564 1431 ipse
1590 1359 1666 1412 cum

127 1459 237 1552 paucis
264 1460 438 1533 decernere
453 1459 480 1553 ²)
516 1459 705 1548 statuisset,
744 1460 966 1531 metuebatur.
1013 1460 1052 1530 In
1083 1459 1297 1552 pabulatores
1324 1461 1437 1532 tamen
1465 1462 1500 1532 et
1527 1459 1664 1548 milites,

126 1581 178 1670 qui
205 1579 342 1673 longius
369 1603 389 1654 a
417 1580 538 1654 castris
567 1580 731 1674 progressi
761 1582 907 1673 agebant
933 1581 1086 1672 praedae,
1115 1581 1249 1674 saepius
1276 1580 1406 1653 irruens
1433 1584 1469 1653 et
1501 1577 1668 1674 pelatos³)

127 1701 247 1793 passim
278 1723 335 1794 per
362 1723 462 1795 agros
489 1701 617 1773 milites
652 1700 839 1788 devincens,
865 1701 984 1774 multis
1012 1701 1240 1790 incorporalis,
1269 1703 1491 1793 caedibusque
1517 1701 1666 1774 Boleslai

126 1821 307 1894 exercitum
335 1825 370 1894 et
397 1824 602 1896 caeterorum
629 1823 757 1895 Ducum
796 1845 907 1896 secum
936 1845 1003 1895 una
1030 1821 1251 1896 militantium
1280 1823 1447 1910 affecerat,
1481 1824 1516 1894 et
1543 1823 1668 1895 multos

124 1945 181 2014 aut
207 1942 393 2015 obtriverat
420 1946 480 2016 aut
507 1944 673 2035 coeperat.
721 1942 773 2016 Ab
801 1943 970 2036 Opoliensi
1000 1943 1120 2036 oppido
1162 1944 1356 2016 continuato
1393 1943 1515 2016 itinere
1550 1964 1666 2015 versus

126 2063 244 2136 Kosale
262 2065 299 2136 et
317 2064 550 2137 Rathiboriam
570 2065 655 2137 itum
682 2067 745 2152 eet,
775 2087 835 2138 nec
861 2066 941 2138 ente
968 2064 1170 2138 vastationis
1197 2063 1275 2136 finis
1294 2065 1403 2149 datus,
1433 2065 1536 2136 donec
1554 2085 1668 2136 omnes

124 2184 228 2257 terrae
254 2183 445 2259 Wladislao
472 2184 643 2279 Opoliensi
671 2185 754 2259 Daci
772 2187 798 2278 ⁴)
826 2187 982 2278 parentes
1009 2187 1222 2278 pervastatae
1248 2187 1329 2258 sunt
1345 2184 1383 2278 ⁶).

195 2550 350 2622 llicolaue
378 2552 550 2642 epiecopus
577 2551 806 2624 londoniensis
834 2550 977 2642 moritum
1005 2550 1165 2623 lebannes
1191 2550 1416 2641 lliskovpccr
1443 2551 1597 2624 succedit.

223 2789 386 2862 Nicolaus
414 2789 652 2862 Poenaniensis
688 2791 872 2883 episcopus,
912 2813 985 2865 curn
1024 2791 1123 2863 annis
1159 2813 1278 2864 novem
1308 2792 1542 2884 pontificatum
1569 2813 1665 2865 exer-

123 2908 253 2998 cuisset,
284 2911 471 2984 Posnaniae
499 2913 640 2985 moritur
668 2913 702 2984 et
730 2913 763 2984 in
793 2913 1010 2986 Poenanieusi
1048 2912 1232 3003 ecclesiai)
1259 2914 1441 3006 sepelitur.'
1462 2914 1522 2987 (lui
1544 2914 1665 2986 Iohan-

126 3050 181 3101 nes
208 3031 338 3122 primus
374 3031 485 3104 dictus
512 3032 740 3127 Wiskouyeca
755 3032 784 3126 ⁷)
811 3032 988 3106 canonicus
1024 3032 1261 3106 Posnanieosis
1297 3056 1357 3127 per
1387 3033 1583 3106 electionem
1610 3054 1665 3106 ca-

125 3149 273 3224 nonicam
310 3153 489 3244 successit,
518 3176 539 3226 a
565 3153 727 3247 Gregorio
762 3157 855 3247 Papa
890 3153 1016 3228 decimo
1052 3177 1111 3247 per
1138 3155 1284 3228 fauorem
1320 3157 1354 3228 et
1394 3154 1666 3228 intercessionem

125 3269 267 3344 Bcleslai
296 3271 508 3346 ilaliesieusis
535 3274 616 3348 dicti
646 3275 697 3346 Pii
715 3275 743 3367 Β)
769 3277 804 3348 et
831 3274 1026 3348 Praemislai
1060 3275 1308 3364 Posnaniensis‚
1346 3275 1482 3349 Maioris
1509 3276 1667 3349 Poloniee

125 3390 260 3482 Drrcum,
295 3393 458 3487 provisus,
488 3395 612 3469 nobilis
638 3417 760 3489 genere
788 3396 946 3484 PolonuS,
977 3396 1017 3470 de
1044 3396 1139 3470 domo
1166 3399 1201 3469 et
1227 3396 1359 3470 familia
1371 3452 1487 3469 ......
1504 3396 1545 3489 ⁹).

123 3756 336 3832 l'rreuleleue
363 3761 593 3834 Poeuanienele
619 3764 691 3834 linx
718 3764 914 3836 matrimonii
942 3765 1151 3838 contrahendi
1179 3765 1284 3854 gratie
1312 3765 1345 3836 in
1371 3769 1477 3837 temes
1499 3767 1666 3838 slerornru

561 3884 738 3973 descendit,
767 3887 1069 3978 patrimoniumque
1097 3887 1230 3978 perlicit.

222 4119 474 4194 Matrimonium
503 4123 641 4214 propter
668 4123 921 4216 relinquendum
942 4147 1163 4202 successorem
1190 4129 1325 4220 (unicus
1344 4129 1432 4204 enim
1453 4134 1540 4225 erat)
1567 4135 1666 4207 Prae·

124 4237 259 4312 mielaus
286 4241 523 4314 Poenaniensie
550 4243 628 4314 Dux
655 4266 676 4316 a
702 4245 858 4318 Boleslao
885 4246 944 4319 Pio
971 4247 1162 4323 Galiseiensi
1192 4251 1282 4323 Duce
1309 4253 1429 4343 patruo
1456 4274 1526 4342 suo,
1556 4255 1668 4345 quiet

125 4355 298 4452 ipse,'quo
325 4362 365 4434 ad
394 4361 525 4436 virilem
553 4385 670 4436 sexum
699 4365 926 4456 infoecundus
956 4391 1134 4461 persuasus
1161 4373 1195 4443 et
1223 4373 1418 4467 instigatus,
1448 4397 1520 4450 cum
1542 4400 1666 4451 annum

123 4479 201 4552 tunc
219 4483 353 4554 sextum
374 4482 536 4556 decimum
545 4485 771 4578 explevisset,
800 4489 1043 4580 contracturus,
1073 4492 1107 4564 in
1136 4493 1311 4568 Slerorum
1338 4499 1461 4570 terram
1490 4499 1524 4571 et
1546 4499 1588 4572 ad
1607 4523 1664 4592 op·

125 4598 234 4690 pidum
263 4603 388 4693 Stetin,
426 4605 468 4676 ad
503 4606 627 4678 Ducam
665 4607 838 4680 Slarorum
876 4610 1021 4700 Baruio,
1059 4615 1195 4706 neptem
1232 4637 1337 4707 suam,
1375 4617 1482 4692 filiam
1509 4621 1666 4696 uidelicet

123 4715 221 4810 filiae,
252 4724 369 4796 natam
396 4725 535 4799 Henrioi
563 4727 665 4801 Ducis
684 4729 724 4802 de
742 4729 952 4803 Wisczimira
974 4731 1026 4824 ¹⁰),
1054 4734 1107 4807 rel
1135 4738 1411 4826 quemadmodum
1438 4741 1516 4814 aliis
1544 4744 1665 4836 placet,

124 4873 175 4881 -η

227 4947 254 5024 ¹)
277 4948 388 5009 Ducem
418 4951 496 5012 deest
524 4954 559 5011 ire
594 4952 663 5013 (iod.
687 4954 759 5016 Aut.
800 4954 1001 5032 ⁹)decertarc
1036 4958 1106 5022 Ood.
1130 4963 1221 5022 Rosa.
1262 4962 1290 5036 ³)
1314 4968 1447 5038 palantes
1480 4967 1550 5028 Ooct.
1574 4969 1664 5029 Rosr.

126 5042 150 5123 ⁴)
171 5049 326 5111 wladislai
349 5053 515 5126 Opoliensis
538 5057 628 5114 Ducis
652 5059 780 5118 dominio
802 5060 863 5120 Ed.
887 5063 974 5138 Isips.
1008 5060 1034 5140 5)
1057 5043 1134 5124 sunt.
1158 5068 1290 5127 deestis
1318 5069 1387 5130 Ood.
1410 5069 1483 5129 Aut.
1515 5067 1542 5147 ⁰)
1565 5079 1595 5132 ei
1609 5074 1664 5136 ibi-

124 5151 186 5212 dem
218 5153 290 5216 O'od.
313 5157 406 5216 Roer.
447 5156 704 5236 ⁷)Wisulrowiccz
738 5161 809 5223 Ood.
841 5166 931 5226 Rosa.
972 5163 1150 5240 ⁸)Bolcslei
1179 5171 1223 5228 Pii
1254 5172 1440 5231 Calissiensis
1469 5175 1560 5234 Ducis
1594 5173 1664 5236 Ood.

124 5253 212 5316 Rosr.
252 5255 281 5338 ⁹)
305 5261 422 5321 Nemea
444 5261 585 5332 familiae
608 5263 758 5326 lobannis
779 5271 909 5344 episcopi
931 5271 1152 5334 Posanm'easis
1174 5276 1251 5335 deest
1273 5278 1308 5335 io
1330 5280 1469 5337 manibus
1495 5277 1596 5352 Oodd.;
1618 5281 1667 5338 bio

123 5361 219 5421 tomen
241 5363 278 5421 dc
300 5366 385 5424 domo
407 5371 557 5427 mammete
586 5369 675 5428 Naris
704 5371 840 5448 (Ledeia)
870 5376 1018 5448 ipeipaito
1049 5382 1147 5436 ortum
1177 5397 1268 5439 ειιιιιιι
1297 5380 1427 5455 duxisse,
1458 5400 1478 5440 α
1507 5385 1666 5444 noaoatlis

124 5467 320 5540 scriptoribus
337 5470 521 5544 perhibetur.
565 5470 604 5549 ¹⁰)
627 5474 809 5534 Wisczimica
836 5476 906 5537 Occi.
930 5479 1021 5538 Roer.
