4162 6288
126 561 185 656 (Α.
204 559 251 636 D.
272 559 389 654 1267.)
731 578 843 630 arnna
870 577 1064 630 snnnnrus.
1404 669 1408 677 Ι
1592 559 1667 632 405

226 770 425 846 Onochonov
444 770 469 864 ¹)
496 770 643 844 castrum
669 765 838 842 Masoviae
870 788 929 860 per
956 767 1146 840 Pruthenos
1173 767 1332 842 barbaros
1359 765 1493 860 capitur
1518 767 1554 842 et
1580 788 1669 842 oom-

124 894 394 1089 bllrltulticosima
421 1013 542 1104 quinta
576 1009 769 1085 Decembris
804 1009 980 1084 Boleslous
1012 1011 1090 1083 Dux
1117 1009 1356 1102 Legnicaensis
1392 1009 1534 1085 moritur
1569 1012 1604 1083 et
1632 1009 1668 1084 in

125 1135 327 1211 monasterio
354 1135 500 1208 fratrum
527 1133 800 1208 Praedicatorum
826 1130 861 1205 in
888 1130 1033 1226 Legnien
1061 1129 1225 1225 sepelitur
1240 1130 1279 1224 ⁴³).

124 1501 263 1572 monas
291 1498 570 1572 wratislaviensis
603 1498 778 1589 'opiscopus
814 1496 964 1584 noritur,
1000 1501 1099 1588 atqua
1135 1495 1221 1568 itan
1256 1495 1465 1586 episcopatus
1492 1493 1669 1567 wladislao

122 1623 199 1695 liaci
226 1620 488 1694 wratislaviensi
516 1619 821 1709 archiepiscopoque
849 1618 1097 1707 saloninrganu
1124 1616 1165 1690 al
1191 1617 1279 1690 vitae
1296 1619 1443 1708 tempora
1461 1615 1495 1687 in
1513 1634 1671 1688 ouranen-

745 1737 821 1816 ian
848 1737 1044 1811 conceditur.

224 1980 341 2055 Tertio
367 1980 531 2055 Calendas
557 1980 660 2071 Iunii,
689 1980 834 2053 Thomas
856 1977 1148 2056 Wratislaviensis
1166 1977 1342 2072 episcopus
1361 1978 1397 2052 in
1415 1979 1528 2054 aetate
1546 1978 1670 2072 mand-

125 2125 205 2178 aava
231 2102 439 2192 consistere,
468 2101 598 2176 exactis
625 2102 660 2174 in
688 2100 887 2195 pontificatu
915 2100 1014 2174 annis
1041 2099 1189 2193 quinque
1216 2102 1251 2174 et
1277 2099 1433 2194 triginta,
1462 2102 1524 2174 sub
1551 2099 1672 2192 quitus

125 2226 209 2297 bona
235 2223 453 2316 episcopatus
480 2222 533 2295 sui
560 2222 757 2297 notabiliter
792 2221 890 2295 auxit
921 2224 956 2294 et
983 2220 1171 2315 ampliavit,
1211 2220 1354 2296 moritur
1389 2222 1424 2296 et
1459 2220 1495 2294 in
1531 2219 1672 2296 ecclesia

125 2343 401 2420 Wratislaviensi
428 2343 604 2437 sepelitur.
632 2343 735 2417 cuius
762 2365 801 2418 ea
829 2344 903 2417 erat
929 2343 1018 2436 apud
1045 2343 1212 2436 praelatos
1238 2344 1274 2416 et
1295 2341 1471 2417 canonicos
1488 2341 1670 2417 Wratisla·

126 2465 255 2541 vienses
280 2464 534 2540 reminiscentia
560 2467 595 2538 et
621 2464 780 2554 ebaritas,
819 2465 858 2538 ut
885 2466 1040 2557 nepotem
1071 2485 1169 2537 suum
1203 2484 1247 2536 ex
1273 2483 1384 2537 sorore
1411 2463 1584 2553 Thomam,
1613 2463 1671 2554 qui

125 2585 260 2680 etipse
287 2585 328 2661 de
355 2585 461 2659 nobili
488 2578 646 2680 prosapia
673 2586 821 2659 militum
848 2583 1007 2659 Poloniae
1032 2586 1116 2674 erat,
1145 2584 1321 2678 eligerent,
1350 2583 1417 2658 ruti
1444 2583 1543 2657 illurn
1564 2605 1671 2660 avun-

125 2708 209 2798 culo,
238 2707 518 2798 quemadmodum
546 2707 618 2781 loco
645 2706 694 2780 sio
709 2705 737 2800 ³)
764 2709 799 2781 ot
825 2706 945 2781 merito
981 2726 1223 2782 successurum.
1269 2705 1437 2799 Impedita
1464 2707 1578 2780 tamen
1605 2705 1673 2780 fuit

127 2828 275 2903 ciusdem
302 2829 449 2902 Thomas
484 2827 620 2902 secundi
656 2825 865 2902 confirmatio
897 2826 995 2902 annis
1022 2827 1108 2902 citra
1123 2828 1151 2920 a)
1178 2827 1298 2901 tribus.
1343 2826 1555 2902 Wladislaus
1582 2827 1672 2902 enirn

125 2949 420 3024 Wratislaviensis
446 2950 524 3022 Dux
551 2949 644 3022 filius
671 2948 810 3024 Henrioi
832 2949 1047 3023 a'lhavtaris
1069 2948 1180 3040 occisi,
1200 2947 1469 3043 archiepiscopus
1495 2949 1672 3023 Saloabur-

126 3070 250 3165 gensis,
281 3093 340 3164 per
359 3071 487 3144 multas
514 3069 770 3144 intercessiones
797 3070 1007 3146 aGlemente
1034 3072 1152 3163 quarto
1179 3070 1371 3146 obtinuerat
1397 3072 1572 3146 vacantem
1591 3071 1673 3144 tuno

126 3191 441 3267 wratislaviensem
476 3191 653 3267 ecclesiam
689 3213 764 3266 cum
793 3213 856 3264 usu
882 3193 918 3267 et
944 3193 1157 3286 perceptione
1192 3191 1340 3267 omnium
1375 3191 1449 3266 eius
1488 3191 1670 3280 fructuum,

126 3313 166 3387 ao
191 3314 347 3408 tempora
371 3313 463 3389 vitae
490 3334 572 3388 suae
599 3312 742 3388 conferri
770 3313 806 3386 in
833 3312 1072 3388 commendam.

128 3681 172 3752 ix
198 3679 431 3754 connisvions
457 3679 572 3771 togati
603 3679 796 3771 apostolici,
832 3680 893 3754 lito
920 3680 1047 3771 sopita,
1084 3683 1229 3754 aastrnvn
1260 3681 1447 3754 liacvansat
1474 3699 1530 3772 par
1555 3682 1673 3755 lucan

229 3801 393 3892 capreas
420 3804 615 3892 occupatan
643 3803 795 3892 episcopo
823 3804 858 3873 at
885 3802 1046 3874 acclesiae
1061 3802 1328 3876 maaiaravuru
1355 3801 1569 3876 aiivlioatar.

229 4040 352 4114 Frater
392 4037 501 4114 (luido
532 4037 629 4112 tituli
664 4037 780 4112 Sancti
815 4037 991 4114 Laurentii
1027 4039 1064 4112 in
1098 4039 1228 4115 Lucina
1262 4043 1437 4137 presbyter
1472 4041 1672 4133 cardinalis,

128 4158 342 4253 Apostolicac
368 4159 465 4234 Sedis
492 4159 622 4233 Summi
648 4157 824 4234 Pontificio
851 4159 1035 4236 Clementis
1062 4161 1174 4254 Papae
1201 4161 1314 4253 quarti
1341 4161 1377 4234 in
1404 4163 1544 4236 Polonia
1565 4164 1673 4257 Lega-

129 4283 194 4372 tus,
222 4303 313 4356 anno
340 4279 488 4356 eiusdem
515 4280 698 4354 Clementis
718 4280 940 4354 Pontificatus
967 4282 1121 4371 secundo,
1150 4282 1334 4356 committit
1360 4283 1473 4357 abbati
1501 4285 1537 4359 ot
1562 4286 1674 4358 custo·
1747 4365 1752 4369 ,

129 4401 162 4474 di
189 4400 386 4476 monasterii
415 4402 559 4476 Sanctae
585 4401 711 4477 llariae
737 4401 1014 4477 Wratislavieusi
1041 4403 1166 4476 ordinis
1194 4403 1310 4479 Sancti
1328 4403 1514 4499 Augustini
1532 4405 1673 4480 Canoni-

129 4543 241 4596 corum
268 4523 487 4617 regularium,
528 4525 663 4617 longam
695 4522 793 4596 litem
820 4525 855 4597 et
882 4523 1112 4616 quaestionem
1144 4524 1365 4618 periculosam
1401 4526 1490 4601 inter
1516 4527 1673 4603 Wolirni·

129 4665 202 4718 rum
229 4643 422 4738 episcopum
449 4646 484 4718 et
511 4665 607 4718 suam
642 4644 816 4719 ecclesiam
847 4644 1165 4720 wladislaviensem
1201 4647 1244 4720 ab
1280 4670 1357 4737 una,
1395 4650 1430 4722 et
1465 4647 1675 4726 Kaaimirum

129 4763 380 4840 hanciciensem
406 4767 442 4840 et
468 4763 708 4859 Gapaviensem
735 4766 861 4840 Ducem
888 4765 1043 4859 partibus
1071 4769 1113 4840 ab
1130 4767 1249 4858 altera,
1279 4767 1450 4844 occasione
1476 4769 1579 4844 castri
1606 4771 1674 4844 Ita·

130 4886 271 4961 caansch
286 4885 333 4980 ⁵),
373 4886 460 4978 quod
496 4886 583 4962 idem
619 4887 698 4960 Dux
730 4885 923 4997 Karimirus
959 4891 1189 4982 occupaverat.
1221 4889 1316 4988 ,8.6)
1351 4891 1465 4965 autem
1500 4892 1605 4966 abbae
1639 4893 1676 4967 et

237 5197 263 5278 ¹)
287 5199 476 5262 (iziechsnovv
503 5199 574 5262 Occi.
598 5201 691 5262 Rosr.
732 5198 760 5277 ῃ)
782 5203 859 5261 Ram
888 5203 924 5262 dc
953 5204 1035 5264 cauo
1065 5204 1199 5265 Bolcelao'
1232 5203 1318 5264 Geloi
1346 5203 1443 5264 Dacia
1472 5198 1674 5280 Lippieoaaia

131 5317 251 5363 erronea
274 5301 401 5374 sonasse
422 5305 471 5364 iio
492 5305 548 5364 luci
569 5307 605 5364 in
631 5302 721 5364 Uada.
746 5303 819 5364 Act.
847 5303 929 5364 Galo.
953 5311 979 5366 at
1001 5303 1066 5368 Lis.
1090 5310 1131 5368 ovi
1153 5325 1271 5368 canum
1294 5313 1379 5370 1267
1401 5310 1547 5384 positam,
1570 5311 1676 5385 repetii

132 5407 228 5467 danao
244 5409 389 5470 merod
405 5413 625 5469 cnoam1278
641 5409 983 5483 amplissimos-atarseo.
1023 5409 1050 5486 3)
1072 5413 1115 5472 ita
1130 5411 1188 5473 Ed.
1204 5413 1292 5487 arpa.
1333 5409 1360 5489 ⁴)
1383 5414 1462 5474 circa
1487 5409 1559 5474 eoa.
1581 5415 1674 5475 Rosa.

134 5503 162 5586 ⁶)
183 5511 307 5589 Raciasz
331 5513 391 5574 Eri.
414 5513 501 5590 Lips.
540 5509 566 5590 ⁶)
588 5512 761 5573 Praedictus
788 5511 859 5574 Cori.
883 5515 974 5576 Reor.
1132 5497 1142 5510 ⁵
