4140 6298
123 535 181 630 (a,
202 533 247 610 D.
269 535 385 630 1253.)
729 559 840 610 erana
869 558 1063 612 saerrmus.
1123 500 1125 504 Ι
1595 543 1668 615 333

123 745 220 843 gistri
247 745 283 821 et
309 743 556 844 drueiferorum
582 746 623 822 de
650 745 789 820 Prussia
816 745 997 839 adiunctis,
1035 748 1154 843 petens
1189 768 1344 824 coronam
1384 749 1419 823 et
1445 741 1608 844 profitens
1636 771 1672 823 se

122 867 319 946 catholicam
347 866 516 963 accepisse
551 867 748 963 puritatem.
795 870 837 942 In
865 868 960 944 cuius
987 870 1135 945 favorem
1164 872 1256 966 Papa
1283 869 1503 948 Innocentius
1530 871 1672 947 fratrem
1759 877 1761 888 ’

122 989 368 1086 Hepdenricum
387 989 412 1084 Ι)
448 979 615 1084 quondam
654 990 895 1086 prouincialem
935 992 1096 1068 Poloniae
1136 995 1171 1066 et
1211 992 1391 1068 officialem
1431 991 1671 1085 Armacanum,

122 1117 199 1188 tunc
225 1133 303 1189 vero
330 1111 523 1208 episcopum
549 1113 762 1189 dulmensem
790 1113 901 1188 mittit
927 1113 963 1188 in
991 1114 1223 1190 Lithuaniam.
1252 1115 1316 1209 Qui
1342 1114 1481 1192 veniens
1499 1136 1573 1190 cum
1593 1116 1672 1191 aliis

122 1234 285 1332 episcopie
311 1235 352 1312 de
378 1234 480 1331 Riga,
508 1235 752 1334 Mendogonem
779 1235 816 1311 in
842 1238 972 1333 Regem
1000 1239 1253 1313 consecraverat
1268 1237 1308 1332 ²).

572 1598 780 1712 ANNUS
815 1599 1041 1715 DOMINI
1078 1601 1215 1714 1253.

121 1849 207 1922 lissi
234 1849 342 1923 euecti
368 1869 425 1942 pro
453 1850 704 1923 canonizatione
732 1852 844 1924 scroti
876 1851 1035 1925 stanislai
1063 1851 1188 1941 denno,
1225 1871 1298 1926 eum
1325 1870 1377 1926 ree
1405 1857 1497 1926 erret
1522 1855 1603 1927 tene
1631 1853 1674 1926 di·

122 1974 231 2065 gerim
259 1975 294 2045 et
321 1970 397 2044 dn·
425 1971 607 2045 denticulis
633 1971 819 2064 ttcgrclduc
846 1973 1034 2064 resisteret,
1061 1975 1255 2047 miraculose
1283 1967 1379 2067 ¹aeger
1399 1977 1517 2065 tactus,
1545 1975 1673 2049 demum

234 2091 236 2097 ’
492 2099 629 2169 sanatur
656 2114 734 2168 mox
761 2097 926 2170 consentit
951 2097 984 2170 iu
1011 2097 1300 2171 conculcationem.

221 2336 427 2414 Secundario
454 2337 609 2414 examine
636 2362 738 2436 super
763 2339 845 2430 vita,
884 2360 985 2415 causa
1011 2341 1046 2415 et
1073 2339 1189 2414 ordine
1217 2338 1383 2436 martyrii,
1421 2341 1456 2415 et
1483 2339 1673 2436 magnificis

124 2481 160 2534 ac
186 2460 326 2536 famosis
353 2459 537 2551 miraculis,
577 2461 722 2554 aliisque
758 2461 923 2554 erunibus,
961 2483 1047 2556 quae
1079 2461 1121 2536 ad
1148 2461 1470 2538 consummationem
1497 2461 1672 2537 canonisa-

124 2580 223 2656 tionis
250 2582 315 2658 viri
342 2583 432 2658 beati
461 2583 624 2658 stanislai
653 2584 882 2660 Gracoviensis
909 2584 1057 2680 episcopi
1085 2585 1267 2660 conducere
1303 2583 1517 2675 videbantur,
1547 2583 1612 2659 rite
1639 2586 1674 2660 et

124 2703 207 2781 iuste
233 2705 416 2801 expeditis,
454 2706 581 2801 priores
612 2707 736 2800 nuntii,
773 2707 938 2804 Magister
973 2708 1114 2782 Iacobus
1141 2707 1182 2782 de
1209 2709 1421 2783 Skaraesuovv
1458 2707 1604 2783 decanus
1640 2708 1675 2782 et

123 2827 285 2922 Magister
311 2827 547 2924 (lostvinusb
574 2829 754 2905 canonicus
770 2831 808 2924 ⁴),
846 2853 905 2925 per
932 2830 1161 2906 Praudotham
1189 2829 1384 2926 episcopum
1412 2831 1448 2904 et
1474 2827 1672 2924 Capitulum

123 2947 346 3042 dracovienee,
384 2951 427 3025 ad
462 2952 638 3026 Summum
674 2951 873 3027 Pontificem
909 2951 1147 3027 Innocentium
1185 2954 1343 3044 quartum
1380 2951 1448 3026 iam
1479 2973 1523 3026 ex
1549 2950 1673 3027 Galliis

123 3093 291 3167 omassum
319 3075 356 3148 et
381 3073 417 3147 in
444 3074 549 3149 Italia
576 3073 836 3167 consistentem,
865 3074 937 3150 suis
965 3077 1000 3150 et
1027 3074 1133 3150 totius
1160 3074 1242 3150 cleri
1277 3074 1419 3155 diocesis
1446 3073 1675 3150 cracoviensis

124 3193 194 3286 (qui
221 3195 257 3270 in
286 3194 320 3270 id
348 3219 433 3291 opus
464 3196 617 3292 gratuito
653 3197 786 3291 quoties
822 3197 1080 3289 requirebantur
1116 3197 1348 3291 conterebant)
1384 3197 1586 3292 sumptibus,
1615 3196 1674 3290 qui

124 3317 256 3412 negotio
285 3316 353 3413 ipsi
380 3319 588 3410 sufficerent,
618 3321 749 3395 abunde
776 3319 912 3414 provisi,
941 3319 1043 3395 tertio
1070 3320 1297 3394 revertuntur.
1326 3319 1389 3415 Qui
1414 3306 1490 3394 cum
1508 3320 1673 3395 Innocen-

124 3437 206 3512 tium
233 3441 364 3534 Papam
391 3439 426 3514 in
454 3440 592 3517 Perusio
608 3441 636 3536 ὅ)
664 3440 884 3533 invenissent,
914 3464 1036 3516 novum
1064 3440 1119 3515 illi
1147 3442 1187 3516 de
1206 3440 1289 3532 vita,
1320 3440 1483 3538 martyrio
1509 3443 1545 3517 et
1573 3440 1673 3516 mira-

125 3559 206 3636 culis
231 3561 325 3636 beati
353 3560 518 3638 Stonislai
547 3585 683 3639 suorum
711 3563 1015 3640 commissariorum
1043 3563 1205 3638 exhibent
1230 3585 1384 3655 examen,
1413 3585 1500 3640 nova
1526 3561 1675 3640 omnium

125 3683 350 3776 praelatorum
377 3685 556 3762 Polonicac
583 3686 743 3762 ecclesiae
771 3688 917 3762 offerunt
931 3685 958 3781 ⁶)
986 3685 1114 3782 scripta
1140 3687 1175 3761 et
1202 3685 1418 3778 testimonia,
1447 3685 1482 3762 et
1509 3707 1568 3781 pro
1595 3685 1674 3760 illo·

126 3827 195 3878 rum
222 3805 381 3902 ampliori
408 3807 572 3884 firmitate
598 3807 702 3884 etiam
729 3811 835 3884 testes
861 3807 956 3884 vivos
983 3811 1018 3884 et
1046 3809 1242 3904 praesentes
1278 3807 1367 3884 viros
1395 3807 1548 3904 insignes
1574 3807 1673 3884 indu·

125 3933 212 4019 cunt,
242 3927 280 4002 in
307 3949 392 4022 quos
418 3932 480 4004 aut
507 3953 566 4026 per
594 3931 715 4007 merita
742 3931 831 4007 beati
860 3929 1024 4006 Stanislai
1053 3931 1180 4008 collata
1207 3932 1301 4007 fuere
1328 3929 1503 4022 miracula,
1533 3932 1593 4006 aut
1615 3929 1674 4025 qui

125 4069 187 4140 eos,
215 4049 340 4142 quibes
367 4053 637 4144 conferebantur,
679 4053 836 4129 viderant
862 4057 898 4130 et
924 4056 1088 4130 noverant
1120 4053 1320 4150 apluribus
1347 4053 1569 4150 languoribus
1595 4054 1675 4129 illos

125 4171 352 4249 detinentibus
379 4175 529 4251 sanatos.
558 4177 630 4250 iarn
660 4177 774 4271 plmas
800 4176 873 4252 dies
899 4176 1014 4251 nuntii
1041 4175 1269 4253 cracoviensis
1297 4176 1457 4253 aeclesiae
1484 4175 1519 4251 in
1547 4175 1675 4252 sollici·

125 4294 224 4369 bndo
251 4294 389 4391 negotio
425 4301 622 4392 exegerant,
660 4300 695 4374 et
731 4299 837 4374 veluti
875 4299 1030 4374 omnibus
1065 4298 1329 4376 difficultatibus
1360 4300 1395 4375 et
1422 4297 1676 4395 impedimentis

126 4415 241 4509 iuncti,
272 4417 403 4494 alacres
437 4419 589 4496 laborum
626 4443 761 4496 suorum
798 4423 946 4497 fructum
982 4420 1167 4517 gloriosum
1205 4419 1408 4518 propediem,
1437 4421 1478 4498 de
1505 4445 1570 4516 quo
1597 4421 1676 4498 illos

126 4537 290 4616 Iohannes
316 4539 537 4637 Gapethanus
563 4543 753 4618 cardinalis
789 4543 1040 4619 commissarius
1067 4547 1176 4620 certos
1199 4544 1358 4636 iaciebat,
1386 4543 1589 4640 percepturi,
1618 4545 1675 4621 de-

117 4647 268 4752 gebant:
296 4683 373 4737 cum
401 4662 523 4756 subito,
561 4665 675 4741 eodem
703 4666 854 4742 Iohanne
881 4665 1082 4762 depeream
1109 4666 1284 4742 (lardinali
1310 4668 1490 4759 referente,
1518 4665 1674 4759 audiunt,

127 4801 191 4854 rem
218 4785 343 4864 ceram
381 4787 416 4860 et
451 4786 589 4878 claram,
627 4787 791 4881 nullaque
826 4789 957 4863 iuscarn
992 4786 1140 4884 ealigine
1175 4789 1232 4881 (de
1267 4812 1334 4880 quo
1369 4788 1560 4864 Gardinalis
1600 4788 1674 4884 ipse

127 4905 242 4996 gmndi
271 4909 541 4982 commovebatur
576 4908 863 4985 admirationeet
889 4909 1139 5006 indignatione)
1175 4911 1218 4986 ad
1249 4910 1414 4986 iniectum
1450 4911 1486 4987 et
1520 4932 1606 5005 pene
1632 4911 1676 4986 ad

128 5023 390 5120 desperationem
436 5029 612 5122 recidisse,
651 5032 828 5128 Regnaldo
844 5031 872 5128 7)
911 5031 1065 5128 episcopo
1101 5032 1273 5109 Gardinali
1309 5032 1457 5110 Ostiensi
1472 5032 1521 5129 ⁸),
1560 5031 1675 5128 virob

231 5322 255 5404 1)
280 5325 441 5386 Henricum
464 5328 538 5388 alias
560 5327 770 5390 Heidenricum
797 5329 868 5391 Occi.
892 5330 984 5391 Roar.
1019 5327 1045 5407 i)
1069 5335 1323 5392 consecraverunt.
1350 5330 1420 5393 God.
1443 5327 1517 5392 Aut.
1551 5327 1578 5406 3)
1602 5330 1674 5391 Ger·

128 5424 233 5488 hardus
259 5427 330 5492 Oed.
353 5430 444 5494 Roar.
477 5425 514 5508 ‘l'
528 5433 694 5506 canonicus,
718 5433 930 5497 Gracoviensee
951 5431 1022 5496 (lod.
1047 5434 1140 5497 Beer.
1173 5431 1199 5512 ⁵)
1221 5435 1352 5496 Perusiis
1376 5429 1447 5498 Occi.
1470 5436 1563 5496 Roar.
1588 5431 1674 5514 “tal-

130 5525 223 5592 terunt
245 5529 316 5596 t'od.
341 5535 435 5599 Roar.
468 5531 679 5620 ⁷)chinaldo
706 5535 776 5604 Occi.
800 5539 893 5608 Rorr.
925 5535 951 5624 θ)
974 5539 1126 5606 Hostiensi
1149 5539 1210 5603 Ed.
1235 5541 1323 5622 Lipa.
1355 5537 1382 5622 Β)
1405 5541 1483 5606 vitae
1505 5539 1565 5604 Ed.
1587 5539 1676 5619 Lipc.
