4140 6298
182 565 242 662 (Α.
262 563 311 643 b.
331 563 441 667 1241.)
645 657 647 660 v
789 590 901 643 amun
928 590 1121 645 erremus.
1653 576 1726 650 281

178 774 354 852 llaiestati
381 774 535 869 Diuinae,
572 798 675 868 quam
701 775 834 872 accingi
860 777 963 852 armis
1001 779 1037 854 et
1063 777 1231 855 obuersari
1252 778 1276 874 Ι)
1307 780 1422 857 noctes
1448 779 1585 874 diesque
1612 782 1648 859 iu
1675 806 1730 860 oa·

179 900 273 976 stris.
313 898 413 974 Unde
439 898 568 975 factum
596 900 658 991 est,
687 901 726 975 ut
753 899 811 994 qui
838 923 904 975 uuo
931 899 1067 995 agmina
1092 900 1190 977 ibant
1225 901 1435 978 adpetitam
1471 926 1634 1000 pugnam,
1663 929 1730 981 uno

178 1019 323 1098 interitu
350 1021 603 1098 involverentur
629 1023 672 1096 ad
697 1044 852 1117 poenaru.
884 1023 961 1097 Nou
987 1023 1097 1099 solum
1123 1024 1237 1099 autem
1264 1024 1441 1120 pontifices
1468 1028 1503 1101 et
1529 1027 1730 1120 sacerdotes,

177 1146 394 1239 amterosque
420 1143 665 1221 ecclesiasticos
691 1143 793 1237 uiros,
831 1145 889 1220 sed
915 1147 951 1220 et
978 1146 1155 1239 plerosque
1191 1146 1319 1222 milites
1346 1151 1382 1222 et
1409 1152 1615 1244 pugnatores
1642 1172 1730 1224 mor-

177 1265 226 1341 tis
252 1268 348 1341 metu
374 1266 556 1362 fugientes,
594 1266 694 1362 palus
727 1265 920 1341 huiusmodi
955 1267 1077 1342 limosa
1112 1248 1207 1360 (dum
1242 1291 1303 1344 nec
1330 1269 1497 1364 progredi,
1535 1293 1596 1347 noc
1636 1273 1727 1346 stare

176 1391 239 1464 aut
260 1389 394 1492 fugare,
423 1389 481 1464 sed
509 1411 570 1465 nec
596 1388 633 1462 in
659 1389 773 1464 hostes
800 1388 950 1465 converti
976 1391 1011 1464 et
1037 1391 1177 1465 honeste
1204 1390 1344 1466 fundere
1370 1391 1518 1467 animam
1544 1393 1617 1468 luto
1644 1393 1730 1468 obli-

175 1509 224 1584 tis
251 1512 287 1587 et
312 1509 423 1606 captis
449 1511 585 1605 liceret)
620 1509 783 1585 extinxit.
829 1511 872 1586 ln
900 1533 941 1586 aa
966 1511 1061 1587 clade
1096 1511 1260 1607 Magister
1296 1513 1429 1608 Templi
1465 1534 1541 1588 cum
1576 1515 1731 1609 pluribus

175 1631 349 1708 militibus
376 1632 429 1707 sui
456 1632 594 1725 ordinis,
623 1631 705 1709 item
727 1635 890 1708 baronum
908 1632 1111 1709 et‘militum
1130 1634 1327 1730 Huugariae
1354 1635 1500 1731 insignis
1526 1637 1616 1728 ordo,
1644 1637 1731 1712 occi-

175 1751 219 1828 si.
246 1751 355 1830 Ambo
381 1755 497 1830 tamen
523 1753 710 1849 Prmcipes,
738 1755 817 1828 dum
845 1775 923 1830 suos
955 1755 1083 1831 dedisse
1110 1757 1145 1831 et
1163 1755 1347 1832 Thartaros
1366 1757 1595 1852 praevaluisse
1621 1758 1730 1832 auim-

176 1875 403 1969 adrerterent,
434 1897 477 1950 ex
503 1875 632 1971 praelio
659 1875 863 1971 diffugiunt:
903 1879 939 1952 et
966 1877 1051 1952 Bela
1078 1876 1213 1970 quidem
1240 1878 1440 1973 Huugariae
1466 1879 1542 1956 Rex
1568 1879 1730 1976 fugiendo

176 1996 214 2070 iu
240 1994 416 2072 Arabiam
443 1996 583 2073 divertit
609 1999 645 2073 et
671 1997 745 2074 illic
771 1997 808 2072 iu
834 1999 945 2072 castro
972 1998 1116 2092 quodam
1143 2020 1179 2074 se
1207 2021 1266 2094 per
1301 2001 1402 2095 plura
1436 2003 1589 2096 tempora
1615 2001 1729 2076 condi·
1801 2045 1802 2048 κ

175 2117 250 2208 dit;
278 2119 504 2196 Oolomannus
530 2143 607 2196 vero
633 2141 737 2215 uepos
763 2119 878 2214 regius
905 2119 1065 2216 fugiendo
1092 2121 1129 2196 iu
1155 2121 1316 2216 oppidum
1342 2123 1447 2198 Pesth
1478 2122 1642 2218 peruenit,
1671 2123 1730 2198 ubi

174 2239 361 2317 notabilem
389 2241 576 2318 exercitum
604 2265 647 2317 ex
673 2242 851 2337 Huugeris
877 2241 1078 2350 studueris
1105 2243 1283 2320 collectum
1311 2245 1492 2338 offendere,
1526 2267 1728 2340 magnopere
1848 2239 1852 2245 ’
1956 2307 1970 2316 ,

174 2361 276 2457 illi²)
302 2361 539 2440 discessionem
566 2362 875 2458 dispersionemque
910 2365 1079 2456 (assereus
1105 2364 1178 2441 eius
1212 2365 1372 2442 adversus
1399 2367 1641 2442 Thartarorum
1668 2390 1727 2462 po·

174 2483 322 2559 tentiam
348 2486 469 2560 tenues
495 2505 568 2560 esse
591 2485 699 2580 uires)
725 2485 905 2580 persuasit.
947 2487 1072 2572 Verum
1099 2510 1175 2563 oum
1202 2488 1341 2563 suadere
1368 2511 1435 2562 non
1461 2491 1575 2584 posset
1614 2491 1729 2585 (agre-

175 2605 241 2680 stis
267 2605 358 2682 enim
384 2608 420 2682 ct
446 2605 578 2682 inculta
603 2607 787 2682 multitudo
813 2607 911 2682 nulla
937 2629 1021 2682 saue
1047 2609 1189 2684 consilia
1214 2609 1425 2705 accipiebat),
1454 2610 1489 2685 in
1503 2609 1677 2686 Austriam
1695 2614 1730 2688 et

177 2726 250 2823 ipse
277 2726 418 2805 divertit
446 2731 481 2804 et
507 2727 545 2804 iu
572 2729 715 2820 quodam
742 2729 853 2805 castro
878 2729 993 2823 latuit,
1022 2733 1143 2826 expost
1169 2753 1246 2808 uero
1272 2731 1308 2806 iu
1334 2731 1535 2829 Zegrabiam
1558 2733 1663 2809 uenit.

176 3096 463 3188 linguonum
491 3095 629 3170 aliarum
664 3096 922 3174 dictationonuu
958 3097 1122 3172 exereitus
1158 3097 1201 3172 ed
1228 3101 1358 3172 certum
1397 3102 1599 3194 etamplius
1626 3103 1731 3177 tillia

176 3217 263 3309 apud
280 3217 380 3291 laath
398 3235 524 3291 rursu·
543 3217 711 3292 conuenit:
739 3219 791 3291 oui
819 3219 1050 3312 superveniant
1077 3221 1303 3294 Tlemromu
1330 3222 1508 3296 multitudo
1534 3225 1729 3317 universum,

176 3357 250 3413 ou
268 3340 334 3413 ian
360 3339 470 3414 biduo
498 3341 716 3415 sustinuisset
733 3341 900 3433 praelium,
927 3341 1047 3433 partim
1074 3342 1182 3434 caedo,
1209 3344 1329 3436 partim
1356 3345 1456 3418 etiarn
1483 3345 1662 3421 miserabili
1682 3367 1731 3422 cc·

816 3463 968 3538 leuitate
995 3463 1092 3540 dolat

263 3703 432 3786 allictoria
458 3705 498 3780 de
524 3727 605 3801 roge
641 3707 726 3781 Bela
760 3707 796 3782 et
830 3705 902 3781 suis
939 3707 1143 3784 exercitibus
1179 3709 1292 3804 Bathy
1327 3710 1569 3788 'lhertarorum
1605 3713 1685 3788 Dux
1700 3710 1729 3807 ³)

175 3827 297 3920 relata,
326 3827 361 3901 in
389 3849 549 3922 maguam
576 3829 779 3924 superbiam,
808 3829 1049 3922 audaciamque
1076 3831 1216 3924 erectus,
1253 3831 1414 3908 uictorem
1438 3834 1624 3910 exercitum
1650 3857 1724 3910 ver-

175 3971 234 4023 sus
261 3950 367 4025 Pesth
393 3949 506 4025 ducit:
542 3950 616 4026 illic
649 3951 739 4026 enim
767 3952 916 4026 maxima
951 3953 1127 4027 aduersum
1154 3976 1190 4028 se
1217 3953 1486 4030 Christianorum
1522 3957 1660 4051 agmina
1686 3959 1729 4032 ab

174 4071 447 4166 exploratoribus
473 4072 545 4147 suis
571 4073 764 4150 marcuisse
790 4073 964 4150 didicerat.
993 4074 1125 4150 Praelio
1143 4077 1256 4152 auam
1283 4080 1327 4152 ab
1353 4077 1507 4171 utrisque
1534 4077 1631 4168 inito,
1650 4080 1724 4153 ‘tri-

175 4195 240 4268 bus
266 4193 385 4269 diebus
411 4195 570 4270 acerrime
596 4198 787 4290 pugnatum
813 4200 878 4271 est.
906 4197 953 4270 Et
967 4197 1121 4288 quamuis
1147 4197 1316 4293 Huugari,
1344 4199 1535 4290 caeterique
1562 4201 1728 4275 Christia-

173 4315 213 4389 ui
240 4337 301 4410 pro
327 4315 469 4391 uictoria
495 4317 612 4392 adnixi
640 4317 797 4410 fuissent,
826 4318 930 4393 tertia
956 4321 1068 4394 tamen
1086 4318 1114 4414 ὀ)
1140 4319 1194 4393 die
1221 4320 1263 4394 ad
1290 4342 1463 4415 uesperam
1491 4321 1592 4397 cessit
1619 4322 1726 4397 Thar-

173 4436 263 4512 taris
289 4459 334 4511 ex
359 4439 488 4514 occulto
524 4438 646 4514 iudicio
683 4439 745 4516 Dei
780 4438 941 4531 victoria,
978 4442 1014 4515 et
1049 4440 1213 4534 reliquiae
1249 4441 1453 4518 miserabilis
1483 4445 1519 4518 et
1545 4443 1730 4520 miserandi

173 4559 346 4636 exercitus
373 4582 394 4634 a
421 4560 598 4636 Thartaris
625 4563 752 4652 absque
779 4563 850 4636 ullo
877 4561 1018 4656 pietatis
1044 4565 1200 4657 respectu
1236 4565 1381 4639 deletae.
1426 4565 1568 4641 (tentum
1596 4569 1631 4642 et
1657 4590 1729 4641 arn·

174 4681 268 4776 plius
295 4680 562 4758 Christianorum
590 4683 764 4759 milliaco
791 4684 919 4778 praelio
947 4685 1184 4778 pertriduum
1213 4685 1404 4762 interfecta.
1432 4685 1486 4761 Ad
1513 4688 1647 4783 oppida,
1678 4691 1727 4764 ni-

173 4823 233 4878 cos
259 4804 294 4880 at
320 4825 400 4879 mora
430 4827 491 4900 per
517 4805 700 4880 Thartaros
734 4805 921 4880 discursum
956 4808 1021 4898 est,
1057 4808 1093 4882 et
1129 4807 1238 4882 omnis
1274 4830 1387 4900 sexus,
1424 4810 1533 4884 omnis
1569 4809 1727 4904 conditio,

174 4924 286 5000 omuis
312 4926 407 5001 aetas
434 4925 613 5001 trucidata.
640 4929 687 5002 Et
712 4927 795 5002 licet
820 4929 1009 5003 sacerdotes
1035 4931 1070 5002 et
1097 4929 1264 5022 monachi,
1293 4929 1482 5022 caeterique
1508 4931 1729 5009 ecclesiastici

174 5067 253 5122 aum
280 5047 548 5143 processionibus
574 5051 609 5123 et
634 5049 790 5142 reliquiis
824 5051 1034 5143 Sanctorum,
1073 5050 1210 5126 illorum
1246 5052 1414 5147 placaturi
1441 5053 1577 5145 furiani,
1613 5065 1731 5129 eorum'

174 5169 360 5244 adventum
387 5169 592 5265 exciperent,
630 5170 790 5246 Thartari
825 5173 939 5246 amen
965 5171 1120 5247 omnibus
1147 5172 1385 5249 ecclesiasticis
1412 5175 1448 5249 et
1474 5174 1641 5249 ministris
1667 5175 1730 5250 Dei

174 5290 406 5367 crudelissime
432 5291 593 5386 enecatis,
622 5314 702 5367 rasa
728 5293 890 5370 ecclesiae
910 5293 1185 5389 concupiscibilia
1211 5295 1283 5370 suis
1310 5294 1451 5370 nefariis
1474 5297 1592 5372 usibus
1618 5296 1729 5392 appli-

284 5553 311 5634 ¹)
334 5555 485 5617 observari
511 5553 583 5617 Ood.
606 5555 697 5617 Roar.
729 5552 756 5634 11)
770 5557 830 5616 illis
854 5556 914 5618 Ed.
937 5557 1024 5632 Lipa.
1056 5553 1163 5638 ³)Rex
1185 5557 1245 5619 Ed.
1269 5557 1355 5636 Lipa
1386 5553 1414 5638 ⁴)
1431 5557 1548 5620 medem
1562 5556 1623 5620 Ed.
1638 5559 1727 5636 Ilipa.

228 5689 250 5734 s.
263 5689 355 5742 erga.
369 5689 454 5734 naar.
469 5689 547 5734 aaron
563 5691 588 5736 r.
603 5691 635 5733 11.
1539 5685 1571 5730 aa
