4208 6282
388 513 461 588 130
476 557 479 562 ,
1015 533 1127 586 uranu
1154 533 1307 587 ermque.
1680 511 1742 606 (Α.
1762 509 1812 614 Ι)ιλ
1828 510 1937 606 aaa)

382 718 436 794 ius
463 740 582 814 eorpus
609 720 790 814 repertum,
823 699 942 794 ofilio
969 740 1029 796 suo
1055 719 1225 794 Fridsrioo
1252 717 1287 794 in
1314 719 1440 814 'lprum
1467 719 1629 811 delatum,
1658 717 1732 794 illio
1758 718 1847 794 iusto
1873 719 1935 794 ho·

382 863 462 916 uore
489 841 661 936 sepultum
688 842 751 916 est.
779 839 841 916 Vir
867 841 995 934 largus,
1025 841 1193 931 strenuus,
1222 841 1398 930 facundus,
1426 842 1462 916 et
1488 839 1524 914 in
1545 840 1735 916 decidendis
1762 840 1934 933 quaestio-

383 962 483 1037 nibus
510 960 663 1036 iustitiae
689 963 818 1038 zelator
844 962 1055 1038 devenimus.
1088 961 1355 1038 Christianorum
1381 963 1507 1052 autem,
1535 963 1570 1037 et
1597 984 1695 1038 eruoe
1721 961 1935 1057 signatorum

381 1083 549 1160 exereitus
575 1083 612 1158 in
639 1083 858 1176 Imperatoris
883 1083 1047 1158 Friderioi
1065 1085 1175 1160 loeum
1193 1083 1303 1158 lilium
1330 1083 1403 1158 eius
1429 1083 1640 1160 Friderioum
1666 1083 1776 1158 virum
1794 1107 1890 1160 norae
1910 1085 1934 1178 ¹)

381 1203 595 1278 strenuitatis
622 1204 811 1295 substituit,
849 1207 884 1279 et
910 1227 947 1278 eo
974 1206 1066 1278 Duee
1093 1205 1240 1298 primmu
1266 1204 1493 1295 Antioohiam,
1532 1204 1590 1279 ubi
1617 1207 1690 1280 oete
1716 1204 1934 1282 hebdomadis

383 1325 600 1399 immoratum
627 1326 699 1412 est,
728 1325 847 1400 deiude
882 1325 1065 1420 Tripolim,
1101 1326 1166 1400 Sur
1192 1327 1227 1400 et
1253 1323 1416 1400 Akkaron
1431 1324 1459 1419 ²)
1486 1325 1650 1420 prooessit
1675 1306 1722 1402 et*
1737 1327 1852 1401 hostes
1878 1347 1932 1400 oo·

381 1449 554 1523 turrentes
580 1445 756 1521 uiatoriose
783 1446 956 1534 ooullixit;
985 1469 1101 1521 rerum
1127 1447 1222 1540 peste
1249 1445 1284 1519 in
1311 1446 1462 1520 exercitu
1489 1449 1676 1541 grassante,
1710 1447 1790 1521 dum
1817 1447 1932 1541 plures

239 1653 244 1669 ,
380 1567 510 1642 nobiles
529 1569 564 1648 et
581 1567 740 1661 vulgares
767 1567 1021 1661 absumpsisset,
1050 1566 1241 1644 Friderious
1259 1570 1294 1642 et
1310 1565 1338 1661 ³)
1365 1567 1436 1662 ipse
1464 1567 1557 1644 illius
1574 1568 1804 1662 Imperatoris,
1832 1567 1932 1642 unire

380 1688 549 1762 exereitus
576 1688 734 1763 natholioi
761 1709 838 1782 spes
865 1690 899 1762 et
926 1689 1097 1779 solatium,
1126 1688 1267 1762 decedit.
1300 1689 1354 1761 Ex
1382 1689 1477 1764 ouius
1505 1693 1539 1764 et
1566 1689 1709 1763 eliorum
1735 1689 1931 1782 Principum

380 1809 530 1884 militum
556 1812 591 1884 et
617 1809 868 1904 peregrinorum
897 1811 1004 1886 morte
1031 1809 1201 1905 expeditio
1228 1813 1299 1884 tem
1331 1813 1529 1904 sumptuosa
1555 1815 1590 1886 et
1616 1810 1774 1905 insignis,
1799 1813 1834 1884 et
1851 1812 1930 1884 sub·

380 1934 559 2022 sequenter
585 1931 706 2006 'lerrne
743 1932 887 2006 Sanetus
914 1932 1123 2025 reeuperatio
1159 1933 1278 2006 residit
1306 1931 1342 2006 in
1370 1932 1514 2005 irritum.
1558 1933 1711 2006 Mortuus
1738 1935 1852 2006 autem
1879 1933 1931 2006 eet

380 2051 572 2126 Friderious
598 2053 786 2146 Imperator
813 2075 901 2127 anno
929 2052 1067 2147 Imperii
1086 2053 1255 2128 tricesimo
1274 2053 1386 2142 tertio,
1415 2053 1526 2148 Regni
1549 2076 1626 2128 vero
1643 2053 1813 2130 tricesimo
1839 2055 1931 2128 oute·

379 2196 420 2248 ro
435 2172 474 2267 ⁴).
503 2171 563 2248 Oai
590 2172 684 2247 filius
710 2173 783 2248 eius
810 2172 977 2248 Hsnrieus
1004 2174 1209 2250 oouoorditer
1228 2176 1271 2249 eb
1290 2174 1444 2250 omnibus
1470 2175 1672 2250 aleatoribus
1697 2176 1827 2250 elautus
1854 2195 1930 2248 sue·

379 2294 478 2385 oedit,
507 2292 713 2390 Aquisgrani
752 2318 811 2390 per
847 2295 1076 2370 coloniensem
1111 2295 1397 2390 arehiepiscopum
1433 2295 1684 2390 quintedeoimu
1717 2295 1851 2390 Aprilis
1874 2317 1928 2370 oo·

377 2419 528 2492 renatus.

482 2535 672 2612 l'riderious
698 2536 878 2612 Bohemiae
914 2537 993 2611 Dux
1029 2539 1144 2613 eodem
1178 2539 1282 2614 etiam
1318 2561 1406 2612 anno
1444 2538 1532 2614 diem
1560 2539 1595 2612 in
1622 2540 1735 2634 Pruga
1770 2537 1865 2629 obiit,
1895 2539 1929 2611 et

378 2657 608 2736 universorum
634 2659 856 2734 Bohemorum
884 2659 1002 2733 levore
1024 2659 1199 2734 Gunrudus
1226 2659 1395 2734 Moreviae
1421 2660 1501 2734 Dux
1526 2660 1656 2754 aceepit
1683 2659 1929 2754 Prinoipetum.

377 2779 435 2854 Ite
460 2783 521 2854 sub
549 2804 615 2854 uuo
641 2803 728 2859 anau
755 2783 789 2857 et
816 2803 899 2874 pene
926 2782 1041 2855 eodem
1067 2783 1217 2876 tempore
1244 2784 1315 2856 tres
1341 2781 1529 2858 Friderieos
1556 2783 1662 2857 morte
1679 2781 1864 2856 immatura
1877 2780 1928 2856 ui·

377 2901 435 2978 des
463 2901 643 2978 deoessisse
669 2905 705 2977 et
731 2902 870 3006 fatalem
897 2901 969 2978 illis
996 2925 1124 2980 annum,
1149 2903 1261 3004 ipsum
1293 2903 1410 2979 foisse.

837 3261 1044 3377 ANNUS
1080 3261 1305 3374 DOMINI
1342 3261 1476 3374 1190.

428 3509 521 3586 lueis
548 3511 633 3586 iuter
658 3512 860 3586 deleuerat
885 3510 1054 3603 ilungaros
1072 3511 1268 3602 conpositio
1297 3511 1456 3584 dennuni
1474 3510 1616 3602 partium
1633 3509 1874 3584 ennsultatioue

1005 3633 1128 3705 mustra
1154 3636 1294 3706 tentata.

479 3873 641 3950 Guerram
657 3874 685 3967 ⁵)
713 3872 802 3949 inter
836 3871 1033 3967 Huugarioe
1069 3873 1104 3946 et
1140 3871 1298 3947 Polouiae
1333 3871 1453 3966 Regna
1488 3889 1531 3946 eu
1566 3869 1791 3946 Heliouiensis
1822 3869 1927 3946 Duris

375 3994 569 4072 Wledimiri
605 4017 665 4090 per
701 3994 912 4068 Kazimirum
938 3994 1140 4068 Polouorum
1166 3995 1292 4068 Duoem
1319 3993 1533 4067 restitutione
1560 3993 1651 4068 faeta
1665 3992 1705 4086 ⁶),
1734 4013 1925 4066 eommunes
2073 4000 2076 4004 ’

374 4116 569 4210 Regnorum
605 4117 745 4190 barones
780 4117 815 4189 et
842 4114 1024 4189 consiliarii
1060 4113 1255 4202 extiuoturi,
1293 4116 1474 4206 antequem
1510 4113 1657 4207 amplius
1693 4113 1925 4203 invalesueret,

374 4235 410 4310 in
437 4237 536 4314 metis
563 4237 759 4330 Regnorum
786 4235 998 4326 conveniunt,
1037 4234 1215 4328 pluresque
1242 4233 1330 4308 inter
1357 4255 1393 4309 se
1420 4235 1590 4308 disserunt
1624 4235 1802 4324 tractatus,
1840 4255 1925 4308 nna·

374 4379 506 4449 quaque
533 4357 681 4452 partium
718 4378 853 4432 eausam
889 4377 984 4431 suam
1020 4355 1194 4430 iustiorem
1221 4355 1425 4430 affirmante.
1471 4357 1516 4428 ut
1543 4354 1700 4449 Hungari
1727 4355 1864 4448 quidem
1890 4377 1925 4428 se

375 4478 410 4550 et
436 4477 565 4572 Regem
602 4499 700 4552 suum
727 4478 845 4554 Belem
877 4479 918 4552 de
944 4477 1168 4551 Halieziensis
1203 4477 1354 4550 Duoatus
1389 4477 1598 4570 possessione
1632 4475 1735 4552 armis
1771 4476 1926 4567 qusesita

374 4599 600 4690 querebantur
627 4599 795 4692 depulsoe;
824 4598 943 4673 Poloni
970 4619 1014 4674 ex
1040 4599 1177 4672 adverso
1204 4597 1453 4672 Helioriensem
1472 4599 1508 4671 et
1525 4598 1676 4672 oesteras
1702 4596 1923 4690 Rossorumb

373 4719 526 4815 regiones
552 4721 596 4795 ad
621 4741 656 4796 se
682 4720 896 4814 pertinuisse,
935 4721 1140 4811 tributisque
1172 4721 1207 4794 et
1234 4717 1402 4809 obsequiis
1438 4719 1511 4794 suis
1544 4717 1750 4794 subiaeuisse
1787 4719 1922 4794 refelle-

372 4843 475 4916 bant:
514 4841 783 4934 oouoertatioque
819 4841 942 4916 studiis
978 4840 1127 4935 portium
1164 4839 1200 4912 iu
1235 4839 1306 4914 dies
1333 4840 1463 4932 aliquot
1498 4839 1727 4931 tanedebutur,
1766 4839 1922 4933 ponisque

371 4963 566 5044 reformatio
593 4961 743 5037 diffinitis
770 4963 843 5038 uiso
862 4965 925 5038 est.
953 4961 1163 5058 Quapropter
1183 4961 1225 5034 ad
1244 4961 1502 5042 resoindendum
1527 4961 1723 5037 ulteriorem
1747 4960 1922 5055 guerrae‘b

480 5255 505 5339 ¹)
527 5259 618 5318 mirae
648 5258 709 5318 Ed.
732 5259 827 5319 Dobr.
866 5255 893 5336 Ω)
915 5257 1046 5318 Alkoron
1079 5255 1150 5318 Ood.
1172 5257 1266 5319 Rorr.
1299 5258 1432 5319 Alkonor
1461 5257 1521 5318 Ed.
1544 5257 1638 5319 Dobr.
1677 5253 1704 5335 3)
1727 5257 1817 5318 etiam
1849 5255 1919 5318 Ooot.

371 5361 465 5430 aovr.
504 5358 533 5440 4ι)
554 5363 710 5426 messano.
725 5363 785 5427 Ed.
808 5363 896 5438 arpo.
936 5358 1146 5440 ⁶)‚Dissidinm
1171 5361 1242 5423 Cod.
1265 5363 1358 5424 Rour.
1393 5359 1420 5440 ⁸)
1442 5379 1496 5437 per
1518 5362 1652 5428 Oesiruiri
1674 5363 1815 5424 Polouiae
1830 5362 1920 5421 Ducis

377 5468 579 5528 estitutionem
602 5475 735 5529 exortum
758 5468 818 5528 Ed.
840 5467 937 5528 Dobr.
978 5464 1152 5544 ⁷)Russiae
1175 5465 1235 5526 Ed.
1258 5468 1352 5528 Dour.
1392 5465 1556 5544 ⁸)dissidii
1582 5465 1653 5529 (lod.
1676 5468 1770 5538 Reor.
1871 5479 1873 5490 '
