4172 6278
144 549 275 648 (M).
296 547 418 651 l220'.)
773 573 886 627 urens
912 571 1067 631 snxrus.
1619 553 1696 628 209

3 765 9 838 ἓ.
145 761 289 838 eialibus
315 759 574 854 ecelesiasticis,
611 780 672 836 nee
698 765 759 856 per'
784 759 1074 837 reoonrentionom
1111 759 1171 836 aut
1211 758 1363 853 aliquam
1396 757 1629 856 exeeptionent
1655 759 1700 835 ad

3 943 4 982 ξ
146 883 258 959 forum
292 883 456 960 laieorum
492 882 625 979 possint
644 883 837 978 'oompelli,
874 883 934 957 sed
969 905 1030 960 neo
1055 889 1167 958 boram
1193 881 1278 977 ipsis
1304 881 1454 958 Ducibus
1485 883 1546 957 aut
1585 903 1700 958 eorum

3 991 5 1006 ι
148 1003 352 1082 offioialibus
370 1005 406 1100 ¹).
450 1006 497 1080 Et
523 1005 661 1082 eandam
688 1005 882 1082 libertatem
908 1003 1057 1080 obtinuit
1083 1003 1277 1100 originariis
1304 1005 1339 1078 et
1365 1003 1567 1099 asoriptioiis
1596 1004 1701 1080 etole-

3 1111 5 1152 ³
145 1125 284 1202 siarum.
329 1125 459 1203 Deinde
494 1147 570 1202 ounn
605 1149 666 1222 pro
692 1126 756 1201 heo
783 1125 942 1202 libertate
967 1124 1214 1217 oonfirmonda,
1244 1125 1387 1201 Romam
1414 1147 1449 1202 se
1476 1125 1699 1220 personaliter

3 1285 4 1296 ο
146 1247 359 1341 miserendo,
387 1247 522 1323 assiduo
546 1248 672 1324 ‘oonstu
698 1248 734 1323 et
760 1247 816 1342 pio
843 1247 956 1322 studio
982 1247 1180 1339 laborasset,
1210 1249 1245 1322 et
1271 1246 1395 1322 ibidem
1421 1248 1520 1322 rebus
1545 1245 1700 1322 omnibus

3 1363 4 1404 ³
146 1391 208 1464 pro
234 1367 333 1445 libito
368 1369 459 1464 apud
485 1369 605 1445 Sedsm
631 1367 862 1464 Apostolioam
897 1391 936 1445 aa
972 1391 1032 1464 pro
1063 1369 1140 1444 uoto
1167 1367 1315 1445 obtentis
1341 1375 1377 1443 ot
1404 1367 1644 1443 consummatis
1659 1367 1699 1462 ²),

3 1485 5 1576 ζ
146 1491 286 1585 aooepto
312 1489 494 1586 legationis
520 1489 642 1582 offitio,
674 1489 711 1564 in
738 1490 966 1567 (bnasnansem
998 1489 1205 1585 provintiam
1232 1491 1268 1566 st
1294 1489 1331 1565 in
1357 1489 1515 1585 Regnum
1540 1488 1700 1564 Poloniae

3 1703 5 1740 D
146 1611 314 1705 rediisset,
342 1625 419 1688 oum
445 1633 568 1708 magno
594 1613 719 1688 honore
742 1611 929 1690 eDuoibus
955 1611 1115 1687 Poloniae
1140 1611 1306 1707 redeptus,
1344 1609 1560 1707 privilegium
1595 1610 1700 1686 euola-

3 1759 5 1842 ᾗ
148 1731 308 1810 siastioae
335 1733 506 1810 libertatis
532 1733 569 1808 in
596 1733 714 1808 multis
740 1732 905 1827 artioulis,
934 1733 1056 1825 quibus
1079 1731 1300 1850 eoolosiastioi
1326 1731 1391 1808 riri
1417 1732 1646 1828 morabantur
1660 1729 1700 1825 ³),

147 1853 251 1950 petiit
279 1856 316 1930 et
341 1853 490 1930 obtinuit
515 1853 705 1934 confirmari
717 1876 726 1944 ;
762 1855 899 1930 tandem
933 1853 1065 1950 Synodo
1092 1853 1292 1950 provinciali
1319 1855 1534 1951 oongregata,
1564 1851 1702 1930 olerieos

3 2011 5 2034 ε
75 2025 79 2032 .
149 1974 317 2052 iusseris
353 1976 527 2052 ordinibus
563 1976 766 2053 constitutos
801 1976 963 2052 uxoribus
998 1975 1157 2072 priuauit.
1202 1975 1356 2071 Etonia
1390 1999 1434 2052 ex
1460 1974 1702 2052 constitutione

3 2161 4 2212 ἶ
150 2097 244 2174 Petri
271 2098 424 2194 dspuani
449 2097 640 2176 cardinalis
676 2097 772 2176 Sedis
804 2096 1019 2194 Apostolioae
1054 2097 1196 2195 Legati,
1212 2119 1313 2193 super
1339 2097 1501 2174 uxoribus
1526 2097 1701 2173 dimittor·
1804 2163 1808 2169 .
1884 2127 1887 2138 ο

3 2221 4 2232 ‘
151 2219 213 2311 dis,
241 2220 361 2295 nullus
388 2220 520 2298 fruetus
555 2221 718 2298 haetenus
744 2222 964 2316 'provenerat
1001 2241 1044 2296 ne
1069 2225 1159 2315 saga
1184 2219 1399 2296 licentiosis
1425 2221 1646 2298 abuterentur
1660 2217 1700 2314 ⁴),

3 2371 5 2420 ο
151 2341 221 2436 ipse
235 2340 265 2437 ⁵)
292 2355 408 2420 omnes
435 2343 583 2436 olorioos,
611 2341 714 2420 tastis
740 2342 962 2419 saerosenotis
989 2341 1197 2439 Evangeliis,
1227 2363 1347 2420 uxores
1373 2341 1531 2438 deindeps
1547 2345 1583 2418 ot
1601 2363 1701 2435 quas-

3 2507 4 2518 t
151 2462 233 2540 libet
259 2463 465 2542 oonoubinos
491 2463 574 2553 fauit
598 2464 753 2542 abiurare
780 2463 815 2542 et
841 2466 885 2542 ab
911 2463 961 2541 eis
988 2485 1024 2542 so
1050 2461 1226 2543 contineri.
1312 2489 1315 2494 ·

604 2825 813 2942 ANNUS
848 2825 1073 2943 DOMINI
1108 2825 1249 2945 1220.
1324 2833 1326 2840 ‘

288 3073 412 3149 lestko
440 3091 576 3150 moron
603 3075 696 3152 doeit
722 3074 981 3152 dreinislovou
1007 3075 1108 3152 tlllon
1122 3073 1269 3152 vlororlul
1296 3075 1394 3150 butio
1419 3071 1567 3149 ltmslao.

255 3313 491 3392 drooorionsos
518 3335 670 3410 proteres
697 3313 808 3410 veriti,
836 3339 879 3393 ne
897 3315 1044 3413 propriis
1069 3315 1220 3392 Duoibus
1246 3315 1416 3392 Lestkone
1441 3314 1529 3391 Albo
1555 3315 1590 3390 et
1617 3315 1705 3390 dun·

151 3437 231 3513 rado
258 3435 335 3514 sine
361 3435 478 3513 liberis
504 3437 731 3532 obeuntibus,
754 3437 791 3514 in
826 3437 1078 3534 peregrinorum
1114 3437 1246 3516 Duount
1281 3437 1444 3513 ditionem
1471 3435 1626 3514 devenire
1652 3459 1706 3513 oo·

152 3559 327 3654 gerentur,
356 3559 561 3635 lestkonem
587 3561 714 3634 Duoem
741 3581 851 3653 suum,
889 3559 953 3635 duo
984 3561 1025 3634 do
1051 3558 1239 3656 triginta&
1267 3581 1372 3634 annos
1408 3559 1599 3652 habentem,
1628 3582 1706 3635 oon·

152 3680 313 3778 ingemo
341 3699 509 3758 assumere
535 3681 755 3777 oompellunt.
785 3681 889 3758 Varia
909 3683 1036 3758 tamen
1053 3683 1143 3778 apud
1161 3680 1370 3758 consiliarios
1396 3681 1498 3756 erant
1518 3683 1617 3758 rota:
1646 3680 1707 3757 alii

153 3802 245 3879 enirn
271 3823 349 3878 oum
374 3802 561 3900 Hungeris,
598 3803 659 3878 alii
687 3825 763 3880 oum
789 3802 957 3899 Almonis,
986 3803 1047 3879 elii
1073 3825 1149 3880 oum
1175 3801 1345 3895 Bobenis,
1379 3802 1503 3879 caeteri
1530 3825 1606 3878 oum
1633 3803 1705 3878 Ru-

152 3923 268 4001 thenis
294 3924 446 4000 futuram
464 3925 668 4001 affinitatem
687 3926 968 4021 praestantiorem
986 3925 1217 4002 indioauer'ant
1231 3925 1270 4020 8).
1298 3923 1536 4002 Visittanden
1556 3948 1596 4001 ea
1613 3947 1705 4020 pars,

3 4067 4 4102 ³
156 4059 242 4140 quae
268 4045 454 4124 amioitium
480 4069 562 4123 oum·
583 4047 755 4124 Ruthanis
781 4049 953 4124 suadebat.
995 4050 1060 4123 Pro
1086 4047 1215 4140 illaque
1228 4047 1444 4142 'tempestate
1471 4046 1706 4122 Ruthenorum

3 4191 4 4198 ¹
155 4167 308 4246 amititia
334 4167 444 4264 potior
469 4168 620 4246 iudicate
645 4171 709 4264 est,
746 4171 819 4246 tum
847 4171 887 4244 ut
914 4169 1098 4246 dominium
1124 4169 1325 4245 Polonoron
1359 4167 1464 4243 latius
1492 4167 1603 4263 posset
1630 4190 1708 4263 por-

156 4288 236 4385 rigi,
264 4291 339 4364 tunu
366 4291 407 4364 ut
433 4311 508 4366 curn
535 4290 706 4367 Ruthenis
733 4313 801 4386 pan
828 4291 986 4386 plurimis
1021 4290 1122 4367 bellis
1157 4291 1193 4366 et
1219 4289 1451 4365 simultatibus
1478 4287 1603 4365 infoota
1630 4311 1708 4384 pos-

156 4411 209 4486 set
234 4411 424 4487 reformari.
469 4411 591 4506 Itaque
618 4435 662 4488 ex
688 4413 954 4488 oonsiliariorum
981 4411 1164 4504 sententia,
1193 4413 1319 4488 Lestko
1344 4409 1454 4486 Albus
1479 4409 1648 4506 virginem
1673 4413 1710 4486 et

157 4555 280 4628 genere
306 4533 342 4608 et
368 4531 527 4626 moribus,
568 4535 740 4629 formaque
766 4535 949 4631 ingenuum
976 4533 1255 4626 Gruimislauam,
1292 4532 1401 4609 filiam
1435 4532 1579 4609 Iaroslai
1605 4531 1709 4608 Duris

157 4654 314 4747 Russiae,
343 4653 468 4750 desipit
492 4655 529 4729 in
556 4676 705 4750 uxorem,
734 4657 769 4732 et
795 4655 936 4751 nuptiae
962 4657 1101 4753 sumptu
1127 4657 1163 4732 et
1189 4655 1356 4751 apparatu
1383 4653 1562 4751 magnifico
1588 4653 1625 4728 in
1651 4675 1708 4727 ur-

3 4861 4 4864 ,
157 4777 198 4852 bs
224 4775 435 4854 Graooniensi
462 4777 685 4871 celebrantur,
714 4799 857 4872 quarum
879 4777 1061 4855 celebritas
1088 4801 1147 4873 per
1174 4779 1270 4853 sotus
1296 4775 1463 4852 militares
1481 4777 1516 4851 et
1533 4777 1708 4852 hastarum

158 4897 255 4973 ludos
282 4897 319 4971 in
345 4896 418 4974 diss
445 4898 561 4994 plures
587 4899 656 4973 fuit
682 4901 845 4995 produota
858 4898 899 4996 ⁹).
926 4901 1129 4975 Eudemum
1155 4897 1326 4974 affinitate
1351 4899 1422 4973 tarn
1441 4897 1589 4990 Polonis,
1609 4920 1710 4991 qnam

158 5018 330 5096 Buthenis
365 5021 458 5096 oerta
483 5021 520 5096 et
547 5020 675 5116 optima
701 5029 771 5116 part
797 5021 946 5115 effulsit,
984 5020 1056 5118 iugi
1082 5021 1193 5115 bello,
1229 5043 1294 5115 quo
1321 5031 1357 5096 ss
1384 5017 1544 5112 utrinque
1569 5017 1708 5094 eollids·

266 5210 293 5292 ¹)
316 5211 491 5274 officialibus
513 5213 702 5290 respondere.
717 5211 789 5275 σοῦ.
812 5213 905 5274 Βοῦν.
938 5211 965 5290 r)
988 5212 1166 5275 confirmatis
1190 5209 1250 5273 Βά.
1273 5211 1368 5272 Βοῦν.
1400 5205 1427 5288 ³)
1450 5209 1507 5272 vim
1530 5205 1710 5270 eeclesiasti-

3 5389 4 5402 ἶ
161 5333 212 5378 aas
233 5317 384 5381 libertatis
406 5318 588 5393 gustabatur
610 5319 671 5380 Idd.
693 5317 788 5379 Βοῦν.
824 5313 852 5398 ⁴)
874 5317 1078 5380 admitteretur
1099 5315 1160 5378 Ed.
1182 5315 1277 5378 Βοῦν.
1292 5313 1335 5394 Ψ)
1358 5315 1527 5390 specialiter
1541 5314 1601 5376 Ed.
1616 5313 1711 5374 Βοῦν.

162 5415 189 5500 i)
210 5421 269 5484 duo
285 5427 317 5484 et
330 5423 453 5497 triginta
474 5423 536 5486 Ed.
559 5422 653 5486 Βοῦν.
686 5417 901 5500 ⁷)ooniugiurn
926 5419 999 5485 (iod.
1023 5423 1114 5486 Βοῦν.
1145 5418 1441 5500 'bindioarant'Ed
1462 5417 1559 5481 Βοῦν.
1597 5413 1628 5497 ⁰)
1642 5433 1712 5493 pro-2

3 5515 4 5532 ¹
159 5529 260 5588 tracta
274 5523 337 5588 Eoi.
356 5525 452 5588 Βοῦν.

204 5661 228 5708 J.
241 5661 338 5716 nuncu.
350 5661 437 5707 Euan.
451 5661 530 5706 Polam
545 5661 571 5705 Β.
583 5661 616 5705 11.
1523 5643 1555 5698 2?
