4208 6282
179 547 244 648 (Α.
264 546 312 624 D.
332 543 444 649 neb.)
804 571 916 624 rmus
943 573 1093 628 seruus.
1654 561 1727 634 155

176 757 320 832 cusnndo
338 778 399 832 sno
417 757 552 848 scelere,
581 755 679 849 quasi
705 757 843 832 solenne
862 758 1101 852 quodammodo
1119 763 1155 835 et
1172 762 1315 838 coeleste
1333 764 1505 838 oraculum
1523 764 1681 864 extiterit
1691 766 1726 860 ¹),

175 877 226 953 uti
252 878 447 972 prouerbio:
494 877 671 954 Neminem
698 879 818 970 melle,
847 901 948 973 apum
976 881 1043 954 nisi
1070 881 1165 975 prius
1191 905 1334 958 examen
1360 884 1585 979 oppresserit,
1614 908 1728 962 securo

177 997 264 1074 uesci
291 1019 399 1094 posse.
440 999 587 1074 Tantum
613 1000 729 1074 autem
768 1003 932 1076 temorem
959 1023 1022 1076 sna
1048 1003 1255 1078 truculentia
1281 1005 1317 1079 et
1343 1005 1523 1099 tyrannide
1558 1030 1624 1081 non
1651 1029 1728 1102 pro·

175 1120 258 1215 priis
286 1120 529 1212 tantummodo,
558 1121 618 1194 sed
643 1121 679 1196 et
705 1120 862 1208 finitimis
888 1121 1087 1217 ingesserat,
1117 1115 1251 1199 tantum
1280 1124 1345 1200 sibi
1372 1126 1483 1201 famae
1501 1129 1538 1202 et
1556 1128 1728 1222 potentiae

174 1241 266 1318 breri
293 1241 495 1334 quaesierat,
524 1243 564 1316 ut
590 1242 690 1318 facile
716 1243 870 1318 omnibus
897 1244 1132 1319 Ruthenorum
1160 1245 1343 1340 imperaret
1369 1247 1564 1340 provinciis,
1593 1251 1629 1323 et
1655 1250 1726 1323 sin·

174 1363 273 1457 gulos
300 1362 445 1438 Rrussioe
471 1362 645 1458 Principes
671 1365 810 1439 haberet
835 1364 1034 1440 tributarios
1061 1367 1097 1440 et
1122 1365 1301 1441 subiectos.
1328 1367 1420 1460 Quae
1446 1390 1511 1459 res,
1539 1391 1582 1444 ne
1609 1369 1644 1443 in
1662 1373 1726 1445 Po·

173 1485 327 1558 lonorum
354 1482 537 1579 perniciem
563 1486 759 1577 verteretur,
788 1507 887 1580 saepe
914 1487 1058 1562 Polonos
1095 1487 1271 1582 affligebat
1306 1487 1374 1562 iam
1406 1489 1528 1564 tacitos
1562 1512 1727 1584 saepenu-

174 1625 264 1679 mero
291 1604 643 1700 suporimpendentem
661 1606 805 1682 Romani
832 1607 1045 1702 tyrannidem
1064 1606 1098 1682 in
1118 1631 1153 1682 se
1172 1631 1303 1700 quoque
1331 1609 1519 1686 eminentes
1546 1610 1727 1704 aliquando

171 1747 367 1802 recrsuram.

240 2201 247 2212 „
381 2092 585 2183 trecarum
612 2094 718 2165 senex
744 2093 875 2165 deieris
901 2094 1054 2171 Peleniae
1080 2096 1152 2167 ltux
1178 2094 1345 2168 triadem
1372 2101 1518 2188 occupat.

274 2333 469 2428 Myecnlaus
496 2332 607 2408 Senex
633 2333 770 2408 llcioris
797 2333 956 2410 Poloniae
983 2334 1073 2425 Dux,
1102 2335 1161 2426 qui
1188 2336 1266 2429 pest
1292 2335 1423 2411 cladem
1442 2336 1486 2411 ad
1503 2337 1726 2432 blosngauam

171 2453 346 2548 acceptam
373 2452 534 2551 pacificus
560 2454 771 2546 constiterat,
800 2456 843 2529 sd
869 2477 923 2530 res
947 2477 1008 2549 per
1024 2455 1153 2530 bellum
1171 2456 1206 2531 et
1223 2455 1484 2531 controversiam
1507 2456 1536 2550 ²)
1562 2458 1727 2551 gerendas

170 2574 323 2650 animum
349 2574 514 2666 inclinat,
551 2577 587 2651 et
612 2575 648 2650 in
675 2575 905 2652 Ouiariensem
932 2575 1158 2670 provinciam,
1187 2598 1273 2670 quae
1300 2577 1341 2652 de
1367 2576 1549 2652 hestlronis
1574 2580 1610 2653 et
1636 2579 1725 2652 Oun-

170 2696 242 2771 radi
269 2695 421 2773 filiorum
447 2696 614 2770 Karimiri
640 2697 730 2773 sorte
756 2699 850 2789 erat,
888 2698 982 2773 uelut
1009 2697 1260 2792 Principatibus
1287 2697 1359 2772 suis
1386 2698 1611 2773 confinentem
1627 2697 1656 2794 ³)
1683 2722 1727 2773 ex

170 2817 428 2914 propinquitate
453 2820 489 2893 et
514 2817 788 2912 opportunitate,
825 2819 967 2913 occupat
999 2817 1096 2893 etin
1123 2839 1220 2894 suam
1255 2818 1380 2914 redigit
1415 2818 1589 2894 ditionem.
1634 2819 1726 2914 Quae

169 2939 310 3034 quidem
340 2937 467 3014 iniuria
492 2961 514 3014 a
539 2939 709 3016 lestkone
734 2941 834 3026 Duco
858 2942 894 3016 et
919 2938 991 3014 suis
1018 2939 1228 3014 curatoribus
1262 2961 1414 3034 repressa
1448 2935 1531 3015 tunc
1565 2963 1633 3015 non
1658 2943 1723 3031 est,

170 3061 335 3155 quoniam
360 3062 397 3136 et
422 3059 523 3136 civile
549 3061 676 3136 bellum
703 3062 880 3136 verebatur
906 3083 1127 3155 consurgere,
1163 3083 1266 3162 nores
1300 3061 1412 3136 clades
1444 3060 1566 3136 iterum
1593 3060 1724 3156 peritu-

168 3206 254 3276 rum,
283 3184 324 3259 et
340 3183 441 3258 atrox
458 3181 661 3258 concertatio
688 3181 918 3275 discussioque
942 3183 971 3277 ⁴)
997 3181 1087 3258 inter
1105 3181 1284 3258 Nicolaum
1302 3181 1553 3259 Gracoriensem
1571 3183 1612 3258 de
1630 3183 1726 3257 domo

169 3303 348 3399 Vulpium,
376 3305 412 3380 et
437 3302 657 3380 Gouorioium
684 3302 1005 3396 Sandomiriensem,
1034 3303 1216 3398 palatinos,
1245 3303 1286 3379 de
1313 3304 1409 3378 domo
1436 3299 1669 3396 Reuitorum,
1683 3305 1727 3378 ab

168 3423 400 3501 aemulatione
428 3425 463 3500 et
488 3423 594 3501 liroro
620 3425 695 3500 orta
721 3423 968 3514 intervenerat,
996 3423 1033 3498 in
1061 3424 1227 3515 illumque
1253 3425 1461 3519 processerat
1486 3424 1658 3516 ardorem,
1687 3425 1727 3498 ut

168 3548 246 3641 post
280 3547 387 3640 pluro
421 3543 580 3621 seditiosa
614 3544 750 3640 litigio,
787 3544 991 3621 Goworicius
1021 3543 1304 3620 Sandomiriensis
1335 3543 1511 3639 palatinus
1537 3544 1646 3618 hostis
1672 3542 1726 3618 sui

168 3667 301 3744 Nicolai
337 3665 483 3762 palatini
509 3665 737 3742 cracoviensis
763 3666 952 3762 potentiam
979 3667 1254 3761 perhorrescens,
1290 3665 1326 3739 in
1359 3665 1557 3742 Bohemiem
1583 3665 1627 3740 ad
1654 3665 1724 3739 fra·

168 3789 238 3864 tres
263 3791 303 3864 et
332 3789 494 3884 cognatos
522 3789 640 3863 domus
666 3810 747 3864 suae
774 3787 949 3882 (beneficio
976 3788 1079 3863 Ducis
1102 3786 1283 3862 Bohemiae
1310 3786 1347 3861 in
1373 3787 1468 3864 sedes
1495 3809 1574 3861 suas
1591 3787 1627 3862 et
1644 3786 1724 3861 hae·

169 3910 347 4002 reditetes,
376 3933 415 3986 eo
442 3911 557 3987 tamen
583 3912 691 4004 pacto,
720 3911 760 3986 ut
786 3910 956 3985 veteribus
989 3909 1182 4005 insignibus
1217 3909 1407 4004 abrogatis,
1437 3909 1472 3983 in
1499 3908 1636 4003 signum
1662 3929 1724 4002 pa·

170 4033 281 4108 tratre
308 4030 441 4106 fraudis
466 4031 604 4123 asciam,
633 4031 670 4106 in
695 4030 876 4108 Bohemico
902 4031 1037 4126 vulgari
1060 4029 1295 4105 Bradaticzam
1319 4029 1360 4124 ⁵),
1388 4029 1424 4104 in
1443 4029 1599 4106 Pelenico
1617 4027 1725 4104 Oxum

170 4155 338 4246 combam,
368 4174 428 4249 pro
454 4152 559 4229 armis
586 4153 767 4245 deferrent,
796 4152 990 4247 restitutos)
1016 4153 1156 4229 exulare
1182 4153 1317 4247 cogeret
1360 4206 1369 4225 .

367 4672 370 4682 ,
456 4603 607 4678 zdrislao
635 4603 878 4698 archiepiscopo
906 4603 1085 4680 dnesnensi
1111 4601 1260 4677 eomedit
1286 4601 1449 4676 laurices.

273 4879 453 4956 Zdnislous
478 4879 685 4956 Gnesnensis
711 4879 982 4976 archiepiscopus
1004 4902 1081 4956 cum
1099 4899 1206 4956 annos
1232 4877 1373 4954 sedecim
1402 4877 1555 4968 sedisset,
1585 4875 1727 4952 moritur

170 5005 205 5078 et
231 5003 269 5077 in
296 5001 488 5078 Gneenensi
522 5002 663 5079 ecclesia
698 5002 874 5098 sepelitur.
929 5004 971 5076 In
998 5002 1094 5078 cuius
1121 4999 1381 5090 successionem,
1419 4999 1485 5073 etsi
1520 4997 1727 5091 capitulares

170 5123 337 5200 Thomam
364 5121 634 5199 archidiaconum
658 5123 886 5201 unesnonson
913 5121 1109 5220 elegissent,
1137 5121 1324 5219 Myeczsleo
1350 5121 1465 5195 temen
1483 5120 1519 5194 et
1535 5117 1727 5196 Wlodislao

280 5401 306 5479 ¹)
330 5403 472 5462 existeret
493 5401 554 5463 Ed.
576 5401 671 5462 Dobr.
704 5401 732 5481 ⁹)
750 5402 965 5464 controversias
991 5399 1062 5463 Occi.
1085 5401 1178 5460 Reor.
1209 5395 1237 5475 ³)
1252 5397 1393 5460 confinem
1416 5397 1477 5458 Ed.
1499 5395 1594 5456 Dobr.
1624 5389 1651 5475 ⁴)
1667 5395 1726 5457 dis·

173 5506 331 5592 sensioque
356 5503 427 5577 coc.
448 5506 542 5568 Rosr.
567 5501 596 5594 ⁵)
610 5503 801 5570 Bradaeicam
829 5506 900 5574 Ood.
928 5503 1022 5570 Oiesc.
1044 5503 1249 5566 Beredaticam
1272 5501 1331 5564 Ed.
1347 5501 1442 5564 Dobr.
