4208 6282
1029 541 1141 594 66666
1167 540 1319 594 saxeus.
1690 515 1751 614 (Α.
1773 515 1944 612 ῠ,1183.)

615 849 707 924 latro
735 849 877 925 secundo
906 851 1146 945 arobiepiseopo
1175 835 1352 926 1166666661
1380 851 1528 926 succedit
1560 851 1738 926 1616161666.

503 1089 706 1167 (lucanensis
734 1093 1012 1188 metropolitanus
1040 1095 1160 1170 Petrus
1186 1094 1360 1186 secundae,
1389 1117 1464 1169 cum
1491 1093 1589 1168 annis
1607 1095 1734 1170 duobus
1759 1094 1794 1168 et
1820 1091 1941 1188 rigint'

399 1213 572 1290 ecclesiam
607 1214 834 1291 Gnesnensem
870 1216 1033 1307 rexisset,
1074 1215 1214 1291 moritur
1246 1219 1281 1290 et
1307 1217 1342 1290 in
1370 1215 1558 1292 Gnesnonsi
1593 1215 1734 1292 ecclesia
1768 1215 1941 1311 sepelitur.

400 1336 460 1410 Oui
486 1336 662 1411 Zdzislaus
689 1338 867 1414 canonicus
894 1337 1108 1429 Gnesnensia
1137 1339 1259 1413 nobilis
1286 1361 1407 1434 genere
1434 1340 1580 1414 Polonus
1607 1338 1647 1414 de
1673 1338 1804 1414 familia
1831 1338 1865 1412 et
1884 1337 1941 1412 do-

399 1481 452 1534 mo
479 1459 709 1556 Kosnlparogp
729 1461 764 1555 ¹),
801 1484 860 1555 per
895 1461 1090 1536 electionem
1127 1461 1319 1536 eanonicam
1355 1462 1522 1554 succedit,
1561 1461 1743 1536 aSummo
1779 1458 1942 1535 Pontidce

398 1581 501 1658 Lucio
528 1584 622 1678 Pepa
648 1583 760 1674 tertio,
789 1584 975 1678 Myeczslau
1001 1583 1137 1658 Maioris
1163 1584 1323 1659 Poloniae
1349 1585 1440 1659 11666
1459 1583 1696 1674 intercedente,
1725 1583 1889 1678 provisus.

500 1705 648 1780 Berones
676 1708 710 1780 et
737 1704 865 1780 milites
891 1705 1070 1782 Bobemiae
1097 1705 1274 1802 imperium
1301 1707 1336 1781 et
1362 1728 1469 1782 mores
1487 1703 1648 1781 Friderici
1672 1705 1774 1782 Ducis
1801 1704 1853 1779 sui
1882 1728 1939 1800 pe·

397 1825 475 1919 rosi,
503 1829 574 1902 tam
602 1827 723 1922 ipsum,
753 1850 853 1921 quum
881 1829 1020 1902 fratrem
1048 1851 1145 1903 suum
1172 1831 1340 1918 Ottonem,
1365 1829 1468 1903 variis
1495 1827 1681 1924 opprobriis
1708 1830 1743 1904 ot
1769 1829 1940 1904 contume-

396 1949 453 2024 liis
480 1949 706 2044 deturpatum,
749 1950 912 2025 seditione
939 1953 1074 2042 exorta,
1106 1953 1146 2026 de
1173 1941 1313 2026 Ducatu¹
1332 1951 1471 2026 eliciunt
1498 1954 1533 2027 et
1559 1951 1748 2026 Gunradum
1774 1949 1941 2026 Menariae

397 2073 521 2146 Ducem
550 2072 584 2146 in
602 2074 727 2148 Ducem
743 2071 771 2168 ²)
798 2075 834 2148 et
851 2073 1021 2148 dominum
1048 2077 1235 2165 assumunt,
1264 2076 1485 2170 Pragamque,
1514 2096 1598 2168 quas
1618 2097 1676 2169 pro
1694 2073 1863 2148 Briderioo
1882 2096 1941 2168 per

396 2195 541 2268 militum
570 2217 704 2270 suornm
731 2195 950 2270 Almanorum
988 2196 1165 2292 praecipue
1199 2197 1401 2292 praesidium
1437 2198 1625 2287 tenebatur,
1663 2195 1833 2271 obsidione
1867 2196 1938 2270 oin-

395 2319 526 2412 gentes,
557 2318 755 2413 oppugnent
783 2320 818 2392 et
844 2341 903 2413 per
931 2319 1132 2394 deditionem
1159 2319 1371 2413 conquirunt.
1413 2319 1604 2394 Bridoricus
1631 2317 1743 2394 autem
1769 2319 1938 2394 Romano-

394 2463 469 2514 rum
496 2441 693 2535 Imperator,
722 2440 758 2514 in
785 2440 880 2515 cuiuis
906 2441 1048 2516 tutelam
1081 2441 1272 2516 Friden'cns
1309 2441 1489 2517 Bolremiae
1515 2442 1593 2516 Dux
1620 2445 1661 2516 ab
1688 2441 1841 2516 omnibus
1868 2440 1939 2540 suis

395 2563 563 2639 desertum
592 2563 633 2638 iri
661 2585 696 2638 se
724 2563 898 2640 advertens
913 2563 952 2659 ³),
982 2565 1189 2660 confugeret,
1227 2567 1297 2640 166
1325 2565 1513 2640 cunradum
1540 2564 1675 2656 Ducem,
1714 2565 1937 2656 666616666-

394 2707 455 2759 nes
482 2685 663 2761 Bobemiae
698 2687 769 2778 (sed
809 2686 961 2761 Gunrado
976 2685 1004 2781 ⁴)
1031 2689 1121 2762 Duce
1148 2687 1354 2762 uocationem
1381 2689 1562 2782 abnuente)
1593 2688 1636 2762 ud
1662 2709 1760 2762 suum
1787 2685 1937 2762 tribunal

394 2809 434 2884 de
461 2807 593 2882 iustitia
619 2807 787 2883 Friderico
814 2831 1031 2904 responsuros
1057 2812 1164 2884 uocat.
1210 2811 1357 2885 Berones
1384 2810 1564 2886 Bohemiae
1581 2809 1608 2904 ⁵)
1635 2831 1760 2905 magna
1785 2809 1936 2904 trepida·

393 2929 485 3004 tione
512 2930 554 3004 sd
580 2951 616 3005 ss
642 2929 813 3005 uenientes
840 2930 1030 3005 Friderious
1057 2932 1245 3027 Imperator
1271 2933 1373 3008 uariis
1401 2932 1577 3028 suppliciis
1604 2953 1714 3007 coram
1744 2929 1865 3026 positis
1884 2930 1935 3005 iu-

393 3055 450 3126 bet
476 3052 637 3145 torqueri,
675 3076 815 3144 quorum
843 3055 935 3128 metu
962 3053 1111 3149 impulsi,
1150 3055 1277 3129 deserto
1314 3054 1476 3146 Gunrado,
1513 3054 1719 3130 Fridericum
1748 3054 1783 3128 in
1810 3054 1935 3128 Ducem

392 3178 605 3251 reassnmunt
631 3178 666 3251 et
692 3199 775 3252 6666
803 3179 1012 3252 sacramento
1039 3179 1140 3270 atque
1166 3178 1296 3254 foedere
1323 3201 1358 3252 se
1385 3178 1438 3251 illi
1465 3177 1691 3272 obstringunt.

495 3297 686 3372 Alexander
713 3299 806 3394 Papa
832 3298 965 3391 tertius,
994 3321 1068 3374 cum
1096 3299 1194 3374 aunis
1223 3324 1287 3374 uno
1314 3303 1349 3374 et
1375 3299 1511 3395 uiginti,
1543 3299 1710 3374 mensibus
1729 3297 1882 3372 undecim
1901 3299 1936 3372 et

391 3419 508 3496 diebus
533 3419 693 3495 tredecim
719 3420 871 3512 sedisset,
900 3421 1026 3496 Bumae
1054 3421 1255 3497 mentemst
1282 3421 1316 3496 in
1350 3422 1490 3498 ecclesia
1517 3423 1609 3496 beati
1636 3420 1729 3497 Petri
1758 3419 1932 3515 sepelitur.

391 3543 451 3617 dui
478 3542 603 3617 Lucius
629 3543 751 3620 tertius
787 3543 921 3618 natione
957 3544 1095 3636 Tuscae,
1133 3545 1173 3618 de
1201 3544 1338 3619 ciuitate
1365 3546 1457 3621 Luca
1484 3567 1527 3620 en
1554 3543 1657 3619 nobili
1684 3542 1840 3638 prosapie
1867 3541 1932 3616 ori-

391 3666 504 3760 ginem
531 3667 681 3758 trahens,
710 3665 897 3740 cardinalis
923 3669 1004 3740 tunc
1030 3668 1205 3762 episeopus
1232 3667 1396 3741 Ostiensis
1410 3667 1449 3762 ⁶),
1479 3667 1646 3755 succedit;
1674 3667 1715 3742 ad
1742 3687 1841 3758 quern
1861 3665 1932 3738 Ka·

389 3788 527 3863 nimirus
553 3789 631 3862 Dux
657 3791 693 3863 et
719 3789 899 3864 blonercba
925 3791 1125 3864 Polonorum
1153 3811 1253 3864 noros
1280 3789 1416 3874 nuutios
1448 3791 1585 3884 fatigat,
1623 3811 1698 3863 ossa
1725 3787 1840 3862 Sancti
1867 3787 1932 3861 ali-

389 3910 495 4003 cuius,
523 3911 563 3986 de
590 3912 711 4004 quibus
727 3911 856 3994 ,dandis
883 3935 903 3986 6
929 3935 988 3986 666
1016 3913 1264 4006 praedecessore
1290 3912 1484 3988 Alensndro
1512 3935 1588 4012 spes
1614 3913 1704 3988 factu
1721 3911 1843 4002 fuerat,
1872 3932 1932 4005 pru

388 4033 529 4110 ecclesia
555 4034 761 4110 biboariensi
789 4036 990 4130 precaturos

835 4377 1042 4494 ANNUS
1077 4377 1301 4494 DOMINI
1337 4377 1468 4494 183.

385 4628 585 4722 1666661666
612 4630 759 4724 aspirans
786 4627 827 4704 ad
854 4631 1077 4721 1166661166,
1104 4636 1254 4723 procurat
1281 4651 1316 4704 66
1343 4629 1868 4705 166661661166616616666166
1895 4631 1929 4705 61

385 4753 535 4828 baiariae
564 4773 618 4845 per
644 4755 836 4828 lestkonem
864 4759 1013 4847 nepotem
1041 4754 1126 4826 dolis
1154 4754 1524 4844 616666666166,11661;
1552 4755 1638 4847 quod
1664 4753 1823 4827 11661616
1849 4753 1928 4826 buci

711 4875 890 4970 displicuit3
919 4877 1066 4994 6111166
1094 4877 1247 4950 1166161ῐί
1275 4897 1294 4950 6
1320 4877 1430 4970 ripere
1456 4881 1598 4951 necatur.
1669 4915 1671 4922 =

486 5080 716 5158 Restitutione
743 5105 805 5159 sua
831 5085 873 5158 ad
900 5083 1036 5158 Maioris
1063 5083 1222 5160 Poloniae
1251 5083 1399 5160 Ducatus
1434 5083 1640 5180 Myeenslaus
1670 5081 1781 5205 Senes
1808 5103 1926 5180 pamm

491 5309 897 5389 ι)Κ66166661Ε61.1)616.
931 5310 957 5390 Ω)
980 5307 1143 5386 Principem
1165 5308 1236 5373 eoa.
1252 5307 1344 5372 Beer.
1379 5307 1568 5390 l'ldesertum
1585 5329 1616 5372 se
1632 5309 1732 5372 videns
1748 5308 1809 5373 Ed.
1832 5309 1924 5374 bour.

386 5411 413 5494 ⁴)
437 5413 571 5479 Conrado
594 5425 691 5480 tamen
726 5416 796 5481 Ood.
819 5419 913 5481 Boas.
952 5409 981 5500 5)
1003 5417 1133 5479 Berones
1156 5419 1313 5479 Bohemise
1342 5419 1479 5480 deestis
1505 5415 1670 5481 666666.
1710 5414 1924 5498 ⁶)Hostiensls

387 5520 457 5586 Ood.
479 5521 553 5588 Aut.
1825 5539 1827 5542 ·
