4208 6282
418 547 467 620 64
1031 567 1142 620 arnna
1168 565 1341 630 qumans.
1694 542 1757 641 (Α.
1776 539 1824 648 D
1843 541 1952 638 1164.)

415 775 529 851 paoem
554 753 764 846 salutemque
790 751 938 850 aooipere
965 753 1082 846 uelint,
1111 753 1254 832 vetustis
1281 777 1317 831 se
1343 751 1497 829 abdioont
1523 751 1729 850 gentilitatis
1755 751 1909 829 sordibus
1929 752 1952 846 ¹)

415 879 517 969 atque
556 875 741 968 erroribus,
782 875 947 969 fidemque
988 881 1023 951 et
1058 877 1255 972 religionem
1295 875 1516 972 profiteantur
1555 875 1740 953 oatholioae
1780 875 1951 972 pmitatis;

415 1001 540 1092 absque
565 999 814 1076 renuntiatione
841 999 1069 1075 idololatricae
1096 999 1255 1095 ealiginis
1277 1001 1406 1074 nullam
1433 1021 1468 1074 so
1495 1001 1631 1094 sperent
1665 1021 1804 1094 aequam
1839 1019 1953 1095 paoem

416 1144 491 1198 oum
517 1121 653 1198 Polonis
679 1121 862 1213 habitmos,
891 1121 1055 1197 abdicatis
1081 1123 1258 1213 erroribus,
1287 1121 1402 1214 aequis
1428 1121 1673 1198 conditionibus
1699 1145 1734 1198 se
1761 1143 1875 1218 paoem
1894 1121 1952 1202 da-

415 1247 542 1320 turum.
569 1245 619 1319 Ea
645 1244 789 1322 conditio
817 1266 891 1320 oum
919 1243 1042 1336 durior,
1079 1243 1292 1336 aoerbiorquo
1326 1245 1574 1320 Prothenorum
1610 1245 1740 1319 nuntiis
1771 1243 1951 1332 rideretur,

416 1368 459 1444 ad
485 1389 562 1443 suos
588 1369 776 1461 redeuntes,
814 1367 895 1462 quid
921 1390 1003 1463 opus
1029 1365 1119 1442 faoto
1146 1367 1202 1459 eit,
1231 1367 1436 1443 consultant.
1481 1367 1604 1444 Verurm
1631 1367 1697 1444 etsi
1724 1365 1953 1442 multitudinis

416 1490 572 1566 fremitus
607 1489 729 1585 ubique
764 1493 896 1566 ooortus
932 1489 1154 1566 oouditionem
1190 1489 1393 1586 propositam
1430 1489 1578 1566 execrari
1610 1487 1954 1586 assignaremus

417 1611 597 1688 maioribus
622 1615 736 1688 tamen
763 1612 899 1687 fremitu
927 1613 1040 1689 sedato
1068 1633 1264 1708 persuasum
1289 1614 1353 1704 aet,
1391 1615 1430 1687 ut
1455 1611 1676 1689 conditionem
1704 1612 1823 1708 ipsam,
1860 1612 1954 1706 post-

417 1757 518 1830 quam
544 1735 646 1810 aliter
671 1734 782 1830 patrIa
806 1733 938 1811 liberari
968 1734 1131 1829 nequiret,
1160 1734 1359 1830 acciperent,
1390 1735 1524 1810 Polonis
1551 1734 1752 1811 abeuntibus
1778 1734 1873 1808 illam
1900 1755 1953 1807 re·
2067 1773 2070 1780 ι

417 1855 548 1934 iactari.
574 1855 628 1932 Ad
654 1855 847 1934 Boleslaum
874 1856 989 1949 itaque
1015 1857 1152 1949 reuersi,
1181 1857 1279 1949 uafri,
1308 1856 1489 1950 eallidique
1514 1857 1678 1950 homiues,
1706 1854 1954 1952 superst'tioni·

417 1982 490 2073 bus,
516 1979 745 2074 erroribusque
763 1979 950 2076 gentilibus
968 1979 1176 2072 renuntiant,
1209 1981 1299 2071 fana,
1329 1979 1483 2073 idolaque
1509 1981 1746 2074 demoliuntur,
1774 1978 1873 2055 fidem
1899 2001 1954 2053 oa·

418 2103 578 2179 tholioam
615 2101 826 2198 profitentur,
863 2103 952 2177 unda
987 2102 1213 2198 baptismatis,
1249 2103 1403 2178 Boleslao
1439 2105 1474 2178 et
1508 2101 1720 2199 Principibus
1755 2103 1956 2178 Polonorum

418 2225 731 2322 eompatornitatem
759 2227 793 2300 et
819 2223 1024 2300 affinitatem
1051 2247 1126 2301 oum
1154 2225 1218 2317 his,
1247 2223 1305 2320 qui
1337 2224 1597 2321 praestantiores
1620 2227 1728 2317 erant,
1756 2225 1954 2302 eontraheu-

417 2349 521 2442 tibus,
549 2349 743 2441 abluuntur,
781 2347 937 2425 eoolasiae
972 2347 1204 2423 instaurantur
1238 2351 1272 2424 et
1299 2349 1485 2424 sacerdotes
1511 2349 1553 2424 ad
1580 2347 1775 2424 erudiendos
1805 2347 1954 2443 neophy-

418 2473 483 2564 tos,
511 2469 547 2545 hi
573 2470 782 2566 praesertim,
820 2471 877 2565 qui
904 2493 1017 2546 eorum
1044 2471 1198 2566 linguam
1234 2473 1294 2546 aut
1320 2491 1436 2546 sonare
1471 2473 1532 2546 aut
1562 2471 1753 2566 intelligere
1780 2471 1953 2560 nouerant,

418 2592 666 2685 relinquuntur,
695 2590 787 2688 regio
815 2613 945 2686 quoque
971 2589 1175 2668 Prothenioa
1202 2591 1387 2672 Ghelmensi
1402 2589 1429 2686 ²)
1456 2591 1608 2688 episeopo
1637 2590 1859 2668 committitur
1878 2613 1955 2665 oum

419 2714 489 2790 suis
514 2713 648 2810 populis
675 2713 711 2788 in
737 2713 800 2806 hia,
829 2737 914 2809 qnae
933 2713 1043 2804 fidem,
1072 2713 1462 2808 administrationemqne
1494 2714 1722 2811 spiritualium
1739 2715 1954 2802 oonoornunt,

420 2838 556 2934 propter
582 2835 866 2932 propinquitatem
894 2837 1121 2934 gubernanda.
1149 2837 1350 2913 Universale
1362 2834 1390 2932 ³)
1418 2836 1559 2930 denique
1585 2836 1732 2914 Boleslai
1760 2837 1853 2912 iussu
1879 2857 1956 2931 pro-

420 2959 764 3056 periturarutnenis
790 2959 957 3035 edietum:
985 2981 1098 3034 omnes
1124 2957 1223 3036 iidem
1250 2959 1449 3036 catholicam
1476 2960 1653 3056 professos,
1686 2959 1957 3055 professoresque

420 3082 542 3158 liberos
569 3082 658 3171 fore3
686 3081 745 3176 qui
770 3083 974 3178 baptismum
1001 3085 1195 3174 abnuerent,
1225 3085 1286 3158 sub
1313 3084 1446 3158 hastam
1472 3083 1598 3160 venire.
1639 3081 1773 3158 Terruit
1798 3082 1860 3156 hoa
1886 3079 1956 3156 edi-

421 3208 513 3282 otmn
539 3203 641 3280 otiam
668 3225 734 3297 eos,
772 3203 829 3298 qui
857 3203 1090 3302 pertinaciorie
1126 3205 1270 3301 peotoris
1306 3207 1413 3298 erant,
1450 3228 1610 3301 nemoque
1640 3204 1826 3282 venundari
1851 3201 1956 3298 perti·

422 3350 571 3405 moesone
597 3327 834 3423 reperiebatur,
873 3329 930 3423 qui
958 3328 993 3402 in
1021 3329 1225 3425 baptismum
1251 3353 1317 3404 non
1344 3329 1563 3424 prorupisset.
1608 3328 1755 3404 Maximo
1781 3327 1957 3402 uniuersus

421 3451 622 3526 Polonorum
658 3449 824 3527 exereitus
851 3451 1000 3546 repletur
1027 3451 1148 3546 gaudio
1174 3453 1209 3527 et
1236 3451 1456 3543 exultatione,
1488 3450 1728 3528 Pruthenianm
1742 3448 1770 3545 ⁴)
1797 3449 1957 3545 populum

422 3572 538 3664 videns
564 3573 605 3648 ad
633 3572 732 3650 fidem
758 3573 995 3667 Christianam,
1024 3597 1125 3666 quam
1143 3574 1323 3667 aliquando
1341 3574 1495 3670 persequi
1522 3573 1641 3650 solitus
1659 3575 1741 3666 erat,
1769 3571 1955 3662 auoessisse,

421 3718 465 3773 ex
490 3697 642 3772 hostibus
677 3719 807 3790 quoque
842 3695 974 3772 infestis
1010 3695 1127 3782 fideles
1161 3699 1196 3773 et
1227 3697 1362 3772 devotos
1397 3697 1529 3772 effeotos
1565 3719 1646 3772 esse.
1692 3697 1743 3770 Ea
1768 3694 1898 3770 ratione
1923 3697 1959 3769 ot

424 3822 577 3915 respectu
604 3819 778 3894 Boleslaus
805 3819 1005 3895 Polonorum
1032 3819 1111 3893 Dux
1137 3824 1172 3894 et
1197 3819 1377 3894 lionarolna
1395 3819 1540 3912 illeotus,
1568 3819 1603 3893 in
1631 3817 1708 3894 fidei
1726 3819 1872 3910 sanotae,
1901 3837 1957 3890 ou·

422 3941 476 4016 ius
502 3941 736 4017 dilatationem
763 3941 996 4037 principaliter
1022 3940 1227 4033 intendebat,
1262 3943 1418 4034 fauorem,
1456 3940 1581 4016 modioo
1607 3940 1734 4016 tributo
1761 3941 1796 4015 iu
1823 3941 1958 4034 siguum

423 4063 638 4142 subiooiionis
665 4063 847 4140 Prothenia
874 4063 1041 4160 imposito,
1070 4063 1255 4142 exereitum
1280 4063 1315 4139 in
1345 4063 1515 4140 Poloniam
1543 4063 1683 4139 redusit.

621 4435 803 4532 aaronitae
830 4434 960 4512 llaiorir
987 4435 1136 4511 Poloniae
1162 4433 1240 4510 linai
1266 4435 1410 4510 naseitur
1440 4433 1762 4525 illustrantem.

528 4677 680 4756 Eudoxio
706 4702 839 4758 oonsors
866 4679 1045 4778 Mpoonslai
1071 4665 1206 4755 Maioris
1233 4677 1390 4754 Poloniae
1425 4677 1527 4753 Duris
1561 4678 1705 4753 alterum
1732 4675 1822 4772 parit
1847 4674 1902 4750 inf
1946 4715 1959 4730 ·

424 4806 494 4882 tem
520 4805 609 4900 apud
635 4803 849 4896 Posnanianr,
878 4803 935 4898 qui
963 4803 1155 4899 baptisatus
1173 4803 1349 4898 paternum
1368 4824 1487 4877 nornen
1513 4799 1720 4896 Myeonslaus
1738 4797 1878 4874 sortitus
1897 4801 1958 4873 est.

526 4927 568 5001 In
594 4926 841 5003 Pannoniorum
869 4947 998 5020 quoqne
1024 4927 1144 5020 Regno
1170 4924 1368 5001 intestinum
1394 4925 1520 5000 bellum
1536 4923 1564 5020 ⁵)
1600 4921 1688 4998 inter
1718 4921 1800 4998 duos
1826 4921 1960 5010 fratres,

425 5049 633 5145 Stephanum
659 5052 695 5125 et
720 5049 925 5140 ladislaum,
960 5069 1019 5144 pro
1045 5047 1184 5143 imperio
1210 5033 1364 5124 exortum
1379 5047 1406 5145 ⁶)
1433 5046 1535 5124 etiam
1571 5044 1734 5121 finitimos
1768 5045 1880 5140 Reges
1907 5067 1960 5119 ar·
1988 5133 1994 5144 .

534 5347 557 5428 ¹)
579 5349 732 5411 idolatriae
755 5346 890 5408 sordibus
908 5341 979 5408 Cod.
1002 5343 1094 5407 Roar.
1116 5342 1327 5419 gentilitatibus
1349 5341 1409 5405 Ed.
1432 5341 1526 5404 Dobr.
1557 5339 1584 5422 ⁹)
1606 5341 1752 5404 cernensi
1775 5335 1847 5404 Coe.
1869 5339 1960 5403 Roas.

430 5451 457 5532 ³)
479 5451 630 5515 Universis
652 5453 712 5515 Ed.
735 5454 829 5516 Dobr.
853 5448 879 5531 ⁴)
895 5451 1106 5513 Prutbenorum
1129 5449 1188 5512 Ed.
1210 5451 1298 5528 Lapa.
1331 5444 1357 5528 ¹⁵)
1371 5449 1511 5509 intestino
1532 5449 1609 5508 bello
1634 5447 1705 5511 Ood.
1728 5446 1800 5509 Aoi.
1832 5443 1860 5527 ⁶)
1878 5465 1960 5510 exor-

426 5565 457 5624 to
484 5559 554 5624 Cori.
577 5557 651 5625 Aet.
