4246 6274
193 618 260 714 (Aa
271 617 318 693 D.
337 617 448 718 troo.)
797 642 908 696 arnna
935 643 1105 707 nummus.
1698 630 1720 702 3
1762 735 1768 758 ἡ

189 828 384 924 Burgundio
409 828 475 906 sito
501 831 623 906 fratres
657 830 811 906 eeoersiti
846 831 991 926 primum
1026 833 1135 908 loenm
1170 831 1270 907 ilium
1306 836 1466 928 oeperunt
1485 833 1528 926 ¹):
1568 834 1656 910 unde
1683 837 1720 910 et

188 975 209 1026 a
234 951 403 1046 plerisque
428 952 666 1028 monasterinm
693 951 957 1030 Andrneouiense
983 977 1032 1046 eo,
1069 954 1156 1046 quod
1182 977 1203 1030 a
1229 954 1552 1030 biorimuudensibns
1577 979 1719 1052 genera·

189 1075 311 1150 tionem
328 1073 356 1168 ²)
382 1074 509 1167 habuit,
538 1075 807 1171 Morbnundusp
834 1079 987 1152 uooatum
1013 1079 1076 1152 est.
1106 1076 1355 1154 Plantatiouem
1382 1078 1549 1154 novellam
1576 1080 1721 1174 praefati

188 1195 463 1272 Andraeouiensis
497 1197 691 1274 monasterii
726 1199 843 1274 beatus
877 1199 1067 1274 Bernartius
1093 1199 1134 1276 de
1160 1199 1263 1274 nobili
1299 1199 1454 1295 prosapia
1488 1199 1653 1276 Comitum
1679 1203 1721 1278 de

187 1317 368 1394 bertilione
395 1319 531 1414 genitus
565 1319 640 1412 (qni
667 1319 703 1395 in
728 1343 815 1396 anno
850 1320 1005 1398 uioesimo
1042 1321 1184 1397 seeundo
1219 1321 1433 1414 eonstitutus,
1470 1343 1545 1398 eum
1577 1322 1722 1418 triginta
1815 1358 1819 1365 ·

188 1441 284 1516 soniis
311 1443 545 1549 monaohatum
572 1445 798 1538 assumpserat
825 1445 859 1518 et
890 1445 1025 1538 propter
1043 1443 1280 1539 perfectionem
1298 1442 1388 1520 uitae
1414 1443 1589 1540 regularis,
1619 1468 1721 1537 quam

188 1565 222 1638 in
249 1586 308 1640 suo
335 1565 528 1641 ostenderat
554 1563 720 1661 ingressu,
749 1565 989 1642 monasterium
1015 1567 1131 1642 blaseo
1157 1566 1259 1642 uallis
1284 1567 1438 1662 regebat)
1464 1565 1597 1642 uisurus
1623 1569 1721 1644 Polo·

187 1687 288 1778 niam,
317 1710 392 1763 oum
419 1687 563 1762 fratrum
589 1687 724 1783 agmine
754 1691 971 1783 prooesserat,
1008 1688 1131 1764 fratres
1165 1687 1224 1780 qui
1251 1687 1286 1764 in
1312 1687 1571 1764 Andrneoviensi
1607 1712 1719 1764 mona-

185 1807 286 1886 sterio
312 1809 488 1904 degebant,
526 1807 724 1885 visitaturus
763 1811 797 1884 et
823 1831 879 1885 eos
905 1809 941 1884 in
967 1810 1179 1885 obseruantia
1204 1811 1239 1885 et
1265 1791 1385 1905 rigore,
1421 1813 1519 1886 uerbo
1545 1813 1581 1886 et
1606 1833 1719 1887 exem·

186 1932 241 2027 plo
267 1931 534 2008 confirmaturus.
561 1931 782 2008 (tumentem
809 1931 845 2006 in
872 1931 1099 2010 buiusoemodi
1126 1931 1247 2008 itinere
1273 1930 1478 2007 eonstitntus
1504 1932 1635 2028 Spiram
1662 1957 1719 2008 ue-

185 2054 302 2144 nisset,
329 2053 557 2128 bumiliimnm
584 2053 790 2149 propositum
817 2053 890 2130 eins
917 2056 953 2129 et
984 2054 1195 2146 monasterio,
1223 2055 1266 2128 ad
1293 2054 1380 2149 quod
1406 2054 1624 2130 ordinandum
1643 2078 1719 2150 per·

185 2178 297 2272 gebat,
326 2178 361 2251 et
387 2175 522 2251 Polonis
549 2177 771 2272 profuturum,
799 2177 938 2252 advorsa
962 2178 997 2252 et
1023 2177 1135 2273 grauis
1161 2176 1309 2253 valitudo
1336 2176 1525 2252 damnauit:
1562 2177 1602 2254 ea
1627 2177 1717 2254 enim

24 2363 27 2370 ,
184 2299 354 2393 surreptus
390 2299 425 2374 et
456 2298 527 2373 eius
553 2297 824 2374 inualescentiarn
860 2298 998 2390 veritus,
1027 2299 1062 2373 in
1089 2300 1221 2374 Olorem
1255 2299 1379 2374 uallem
1410 2299 1453 2373 ad
1479 2298 1718 2374 monasterinm

186 2443 282 2495 snum
307 2420 418 2496 rediit.
463 2421 672 2500 Fundatoros
697 2423 812 2496 autem
838 2423 873 2496 et
898 2422 1066 2498 dotatores
1101 2421 1244 2516 praefati
1270 2419 1545 2496 Andraeoviensis
1571 2421 1718 2496 ooenobii

185 2543 350 2618 Iohannes
368 2541 571 2620 Gnesnonsis
594 2542 860 2639 archiepiscopus
878 2545 913 2620 et
931 2545 1082 2621 Clemens
1115 2543 1211 2619 miles
1237 2544 1278 2618 ad
1300 2542 1387 2618 nihil
1413 2543 1505 2618 aliud
1532 2545 1719 2638 praefatum

186 2663 422 2742 monasterium
448 2667 627 2742 uoluerunt
653 2689 724 2742 esse
750 2665 929 2741 obnoxium
945 2667 982 2762 ⁴),
1011 2666 1076 2740 nisi
1103 2668 1142 2741 nt
1168 2666 1203 2740 in
1229 2665 1363 2762 signum
1390 2667 1499 2742 saetae
1514 2666 1542 2761 ⁵)
1568 2689 1642 2742 ase
1659 2667 1716 2742 do·

185 2789 231 2864 tis
256 2788 415 2884 oppidani
440 2786 722 2865 Andraeovienses
748 2788 813 2864 sibi
840 2812 985 2882 suaeque
1017 2788 1210 2885 proximiori
1238 2788 1339 2884 stirpi
1375 2789 1594 2866 maotatorum
1621 2811 1717 2884 peoo-

184 2935 258 2985 rum
285 2913 321 2987 et
346 2911 508 3006 mondum
534 2911 643 3003 eorda,
671 2913 707 2988 et
732 2913 773 2988 de
799 2911 944 3008 singulis
970 2913 1122 2988 hainoum
1148 2911 1238 2988 uasis
1264 2911 1299 2988 in
1321 2911 1442 3007 oppido
1469 2912 1620 3006 praefato
1638 2933 1718 2988 uen-

185 3033 311 3125 ientis,
340 3032 472 3126 aliquot
497 3033 614 3109 haleoa
648 3036 947 3129 repraesentarent.
993 3034 1086 3129 Quod
1116 3033 1248 3128 quidem
1275 3035 1346 3108 turn
1372 3034 1445 3110 leue
1471 3033 1636 3108 tributum
1663 3057 1716 3109 oo-

184 3155 299 3253 gnatio
316 3157 530 3232 fundatorum
549 3178 609 3252 per
627 3157 781 3234 abbatem
795 3155 1091 3236 Andrueouionsem
1094 3212 1154 3232 .....
1161 3155 1191 3252 ⁶]
1207 3155 1325 3234 redimi
1342 3156 1379 3234 et
1395 3155 1520 3232 aboleri
1538 3156 1717 3232 eonsensit.

209 3525 395 3600 §obtortum
421 3525 590 3602 bobontre
615 3527 693 3618 bug
721 3527 852 3621 rupiano
878 3528 983 3602 amm
1010 3527 1098 3602 insto
1124 3530 1237 3603 eontra
1263 3525 1559 3620 romoeoeonprro
1585 3530 1690 3602 tomas

799 3650 930 3742 stortae,
956 3651 1099 3726 noritur.

285 3891 475 3967 SobiesIaus
501 3893 681 3968 Bebemiae
720 3895 798 3968 Dux
835 3894 970 3988 paetum
996 3897 1031 3969 ot
1058 3895 1183 3984 foedus,
1222 3893 1309 3984 quod
1335 3915 1410 3968 oum
1436 3892 1591 3968 Boleslao
1618 3894 1715 3968 Polo·

183 4037 300 4089 norum
326 4015 418 4090 Duos
444 4013 660 4090 iurisiurandi
687 4015 903 4091 obstrictione
934 4014 1119 4111 pepigerat,
1157 4014 1415 4110 praevaricatus,
1452 4013 1591 4090 audiens
1617 4015 1716 4092 Bole-

183 4137 289 4212 slaum
315 4137 441 4212 Ducem
467 4137 666 4212 Polonorurn
701 4138 821 4220 obiisse
852 4141 887 4214 et
914 4137 1072 4213 Poloniae
1108 4139 1265 4234 Regnum
1300 4136 1540 4230 qrradritorism
1576 4137 1716 4213 soissum

182 4280 265 4350 esse,
293 4259 449 4354 Regnum
475 4259 632 4336 Poloniae
667 4264 703 4336 et
737 4260 966 4355 Siesianamb
997 4283 1087 4337 oram
1123 4283 1198 4336 enm
1238 4261 1388 4336 exereitu
1423 4259 1538 4334 hostili
1573 4259 1715 4352 invadit,

182 4381 405 4476 depopulatur
430 4384 465 4458 et
490 4384 614 4458 emtat.
658 4383 723 4458 Sed
749 4405 856 4475 neque
883 4383 1071 4460 uasmtioue
1102 4382 1220 4458 hostili
1254 4384 1441 4474 eontentus,
1478 4405 1554 4458 oum
1579 4382 1714 4459 Wlodi·

182 4503 276 4578 slaue
302 4501 459 4579 Poloniae
484 4505 573 4596 Dux,
601 4505 654 4579 oui
681 4527 721 4580 ea
746 4527 804 4580 ora
829 4507 1017 4596 obvenerat,
1055 4505 1197 4582 iniuriae
1231 4506 1438 4600 opportunus
1469 4503 1648 4596 uideretur,
1677 4504 1714 4580 in

182 4625 332 4700 animum
358 4624 498 4718 induoit,
526 4628 565 4702 ut
592 4649 681 4702 oram
708 4627 896 4704 Slesitioam
922 4626 986 4703 sibi
1013 4628 1115 4704 faeiat
1141 4631 1201 4704 aut
1227 4627 1450 4717 tributariam,
1477 4628 1536 4702 aut
1563 4627 1713 4722 proprie·

181 4748 317 4840 tariam,
345 4750 404 4824 ant
430 4748 611 4838 feudalem3
645 4751 848 4845 quapropter
873 4749 909 4824 in
935 4749 1007 4826 vieo
1033 4751 1186 4826 Kosozan
1201 4749 1230 4845 ⁸)
1255 4751 1380 4840 voeato,
1409 4748 1554 4841 undique
1580 4749 1713 4844 paludi-

182 4871 244 4945 bus
269 4871 305 4945 et
331 4869 470 4946 laoubus
496 4872 602 4966 septo,
640 4875 676 4946 et
701 4871 851 4946 naturali
877 4871 946 4946 situ
973 4872 1155 4967 plurimum
1182 4871 1321 4962 munito,
1359 4869 1517 4966 oppidum
1543 4872 1578 4946 et
1604 4871 1713 4946 muni·

180 4990 307 5066 tionem
334 4991 581 5088 eonstituere⁹t
608 4995 644 5068 et
669 4993 724 5068 illi
751 5015 848 5068 snum
874 4993 1077 5089 praesidinm
1104 4994 1272 5089 imponere
1298 4995 1467 5090 satagens,
1496 4993 1610 5087 plures
1644 4993 1714 5068 dies

180 5113 216 5188 in
242 5135 341 5210 opere
367 5115 530 5191 moliendo
556 5116 733 5192 eonsumit.
760 5117 884 5193 Verum
911 5117 996 5192 ultio
1023 5117 1147 5209 diuina,
1176 5115 1323 5211 quaein
1350 5115 1518 5210 quoslibet
1544 5115 1713 5192 foederum

288 5306 315 5388 1)
338 5317 496 5384 coeperunt
528 5309 690 5371 inhabitare
724 5305 794 5371 Cori.
821 5309 913 5370 Roar.
953 5307 978 5388 ς’)
1001 5310 1140 5384 originem
1170 5307 1240 5370 (iod.
1263 5309 1353 5370 Itoar.
1391 5305 1419 5387 ³)
1440 5307 1631 5370 Moribnndns
1653 5307 1713 5369 Eut.

180 5413 274 5474 Βοῦν.
314 5408 341 5492 ⁴)
364 5415 520 5488 obligatum
553 5411 623 5476 ooo.
654 5415 745 5476 Roas.
784 5411 812 5493 ⁵)
835 5415 965 5476 sauoitaa
994 5415 1054 5475 Ed.
1083 5415 1177 5478 Βοῦν.
1219 5411 1247 5494 ⁶)
1278 5415 1395 5476 Nomen
1428 5413 1542 5476 obbatis
1573 5411 1650 5475 ῦοοοῦ
1678 5415 1714 5474 in

182 5520 320 5581 omnibus
349 5515 419 5582 Ood.
449 5525 476 5581 eo
498 5521 582 5583 Edit.
621 5517 648 5601 ⁷)
672 5521 845 5582 Silesitioam
870 5519 929 5584 Ed.
952 5519 1044 5584 Βοῦν.
1083 5517 1454 5601 exercitamenta
1492 5515 1522 5600 ⁹)
1544 5523 1713 5584 construere

188 5622 257 5687 Οοῦ.
284 5624 376 5686 Εονν.
1119 5669 1122 5676 .
