4192 6272
386 547 461 618 516
995 559 1107 610 runnu
1133 559 1328 610 enauimus.
1669 530 1733 627 (Α.
1754 530 1800 607 D.
1821 533 1938 628 mse.)

385 753 446 828 rici
473 752 586 844 quarti
613 750 713 826 Probi
740 747 1057 826 wratislaviensem
1084 745 1342 837 consequeretur
1369 745 1556 833 Ducatum,
1587 743 1684 818 miles
1710 743 1847 836 qnidam
1874 745 1937 818 Pa-

386 876 523 949 koslaus
540 873 566 967 ¹)
592 872 785 946 Luthlonis
812 892 954 965 parens,
984 870 1025 944 de
1051 868 1158 963 stirpe
1185 869 1220 942 et
1246 865 1447 962 genealogia
1460 865 1488 959 ⁴²)
1525 866 1714 957 Habdank,
1742 865 1800 958 qui
1827 867 1863 940 et
1889 867 1937 938 fa-

386 997 529 1071 mulatu
545 996 580 1069 et
608 992 786 1084 industria,
802 991 1059 1083 festivitateque
1085 989 1166 1065 adeo
1193 988 1258 1063 sibi
1286 987 1469 1063 Henricum
1497 986 1655 1080 quintum
1674 985 1881 1077 devinxerat,
1901 988 1939 1060 ut

387 1119 534 1194 caeteros
569 1137 647 1190 snos
686 1113 895 1189 consiliarios
943 1113 1058 1187 fervore
1094 1113 1129 1187 et
1155 1111 1364 1186 authoritate
1404 1109 1562 1185 anteiret.
1607 1111 1643 1182 Is
1672 1131 1747 1184 cum
1774 1109 1938 1201 quendam

387 1239 493 1314 alium
521 1235 668 1312 vicinum
684 1234 712 1330 ³)
754 1235 897 1310 militem
925 1234 996 1308 siue
1023 1255 1114 1324 casu,
1144 1233 1215 1308 siue
1241 1232 1448 1327 arrogantia,
1477 1231 1642 1306 incertum
1668 1231 1733 1321 est,
1753 1228 1937 1320 occidisset,

387 1364 511 1435 fratres
537 1361 573 1434 et
599 1357 840 1454 consanguinei
876 1355 994 1446 occisi,
1037 1377 1178 1447 qnorum
1219 1354 1439 1431 multitudine
1475 1353 1673 1448 praestabat
1708 1351 1846 1442 occisus,
1875 1353 1938 1425 Pa-

388 1483 543 1557 lmslaum
579 1480 756 1555 occisorem
798 1501 909 1554 corum
949 1477 1096 1552 Henrico
1137 1475 1267 1569 quinto,
1300 1477 1426 1550 moesto
1454 1473 1595 1549 nimium
1623 1476 1658 1550 et
1686 1497 1746 1570 pro
1772 1495 1864 1565 casu,
1884 1473 1940 1566 qui

387 1603 552 1678 Pakoslao
579 1602 757 1691 acciderat,
780 1601 900 1691 anxio,
929 1599 1153 1690 sollicitoque,
1182 1600 1217 1672 et
1244 1595 1316 1672 eius
1343 1596 1507 1671 tribunali
1535 1595 1750 1672 conueniunt.
1799 1595 1940 1670 Gausam

387 1725 502 1818 itaque
529 1724 715 1798 Pakoslaus
743 1745 763 1796 a
791 1723 882 1796 Duce
922 1719 1068 1796 Henrico
1096 1719 1226 1811 quinto,
1255 1718 1427 1809 flentibus,
1457 1717 1676 1810 querentibus
1702 1721 1738 1793 et
1774 1715 1939 1791 iustitiam

389 1845 627 1940 expetentibus
643 1845 670 1938 ⁴)
698 1843 815 1918 anricis
842 1841 953 1932 occisi,
982 1841 1091 1916 dicero
1119 1841 1251 1928 iussae,
1280 1839 1441 1914 insolenti
1477 1843 1513 1914 et
1548 1841 1692 1934 superba
1727 1838 1941 1933 responsione

390 1968 511 2042 utitur.
540 1969 586 2040 Et
612 1966 648 2040 in
676 1967 788 2040 feruore
814 1963 994 2058 Principis,
1033 1961 1282 2054 amicorumque
1323 1961 1563 2052 multitudine,
1593 1960 1809 2036 insolentiam
1847 1981 1938 2034 suam

390 2087 613 2164 nutrientium
629 2087 658 2180 ⁵)
685 2087 866 2176 confidens,
894 2085 1023 2160 tumide
1050 2087 1085 2159 ot
1111 2085 1279 2160 iactanter
1305 2083 1503 2178 respondet:
1538 2106 1573 2158 se
1600 2083 1745 2158 militem
1772 2080 1940 2172 occidisse,

388 2213 423 2284 et
450 2209 648 2284 occisionem
676 2231 696 2282 a
724 2209 803 2302 se⁶)
830 2209 1000 2302 patratum
1028 2207 1123 2280 nullo
1150 2207 1248 2300 pacto
1268 2205 1410 2279 inficiari
1429 2206 1526 2280 uelle.
1553 2203 1681 2280 Amicis
1699 2203 1798 2280 occisi
1819 2203 1941 2276 iustam

389 2330 696 2425 pronuntiationem
724 2332 801 2424 post
828 2329 1018 2404 cenfessate
1045 2327 1126 2402 ferri
1154 2326 1367 2421 petentibus,
1397 2326 1563 2403 Henrieus
1586 2327 1728 2420 quintus
1754 2327 1847 2417 Dux,
1876 2327 1939 2400 Pa-

389 2454 505 2526 koslao
532 2451 643 2528 uerbis
669 2454 832 2546 correpto,
861 2452 994 2526 munet:
1024 2452 1064 2524 ut
1090 2449 1208 2524 amicis
1234 2448 1418 2538 consultis,
1446 2448 1547 2524 aliter
1583 2450 1623 2524 de
1658 2472 1693 2524 su
1720 2449 1834 2524 factae
1860 2470 1938 2541 que·

389 2575 479 2648 relac
507 2573 717 2666 respondeat.
758 2571 789 2646 A
826 2570 948 2646 iudicio
990 2570 1103 2664 itaquo
1138 2569 1349 2665 disgressus,
1378 2569 1495 2646 arnicis
1522 2569 1697 2661 consultis,
1726 2569 1942 2665 arrogantius

387 2695 459 2771 edit
486 2715 694 2789 responsum,
726 2692 888 2788 profitens
915 2715 951 2768 se
978 2692 1145 2768 obiectum
1171 2691 1389 2767 homidicium
1417 2695 1647 2787 perpetrasse,
1675 2694 1711 2767 et
1737 2693 1826 2766 haud
1855 2692 1939 2766 mul·

387 2819 461 2891 tum
488 2837 509 2890 a
535 2813 783 2910 magnitudinis
818 2815 946 2890 ducalis
974 2814 1113 2909 fastigio
1141 2837 1177 2890 se
1203 2813 1330 2890 distare
1358 2814 1515 2904 credens,
1545 2813 1689 2890 inficiari
1730 2812 1842 2888 noluit
1876 2813 1940 2889 cri-

390 2961 477 3012 men.
504 2939 555 3012 Ea
582 2935 796 3032 responsione
822 2937 904 3010 Dux
931 2936 1098 3011 Henrieus
1125 2936 1266 3028 quintus
1292 2937 1461 3028 turbatus,
1490 2935 1644 3031 partibus
1662 2935 1783 3010 indicis
1801 2934 1942 3025 omissis,

389 3061 503 3155 partes
530 3058 629 3133 amici
669 3057 813 3132 assumit
846 3060 882 3133 et
917 3059 1122 3133 Pakoslaum
1162 3057 1329 3153 obiurgat.
1359 3057 1589 3148 Stultissime,
1618 3057 1750 3149 iuquit,
1780 3058 1939 3148 uirorum,

390 3181 466 3274 quis
494 3184 527 3256 te
553 3180 695 3275 spiritus
722 3179 887 3275 amitat,
916 3182 956 3254 ut
982 3180 1116 3275 propriu
1131 3202 1197 3272 oro,
1218 3179 1420 3276 propriaque
1437 3179 1644 3256 confessione
1662 3180 1698 3254 in
1716 3201 1831 3255 necem
1850 3181 1944 3253 tuam

389 3301 628 3379 debaccharist
656 3302 778 3378 Secede
804 3302 919 3396 itaque
955 3325 976 3376 a
1011 3302 1176 3376 tribunali
1203 3325 1295 3393 meo,
1324 3303 1360 3377 et
1386 3303 1507 3378 saltem
1544 3325 1603 3397 pro
1630 3302 1702 3377 vice
1729 3302 1833 3376 tortia
1869 3301 1941 3392 tibi,

390 3424 546 3518 uitaeque
570 3427 659 3516 tuae,
679 3425 758 3497 dum
786 3422 878 3514 licet,
907 3423 1055 3514 consule,
1085 3423 1267 3518 positaque¹
1288 3423 1468 3514 dementia,
1489 3424 1531 3498 ad
1558 3426 1676 3499 bonam
1697 3427 1841 3498 mentem
1862 3423 1943 3512 redi,

390 3548 432 3620 de
459 3531 590 3621 caetero
618 3569 671 3621 me
699 3545 807 3640 magis
834 3544 961 3619 iustum
990 3545 1153 3638 iudicem,
1182 3567 1283 3639 quam
1325 3545 1570 3621 misericordem
1611 3547 1757 3636 Ducem,
1787 3545 1854 3618 nisi
1881 3544 1943 3620 tibi

393 3667 519 3741 mitiori
546 3667 762 3762 responsione
791 3666 1014 3762 prospexeris,
1043 3669 1256 3761 experturus.
1302 3669 1377 3742 Non
1406 3666 1511 3743 mouit
1547 3668 1752 3741 Pakoslanm
1778 3667 1850 3740 tam
1877 3667 1944 3742 cle·

392 3809 486 3863 mens
513 3789 549 3862 et
576 3788 743 3883 repetitus
772 3789 930 3879 munitur,
959 3789 1016 3863 scd
1044 3787 1286 3863 deliberatione
1313 3810 1388 3862 cum
1416 3788 1665 3864 consultoribus
1692 3788 1829 3878 habita,
1858 3787 1944 3864 occi-

390 3910 477 3984 disse
503 3933 539 3984 se
567 3909 712 3986 uicinum
741 3910 983 4006 gloriabundus
1009 3913 1044 3985 et
1071 3910 1284 3984 stomachans
1322 3910 1504 3984 fatebatur.
1551 3909 1801 4005 Expetentibus
1830 3910 1944 4002 itaque

391 4031 511 4105 amieis
537 4031 650 4123 occisi,
679 4032 846 4106 Henrieus
873 4031 1013 4123 quintus
1040 4033 1119 4105 Dux
1146 4031 1181 4105 iu
1209 4031 1413 4106 Palosluum
1440 4031 1645 4106 senteutiam
1673 4031 1883 4127 pronuntiat,
1910 4035 1945 4108 el

390 4177 433 4228 ex
461 4153 597 4247 propria
623 4153 830 4228 confessione
858 4152 893 4227 in
921 4155 1062 4228 mortem
1089 4153 1290 4229 condemnat
1304 4153 1343 4247 ⁷),
1373 4154 1476 4245 atque
1503 4177 1546 4229 ox
1573 4154 1660 4228 atrio
1689 4178 1747 4249 per
1773 4156 1883 4229 scalas
1909 4154 1944 4228 in

391 4274 629 4369 [regnicnensis
656 4274 770 4364 castri,
799 4275 856 4348 ubi
887 4274 1047 4350 indicium
1073 4277 1250 4370 agebatur,
1280 4274 1425 4350 medinm
1452 4275 1630 4350 deductum
1663 4275 1774 4370 capite
1806 4277 1943 4350 obtrun-

391 4398 466 4470 cat:
495 4398 655 4488 atquem
685 4394 841 4490 plurimis
868 4395 1041 4471 beneficiis
1070 4399 1259 4488 ornaverat,
1292 4397 1483 4487 extulerat,
1512 4397 1574 4471 hoc
1602 4419 1667 4470 uno
1696 4377 1796 4471 fatali
1824 4400 1860 4471 et
1886 4421 1944 4472 ex·

391 4519 498 4590 tremo
526 4538 607 4589 casu
634 4516 784 4590 daumat.
826 4517 890 4591 Sed
918 4539 979 4592 nec
1007 4519 1172 4592 Pakoslao
1214 4519 1386 4612 perempto
1426 4519 1574 4592 fauorem
1614 4517 1781 4592 remittit:
1810 4519 1943 4593 unicum

390 4635 480 4710 enim
509 4637 619 4710 filium
646 4638 817 4729 Pakoslai,
846 4637 1040 4714 uicesimum
1068 4641 1225 4734 egentem
1253 4661 1390 4730 annum,
1422 4639 1481 4732 qui
1508 4639 1644 4716 Luthko
1672 4642 1865 4731 uocabatur,
1886 4663 1944 4735 pro

391 4757 553 4831 familiari
579 4757 736 4833 continuo
764 4759 908 4854 suscipit
934 4762 969 4834 et
996 4759 1203 4855 propensiori
1231 4761 1344 4855 gratia
1371 4762 1569 4855 pertractat.
1610 4761 1736 4837 Verum
1763 4784 1784 4836 a
1810 4761 1944 4836 consili·

391 4879 473 4954 ariis
501 4878 695 4971 identidem,
724 4903 767 4954 ne
793 4903 813 4954 a
840 4903 876 4956 se
903 4881 1054 4956 damnati
1082 4881 1242 4957 Pakoslai
1278 4882 1388 4956 filium
1426 4884 1551 4958 uersari
1588 4883 1677 4977 apud
1705 4905 1740 4958 se
1767 4883 1803 4958 et
1828 4882 1864 4956 in
1891 4905 1944 4958 ca·

352 5042 356 5051 ,
391 5023 483 5076 mera
508 5023 569 5075 sua
597 5000 770 5096 patiatur,
799 5026 841 5077 ne
878 5001 913 5078 in
942 5003 1106 5078 ultionem
1148 5007 1325 5098 paternam
1367 5003 1546 5097 quicquam
1589 5005 1763 5080 moliretur
1802 5003 1943 5094 aduersi,
1999 5022 2006 5033 ·

505 5296 528 5374 ¹)
550 5297 726 5359 Paccoslans
746 5296 816 5361 eoa.
829 5295 904 5362 Aur.
928 5297 955 5374 l)
977 5299 1132 5373 genologia
1157 5297 1229 5359 σοι).
1252 5297 1325 5359 Αιι).
1350 5296 1377 5376 ³)
1393 5301 1519 5358 vicinum
1535 5317 1618 5360 sunm
1638 5295 1710 5360 eod.
1734 5301 1828 5360 Roar.
1852 5295 1881 5366 ‘l
1896 5317 1942 5360 ex·

390 5402 610 5476 postulantibus
633 5403 693 5463 Ed.
717 5403 805 5480 Lips.
830 5399 857 5480 5)
879 5405 1075 5464 munientibus
1094 5401 1164 5467 coe.
1177 5401 1250 5465 Aut.
1275 5400 1304 5482 ⁶)
1317 5405 1494 5465 occisionem
1511 5421 1593 5466 snam
1612 5403 1683 5466 θοι).
1706 5405 1799 5465 Rcar.
1825 5401 1942 5482 ⁷)daru·

391 5511 444 5568 rrut
469 5505 540 5568 θοι).
564 5507 656 5568 Roar.
