4140 6298
134 543 194 638 (Α.
214 543 262 619 D.
283 542 403 638 1250.)
747 563 858 616 arana
884 564 1077 618 susumus.

584 950 792 1068 ANNUS
827 953 1052 1068 DOMINI
1086 954 1226 1070 1250.

157 1240 269 1314 llutii
296 1241 429 1314 bonan
457 1241 552 1314 nicei
579 1259 635 1332 pro
663 1240 875 1314 sollicitanda
901 1241 1149 1316 conculcatione
1177 1241 1289 1314 sanavi
1309 1239 1484 1316 cmaivlai:
1511 1245 1546 1314 ct
1574 1241 1658 1333 lupa

497 1363 661 1456 proprian
688 1363 949 1438 conmimmivn
976 1363 1018 1436 ad
1045 1379 1181 1436 examen
1208 1361 1322 1436 mittit

237 1601 531 1677 crebrescentibus
551 1603 575 1697 ¹)
601 1603 779 1698 stupendis
805 1605 841 1679 et
868 1603 1059 1699 magnificis
1093 1602 1277 1696 miraculis,
1306 1624 1391 1696 qnae
1409 1601 1589 1678 clementia
1608 1603 1683 1678 Sal-

1 1787 2 1796 ,
134 1723 263 1798 vatoris
299 1747 359 1818 per
394 1725 484 1800 beati
522 1723 685 1798 stanislai
714 1724 885 1819 pontificis
911 1724 1137 1801 cracoviensis
1164 1724 1311 1819 gloriosa
1338 1725 1458 1800 merita
1484 1725 1685 1799 Polonorum
1808 1741 1813 1754 ·

132 1844 230 1938 genti
268 1844 304 1918 in
339 1867 453 1919 samm
490 1845 636 1920 cladium
676 1849 711 1920 et
746 1846 989 1938 afflictionum,
1026 1846 1148 1939 quibus
1183 1847 1219 1922 et
1254 1869 1275 1919 a
1309 1845 1486 1920 chartaria
1521 1850 1556 1921 et
1591 1846 1684 1920 aci-

133 1965 260 2040 vilibus
287 1966 387 2041 bellis
413 1965 535 2041 attrita
562 1969 625 2058 est,
655 1969 809 2042 levamen
836 1967 967 2062 operari
994 1967 1136 2061 dignata
1154 1969 1217 2057 est,
1245 1968 1422 2042 Boleslaus
1440 1967 1585 2042 Pedicas
1605 1968 1685 2040 Dux

134 2088 169 2159 et
195 2087 393 2163 Prandotba
419 2087 606 2183 episcopus,
635 2089 879 2181 cracovienses,
909 2089 1072 2164 ferventia
1098 2091 1196 2164 ambo
1224 2089 1409 2164 devotionis
1430 2089 1506 2181 viri,
1534 2089 1683 2178 nuntios,

131 2207 338 2302 Magistrum
362 2209 523 2312 iacobum
550 2210 765 2284 Decretorum
797 2211 985 2301 Doctorem,
1019 2211 1181 2285 decanum
1208 2209 1468 2302 cracoviensem,
1506 2213 1616 2284 ortum
1644 2209 1684 2282 de
1840 2241 1843 2247 ·

134 2330 360 2422 Slarzeszovv,
397 2331 538 2405 humilis
573 2331 708 2424 quidem
744 2332 846 2406 sortis
872 2333 907 2406 et
933 2333 1085 2406 eattnrae
1111 2331 1247 2406 infimae
1274 2333 1309 2405 et
1334 2331 1498 2426 exiguae,
1526 2332 1584 2406 sed
1612 2353 1684 2405 rna·

133 2473 223 2546 guae
251 2454 287 2526 et
313 2472 410 2526 rarae
437 2451 541 2527 doct
497 2455 620 2544 t,r1nae
658 2452 856 2547 prudentiae
883 2453 999 2529 ctiac
999 2452 1100 2528 tivita
1100 2453 1147 2527 tia
1173 2453 1296 2546 virum,
1328 2456 1363 2528 st
1389 2453 1591 2548 Magistrum
1618 2452 1683 2527 cc-

133 2571 316 2668 rardumc
342 2573 537 2648 canonicum
564 2573 815 2650 cracoviensem
849 2576 885 2649 et
911 2575 1051 2649 fratrom
1083 2575 1292 2669 Boguslaum
1319 2574 1445 2648 ordinis
1471 2574 1684 2650 Praedicato-

133 2717 209 2768 rum
237 2694 447 2790 subpriorem
483 2696 600 2771 domus
636 2696 899 2771 cracoviensis
890 2719 925 2770 rn
953 2697 1158 2790 Lugdunum
1193 2695 1236 2770 ad
1271 2695 1508 2771 Innocentium
1544 2698 1683 2790 Papam,

134 2817 302 2892 miracula
328 2817 402 2912 ipsa
429 2818 651 2913 exposituros,
680 2819 931 2919 transmittunt.
963 2818 1055 2912 Quae
1081 2818 1146 2894 etsi
1173 2817 1310 2892 Summo
1336 2817 1493 2894 Pontifici
1521 2818 1684 2893 Innocen-

133 2937 183 3012 tio
225 2938 263 3012 in
299 2939 385 3014 facie
420 2940 608 3014 consistorii
645 2940 770 3034 publici
807 2961 867 3035 per
901 2939 1060 3034 Magistri
1094 2940 1208 3015 Iacobi
1244 2940 1284 3015 de
1320 2940 1532 3014 Skaraesaovv
1568 2939 1685 3013 decani

133 3059 365 3135 cracoviensis
392 3083 555 3156 organum
583 3061 794 3156 gravitaret
821 3061 944 3136 diserte
971 3061 1116 3136 fuissent
1132 3059 1160 3155 ³)
1187 3063 1354 3154 enarrata,
1384 3062 1542 3135 Summus
1573 3063 1687 3135 tanuen

133 3181 309 3272 Pontifex,
338 3182 540 3276 gravitatem
569 3182 604 3255 in
632 3185 730 3258 rebus
765 3182 934 3257 similibus
961 3205 982 3257 a
1009 3184 1094 3258 &de
1120 3183 1317 3278 Apostolica
1352 3183 1514 3258 custodiri
1550 3183 1686 3256 solitam

134 3305 329 3394 observans,
360 3303 608 3398 archiepiscopo
633 3303 832 3396 cucanensi,
861 3304 1136 3382 Wretislavionai
1164 3304 1319 3400 episcopo
1346 3307 1387 3379 et·
1408 3304 1523 3379 abbati
1550 3305 1591 3378 de
1617 3306 1686 3377 Lu·

134 3425 230 3517 bens,
260 3447 403 3500 examen
438 3425 675 3499 miraculorum
712 3426 803 3501 beati
839 3425 1004 3502 stanislai
1039 3449 1099 3522 per
1134 3427 1253 3501 literas
1289 3425 1452 3521 speciales
1488 3427 1626 3500 mandat
1652 3427 1686 3499 et

135 3545 333 3637 committit,
362 3546 481 3621 iubens
508 3546 580 3620 illis
607 3546 829 3642 singulariter
856 3548 892 3623 et
919 3547 1112 3643 iniungens,
1141 3550 1309 3641 quatenus
1335 3551 1475 3643 propter
1493 3547 1685 3622 diuturnam

135 3669 170 3743 et
197 3669 398 3764 longaevam
435 3691 550 3746 aarum
587 3691 710 3760 rerum,
749 3691 836 3762 quae
870 3670 911 3744 de
938 3671 1092 3764 passione
1128 3673 1163 3744 et
1198 3670 1360 3764 martyrio
1396 3669 1486 3746 beati
1523 3668 1686 3744 Stenislai

135 3789 285 3885 episcopi
312 3789 541 3865 cracoviensis
568 3791 773 3882 ferebantur,
803 3791 1073 3886 protelationem,
1101 3790 1246 3866 militem
1273 3791 1440 3884 quendam
1458 3791 1686 3866 centenarium

135 3910 270 4004 (ceddo
285 3910 313 4006 ⁴)
339 3911 395 3987 hic
421 3915 527 4007 arat)¹
546 3934 621 3987 cum
649 3912 739 3987 omni
767 3912 947 4008 diligentia
973 3916 1008 3988 et
1034 3912 1263 3988 sollicitudine
1289 3912 1504 3988 examinent:
1536 3912 1593 4005 qni
1621 3911 1687 3986 etsi

136 4031 303 4108 Sanctum
330 4032 540 4108 Stanislaum
566 4056 633 4108 non
661 4033 808 4128 noverit,
845 4056 901 4109 eos
926 4035 1041 4110 tamen
1077 4034 1136 4128 qui
1162 4035 1261 4108 illum
1296 4035 1473 4126 noverant,
1511 4056 1571 4128 pro
1599 4055 1687 4108 com-

136 4156 235 4250 perto
262 4155 449 4230 habebatur
475 4154 617 4247 novisse,
655 4158 691 4230 et
726 4156 798 4230 illis
834 4144 1077 4246 referentibus,
1117 4156 1206 4232 vitoe
1231 4155 1324 4232 beati
1350 4155 1414 4231 viri
1441 4155 1625 4250 puritatem
1653 4157 1688 4230 at

136 4275 426 4352 conversationem
452 4275 647 4352 iunocenter
674 4279 710 4352 et
735 4277 894 4372 religiose
920 4301 980 4373 per
1007 4301 1104 4354 omne
1129 4300 1250 4354 aarum
1275 4277 1476 4368 traductam,
1505 4277 1654 4353 ordinem
1662 4275 1688 4370 5)

137 4398 173 4472 et
201 4418 339 4472 caueam
376 4398 551 4494 martyrii,
589 4401 625 4474 et
650 4399 814 4476 miracula
849 4422 935 4494 qnae
966 4399 1003 4474 in
1029 4400 1101 4474 vita
1136 4401 1171 4474 et
1196 4401 1303 4475 morte
1338 4401 1496 4494 operatus
1522 4401 1584 4491 est,
1614 4399 1687 4492 ple·

136 4517 234 4594 narie
261 4517 429 4595 didicisse.
457 4519 560 4594 cuius
586 4520 829 4596 commissionis
854 4522 925 4596 tale
947 4523 1063 4596 exstat
1080 4521 1272 4615 exemplar:

250 4639 489 4728 ,innocentius
515 4639 702 4736 Episcopus
729 4642 852 4718 Servus
879 4642 1057 4718 Servomm
1083 4641 1157 4734 Dei,
1186 4641 1317 4717 Dilecto
1345 4640 1415 4716 filio
1442 4641 1542 4715 fratri
1570 4642 1689 4716 Iacobo

143 4761 372 4851 „velletrensi
409 4761 536 4837 ordinis
571 4763 730 4837 Fratrum
766 4763 953 4856 minorum,
990 4764 1143 4839 Salutem
1170 4764 1450 4857 adapostolicam
1486 4763 1688 4838 benedictio·

144 4907 256 4973 ,nem
296 4883 393 4960 Licet
419 4883 604 4960 venerabili
630 4884 711 4958 olim
739 4885 839 4959 fratri
866 4887 980 4960 nostro
1008 4885 1163 4980 episcopo
1190 4885 1399 4960 cracoviensi
1426 4886 1461 4959 et
1487 4884 1620 4959 dilectis
1647 4883 1687 4955 fi-

142 5005 224 5095 ,liis
250 5005 406 5102 capitulo
433 5006 468 5080 ot
495 5005 583 5080 clero
610 5005 838 5082 cracoviensis
865 5006 1014 5082 civitatis
1040 5008 1075 5080 et
1100 5006 1254 5100 diocesis,
1282 5005 1353 5080 suis
1380 5005 1476 5082 nobis
1497 5005 1608 5081 literis
1636 5005 1687 5078 in-

142 5126 377 5220 ,timantibus
415 5127 504 5218 quod
540 5126 706 5203 mirabilis
739 5129 830 5204 Deus
856 5127 892 5202 in
920 5127 1054 5202 Sanctis
1081 5128 1163 5222 suis,
1200 5127 1277 5222 piae
1308 5127 1491 5221 ,memoriae
1518 5126 1689 5203 Stanislao

249 5403 503 5484 ¹)Crescentibus
530 5404 601 5468 cod.
624 5406 717 5468 Roar.
742 5403 975 5484 ⁹)Gebhardum
1000 5406 1071 5468 Coc.
1087 5408 1189 5468 Roaer.
1213 5403 1354 5485 ³)forent
1376 5404 1448 5468 cod.
1471 5407 1564 5468 Rorr
1588 5401 1689 5484 ‘lcar-

139 5507 212 5572 tuno
239 5505 310 5572 (lod
333 5511 426 5572 Roas.
452 5506 639 5588 ⁵)ordinem
656 5511 781 5585 denique
807 5510 878 5572 (lod.
901 5512 994 5572 Roer.

191 5627 318 5682 swalma·
333 5627 418 5671 muco.
430 5628 500 5672 nourr
504 5627 596 5672 ...un
1501 5636 1532 5683 41
