4140 6298
373 542 447 615 348
747 604 749 606 .
975 561 1087 616 uranu
1114 560 1309 615 susumus.
1654 541 1715 634 (Α.
1732 541 1926 638 ῠ.1254.)

372 749 532 824 mislanm
558 747 820 824 Posnaniouscm
848 749 974 824 Ducem
1003 747 1359 824 excommunicationis
1385 748 1588 825 senteutiam
1616 753 1822 847 promulgat.
1855 753 1925 831 Noc

371 894 411 946 ea
438 873 626 962 contentus,
654 869 758 948 etiarn
785 873 910 944 torrnnn
937 869 1198 948 Posuauiensem
1225 870 1421 946 Prnernislai
1450 871 1554 948 Ducis
1575 872 1812 965 ecclesiastico,
1843 875 1925 952 linos

372 1017 439 1070 nou
466 994 574 1068 solum
595 993 617 1086 ¹)
645 991 889 1068 iurisdictionis
917 995 953 1066 et
980 991 1160 1086 potestatis
1187 1014 1277 1083 suas,
1315 994 1374 1068 sed
1399 995 1435 1068 ot
1462 995 1645 1070 modestiae
1680 997 1922 1090 transgressus,

372 1113 534 1210 supponit
570 1114 771 1190 interdicto:
808 1115 896 1206 quod
933 1136 1009 1188 curu
1046 1137 1106 1188 sex
1141 1115 1177 1190 ot
1204 1113 1331 1209 viginti
1366 1114 1484 1190 diebus
1516 1116 1754 1192 continuatum
1789 1117 1923 1211 fuisset,

372 1235 509 1312 tandmu
536 1235 687 1310 Nuntius
715 1235 787 1332 ipse
814 1235 1019 1329 apastolicns
1046 1235 1149 1330 Opino
1183 1237 1287 1310 abbas
1313 1259 1335 1310 n
1361 1236 1491 1310 nuntiis
1517 1237 1715 1314 Prssmiulsi
1741 1239 1846 1316 Duob
1873 1263 1924 1316 re·

373 1357 521 1450 quisitns
549 1360 725 1434 eteorum
760 1357 1026 1452 allegationibus
1061 1356 1247 1448 convictus,
1287 1359 1323 1432 ot
1353 1357 1557 1433 sententium
1593 1360 1629 1433 in
1664 1361 1789 1436 Ducem
1818 1362 1925 1436 latum

373 1480 532 1572 sustulit,
558 1483 596 1555 ot
623 1478 851 1570 interdictum,
889 1478 1017 1555 ueritus
1043 1502 1086 1554 no
1112 1501 1166 1554 ros
1193 1479 1228 1554 iu
1255 1479 1424 1556 notionem
1442 1479 1470 1574 2)
1506 1480 1635 1556 Summi
1663 1481 1841 1558 Pontilicis
1867 1483 1923 1559 de·

373 1601 550 1678 duceretur
578 1625 637 1697 per
663 1600 938 1698 appellationem,
968 1600 1145 1694 quaesibi
1172 1600 1307 1678 uomina
1334 1601 1532 1678 Prunrnislai
1559 1603 1663 1680 Ducis
1690 1603 1924 1696 intimabatur,

372 1722 553 1798 relaxavit.

475 1844 683 1940 Contegiono
719 1843 863 1937 quadarn
899 1841 1021 1919 bellica
1056 1865 1117 1920 nec
1144 1842 1274 1920 Slosiae
1310 1845 1419 1918 Duces
1455 1844 1561 1936 quieti
1595 1849 1703 1922 orant.
1749 1846 1926 1922 douradns

373 1988 517 2060 namque
553 1965 680 2040 Slesine
707 1967 786 2039 Dux
814 1964 986 2040 innostro
1013 1965 1159 2060 Bython
1198 1988 1257 2060 per
1273 1965 1530 2040 Prnornislaum
1566 1967 1829 2044 Posuaniensam
1855 1969 1925 2042 Du·

372 2111 444 2162 cern
471 2087 537 2162 sibi
563 2087 740 2164 aedificato
766 2085 963 2178 consistens,
994 2090 1029 2161 ot
1055 2085 1242 2181 portionem
1271 2086 1465 2181 patrimonii
1492 2088 1544 2162 sni
1576 2111 1684 2182 nequeo
1723 2113 1743 2164 u
1770 2091 1925 2166 Bolesleo

282 2241 284 2244 ’
372 2207 604 2304 legnioaonsi,
641 2232 750 2302 nmine
777 2211 819 2284 ab
846 2207 992 2284 Haurico
1027 2207 1304 2284 Wratislavieusi
1343 2209 1493 2284 Ducibus
1528 2209 1666 2305 exigere
1693 2212 1823 2304 salom,
1852 2214 1923 2286 Dn-

373 2355 443 2408 oorn
479 2331 664 2408 Hauricunr
701 2330 1016 2408 Wrutislnvionsem
1053 2331 1193 2405 fratrom
1229 2353 1438 2426 nerinorum,
1477 2353 1535 2427 por
1570 2332 1708 2427 praedia
1744 2335 1780 2409 et
1815 2333 1926 2410 curius

373 2475 453 2530 suas
480 2453 650 2531 incautius
676 2453 960 2546 deambulantem,
989 2451 1151 2547 captivat.
1192 2452 1297 2547 Quom
1323 2452 1389 2552 etsi
1414 2453 1554 2530 honeste
1580 2455 1766 2532 servaverit
1792 2459 1829 2532 et
1855 2479 1926 2532 nra·

372 2576 428 2672 gis
454 2599 490 2653 so
516 2599 599 2672 erga
624 2577 723 2652 illurn
759 2597 957 2673 germanum
993 2597 1093 2669 quiam
1129 2576 1260 2650 hostem
1288 2574 1408 2671 egerit,
1445 2599 1513 2652 non
1548 2579 1662 2654 tauron
1698 2580 1740 2652 ab
1767 2579 1926 2674 soprius

373 2697 534 2772 dimissus
560 2700 625 2791 ost,
653 2699 757 2774 donoc
783 2696 915 2773 obsides
941 2695 1045 2790 dedit,
1074 2697 1162 2790 quod
1190 2698 1250 2772 aut
1277 2696 1464 2792 portionum
1491 2720 1586 2774 suam
1613 2701 1743 2776 aDuoe
1769 2701 1926 2776 Boloslso

373 2819 476 2896 Galro
502 2819 723 2916 Leguicnensi
749 2821 891 2914 repetet,
929 2822 990 2894 aut
1017 2819 1046 2893 si
1074 2818 1108 2894 id
1136 2818 1269 2895 officere
1296 2842 1363 2896 uon
1390 2819 1526 2915 poterit,
1562 2820 1616 2896 sni
1647 2823 1799 2898 Ducatus
1825 2822 1925 2900 Wrs-

373 2941 582 3018 tislauieusis
609 2941 797 3039 portionem
823 2939 887 3016 sibi
917 2941 1094 3018 bonafide
1121 2941 1319 3037 praestabit.

373 3309 531 3384 luudstio
551 3307 742 3384 monasterii
760 3307 1059 3382 sanctimonialium
1082 3307 1206 3382 ordinis
1224 3309 1554 3384 lrsomssslrstonsis
1573 3309 1606 3380 is
1624 3312 1926 3405 susurramus

711 3449 768 3523 per
793 3431 978 3504 betorinum
1005 3430 1158 3504 iudicum
1185 3432 1303 3504 buron
1332 3431 1585 3506 turturinum.

363 3759 369 3769 .
479 3672 605 3767 Quarto
633 3672 798 3748 delendas
825 3671 917 3746 Iunii
945 3672 1122 3748 Boloslaus
1149 3672 1295 3750 Pudious
1321 3673 1559 3750 Grucoviensis
1585 3676 1622 3750 et
1648 3676 1929 3754 Sandomiriensis

375 3797 454 3872 Dux
490 3795 525 3872 in
560 3794 646 3870 uilla
682 3817 745 3870 sua
780 3793 893 3872 ducali
937 3794 1242 3890 Krupsuanoupcue
1278 3817 1381 3890 supra
1415 3795 1536 3870 Nidam
1572 3795 1660 3888 sita,
1696 3798 1928 3874 cracoviensis

375 3916 527 4009 diocesis,
558 3915 797 3992 monasterium
835 3915 1143 3992 sanctimonialium
1181 3915 1310 3991 ordinis
1338 3919 1685 3994 Praeruonstratansis
1712 3920 1848 4011 fundat,
1872 3943 1928 3997 ec·

374 4039 579 4131 clusiumque
605 4039 646 4113 do
674 4041 772 4133 potru
798 4039 878 4113 alba
904 4037 1059 4130 fabricat,
1096 4038 1272 4114 conferens
1297 4037 1405 4114 eidem
1433 4039 1633 4116 monasterio
1661 4040 1697 4115 in
1723 4041 1838 4118 dotem
1863 4043 1928 4117 ril-

375 4162 447 4236 las:
467 4161 782 4257 Krupszanouycze‚
811 4160 952 4252 Kouari,
980 4159 1196 4256 Lyesanioza,
1226 4160 1398 4256 Koualpe,
1427 4162 1595 4255 Sarbkon,
1625 4163 1839 4260 Klpouauou,
1858 4165 1930 4241 Ko-

376 4283 539 4378 bylnylry,
568 4283 709 4379 Solrryl,
738 4283 873 4378 Wolpa,
903 4281 1160 4376 Grocbowysla,
1198 4281 1500 4378 Suuyeborowyoae
1515 4281 1555 4377 ³),
1593 4285 1736 4360 Kosntru
1751 4283 1791 4380 ⁴),
1822 4287 1928 4382 Bper·

375 4405 589 4501 natboupcne
614 4407 650 4480 et
676 4403 846 4478 Iunouidu
863 4403 901 4497 ⁵),
930 4403 1095 4480 libortuus
1122 4402 1348 4480 haereditates
1381 4405 1553 4498 praefatos
1580 4407 1622 4481 ab
1641 4407 1796 4484 omuibus
1814 4409 1928 4501 dabis,

378 4525 648 4622 expeditionibus
675 4527 710 4601 et
736 4523 888 4600 tributis.

583 4891 697 4964 l’ulrns
724 4889 954 4965 l'osnnuisnsis
981 4892 1154 4985 opiscopus
1182 4893 1332 4986 moritur,
1359 4893 1536 4984 Bogululus
1563 4895 1720 4970 succedit.

480 5131 603 5205 Petrus
638 5128 877 5206 Posnauionsis
912 5131 1098 5228 opiscopus,
1136 5133 1187 5208 uir
1223 5131 1403 5228 religiosus
1438 5136 1473 5209 et
1499 5134 1649 5232 dovotus
1688 5137 1767 5212 durn
1806 5139 1930 5214 Octauo

377 5301 473 5318 -.-Ι
495 5317 498 5324 Α

486 5409 512 5490 1)
535 5413 628 5472 solum
650 5411 728 5474 deest
749 5413 785 5473 iss
811 5411 880 5474 coo.
903 5410 977 5474 Aut.
1014 5409 1041 5491 Ω)
1063 5431 1100 5473 ne
1119 5413 1158 5474 ad
1173 5413 1307 5474 notitiam
1327 5410 1399 5476 (lod.
1422 5415 1515 5476 Rosr.
1555 5413 1584 5496 ³)
1608 5416 1847 5481 Suieborouioze
1868 5417 1929 5482 Ed.

378 5517 466 5596 Lips.
505 5512 532 5596 ι)
556 5518 661 5581 Kosuz
686 5517 745 5582 Ed.
770 5513 854 5598 Lips.
895 5513 921 5598 ⁵)
943 5517 1090 5582 innouida
1118 5515 1189 5580 θοι).
1214 5517 1307 5584 Rom.
