4172 6278
411 513 488 587 224
1038 527 1151 590 nnana
1177 525 1330 592 saxeus.
1686 517 1748 613 (Α.
1769 519 1816 593 D.
1835 517 1955 613 1227.)

411 724 476 813 rat,
505 720 540 794 in
568 741 731 813 suumque
758 743 879 796 nomen
906 721 1033 797 milites
1060 722 1170 799 iurare
1196 723 1390 819 impulerat,
1419 724 1492 800 sine
1514 726 1604 801 hello
1622 727 1657 802 et
1675 727 1777 802 armis
1804 730 1952 805 exueret.

411 844 534 918 Verum
562 842 818 936 Svantopelhus
844 843 1062 918 Pomeraniae
1090 845 1292 938 praefectus,
1320 848 1359 922 ut
1377 848 1450 920 erat
1476 846 1528 930 vir
1554 850 1590 921 et
1616 848 1797 942 prudentia
1822 853 1859 924 et
1885 850 1953 925 cal·

409 965 544 1039 liclitate
570 985 648 1038 rara
674 964 816 1058 pollens,
846 967 1044 1040 conventum
1070 967 1159 1061 apud
1186 967 1403 1042 (laneaavam
1430 991 1496 1043 non
1523 971 1640 1045 contra
1679 969 1798 1061 alium,
1826 971 1893 1044 nisi
1919 992 1954 1044 se

410 1089 445 1161 et
471 1108 569 1160 suurn
606 1084 792 1180 periculam
828 1088 941 1181 (prout
976 1088 1065 1180 crat)
1101 1086 1263 1162 indictum
1299 1090 1405 1180 ratus,
1442 1089 1533 1163 omni
1569 1091 1781 1166 humanitate
1813 1091 1953 1180 abiecta,

409 1231 486 1282 curn
512 1206 616 1282 affine
641 1230 701 1282 suo
727 1205 917 1284 Wladislao
949 1208 1094 1299 branis,
1132 1209 1168 1282 in
1196 1209 1375 1285 Lectionis
1401 1209 1483 1286 Albi
1509 1213 1545 1286 et
1571 1211 1710 1288 Henrici
1737 1235 1813 1288 cum
1839 1213 1952 1302 barba,

410 1351 508 1421 quem
536 1351 611 1404 curn
639 1329 806 1404 Lasthene
841 1327 928 1402 Albo
964 1331 1144 1404 venturum
1179 1333 1397 1425 agnoverant,
1435 1333 1538 1426 caput
1568 1333 1782 1428 conspirant,
1819 1333 1954 1408 clande-

409 1451 585 1542 stinasque
612 1449 759 1525 conflant
785 1449 946 1525 insidias:
974 1452 1016 1525 ad
1043 1473 1127 1542 quas
1154 1454 1394 1546 perpetrandas
1421 1453 1632 1529 Wladislaus
1657 1455 1793 1530 Ottonis
1819 1456 1956 1533 llaioris

410 1572 570 1648 Poloniae
597 1573 686 1663 Dur,
714 1571 868 1665 quamvis
894 1573 1056 1647 Lestlroni
1083 1571 1170 1647 Albo
1196 1575 1230 1648 et
1258 1573 1403 1649 Henrico
1431 1597 1506 1648 cum
1533 1577 1638 1650 barba
1663 1577 1851 1671 propinquo
1877 1602 1954 1654 con·

410 1692 653 1789 sanguinitatis
690 1693 797 1787 gradu
833 1693 1039 1783 coniunctus,
1077 1694 1266 1787 compertus
1292 1695 1346 1768 est
1371 1693 1549 1790 aspirasse,
1587 1695 1865 1792 vaantopelhone
1893 1701 1955 1772 Pc-

410 1814 579 1890 meraniae
606 1814 785 1909 praefecto,
814 1815 856 1889 ad
884 1815 1157 1910 permulcendum
1184 1814 1334 1889 animum
1361 1816 1445 1906 eius,
1484 1816 1630 1892 universi
1657 1819 1769 1912 Regni
1797 1819 1956 1894 Poloniae

410 1937 655 2031 Principatum,
684 1937 853 2012 Lasthene
880 1939 915 2010 et
941 1935 1087 2011 Henrico
1114 1937 1269 2028 sublatis,
1298 1937 1501 2012 destinante.
1546 1938 1628 2012 (lum
1656 1937 1771 2030 itaque
1797 1941 1841 2014 ad
1867 1941 1954 2016 diem

410 2057 525 2134 Sancti
553 2056 693 2132 Martini
721 2057 941 2132 constitutam
977 2059 1102 2133 Lestlro
1137 2057 1255 2149 Albus,
1293 2057 1444 2133 fraudem
1470 2061 1506 2134 et
1532 2060 1647 2134 dolum
1673 2062 1790 2135 abesse
1816 2062 1953 2155 putans,

410 2179 634 2256 conficiendae
660 2201 792 2273 quoque
818 2179 867 2252 rei
894 2180 930 2254 et
957 2179 1203 2274 recuperandae
1229 2179 1446 2255 Pomeraniae
1472 2181 1585 2255 studio
1612 2183 1741 2276 captus,
1770 2181 1805 2256 et
1831 2183 1954 2256 Henri·

410 2324 470 2377 cus
496 2324 572 2376 curn
599 2303 703 2376 barba
738 2299 877 2391 Slesiaa
915 2323 955 2375 ac
974 2301 998 2394 ¹)
1023 2302 1196 2375 (lunradus
1231 2301 1400 2376 llasoviae
1435 2301 1543 2376 Duces
1579 2301 1614 2376 in
1650 2302 1869 2378 Gausaavam
1897 2326 1954 2398 pro

410 2423 555 2500 tenendo
581 2425 746 2499 conventu
774 2445 848 2496 curn
875 2422 1068 2512 baronibus,
1102 2422 1334 2514 militibusque
1359 2425 1395 2498 et
1421 2423 1612 2516 frequentia
1638 2424 1810 2498 hominurn
1838 2447 1953 2500 conve·

411 2546 553 2637 nissent,
581 2548 617 2620 et
643 2545 760 2620 diebus
794 2543 926 2638 aliquot
952 2565 1027 2618 curn
1054 2543 1245 2620 Wladislao
1280 2545 1414 2619 Ottonis
1440 2543 1577 2620 Maioris
1603 2545 1763 2620 Poloniae
1802 2547 1894 2623 Duce
1920 2547 1953 2620 in

411 2666 581 2743 continuis
606 2667 647 2740 de
673 2665 877 2741 stabilienda
913 2665 1105 2740 inteream
1132 2667 1167 2740 et
1193 2667 1421 2742 Wladislaam
1456 2668 1618 2761 Magnum
1655 2667 1870 2764 Lpashonagi
1897 2691 1953 2762 pa-

412 2792 527 2864 truum
562 2811 672 2879 sunm,
709 2787 935 2863 Gnesnensem
967 2788 1105 2878 Ducem,
1143 2809 1224 2882 pace
1250 2789 1464 2864 versarentur
1498 2787 1712 2880 tractatibus,
1749 2789 1785 2863 in
1816 2789 1955 2864 insidias

412 2909 626 3007 praecipitati
654 2912 745 2984 sunt.
795 2911 883 2983 Dum
914 2908 1003 2984 enirn
1040 2909 1185 3003 praefati
1221 2911 1329 2984 Duces
1355 2932 1375 2982 a
1401 2909 1596 2984 Pomeranis
1623 2909 1890 2985 satisfactionem
1917 2911 1956 2986 de

412 3031 621 3128 grassaturis
648 3033 684 3105 et
710 3029 854 3122 damnis,
892 3052 978 3122 quae
1005 3051 1064 3124 per
1091 3030 1283 3121 frequentes
1319 3029 1468 3103 insultus
1504 3051 1578 3105 curn
1605 3030 1795 3108 Wladislao
1822 3029 1955 3105 Ottouis

411 3153 574 3228 interris
600 3150 802 3244 Poloniae²l
828 3151 988 3244 fecerant,
1026 3152 1190 3246 peterent,
1227 3151 1376 3242 alioquin
1414 3150 1556 3226 iniurias
1582 3152 1820 3246 propulsando,
1849 3151 1955 3226 mina·

411 3277 528 3351 rentur
554 3276 681 3350 terram
716 3273 932 3358 Pomeraniae
967 3272 1138 3348 hostiliter
1165 3293 1201 3346 se
1227 3273 1413 3362 invasuros,
1450 3273 1707 3368 Svantopelhus
1742 3273 1957 3348 Pomeraniae

411 3398 600 3492 praelectus
636 3395 748 3472 venire
783 3395 959 3485 differens,
975 3387 982 3398 ’
996 3395 1177 3471 adventum
1213 3415 1312 3469 snum
1347 3394 1432 3468 Ituci
1468 3396 1503 3470 et
1529 3394 1662 3469 domino
1698 3415 1758 3469 suo
1792 3393 1956 3471 Lastheni
2007 3383 2009 3391 ’

410 3518 498 3594 Albo
533 3517 725 3608 intimabat,
763 3516 993 3610 frequentibus
1029 3515 1160 3590 nuntiis
1193 3513 1461 3610 explorandae')
1496 3515 1556 3606 rei,
1593 3537 1680 3606 quae
1711 3516 1747 3590 in
1773 3515 1957 3592 (lanszava

412 3641 597 3736 gereretur,
625 3638 749 3734 gratia,
777 3659 878 3732 quam
905 3659 965 3732 pro
992 3637 1045 3711 sui
1071 3636 1286 3713 excusatione
1312 3636 1534 3712 transmissis.
1562 3637 1636 3710 Iam
1662 3639 1793 3730 quarta,
1822 3659 1866 3712 ex
1892 3660 1956 3729 qno

412 3761 449 3836 in
476 3761 661 3852 Gansnava
686 3761 796 3834 Duces
823 3761 1058 3849 convenerant,
1095 3760 1259 3854 agebatur
1285 3757 1366 3849 dios,
1403 3759 1439 3833 et
1466 3756 1687 3853 plurimarum
1713 3781 1826 3832 rerum
1853 3781 1956 3853 expe·

413 3883 541 3959 ditione
566 3883 727 3978 perfecta,
755 3881 877 3957 balnea
894 3881 935 3954 ar
953 3881 1148 3974 curandum,
1177 3880 1444 3971 abluendnmque
1471 3901 1608 3974 corpora
1633 3879 1855 3973 intraverant,
1884 3902 1957 3955 curn

412 4005 524 4080 subito
551 3981 809 4098 Suantopelkns
834 4002 1052 4078 Pomeraniae
1078 4001 1274 4097 capitaneus
1310 4000 1598 4097 opportunitatem
1625 4001 1786 4096 temporis
1812 4025 1873 4096 per
1899 4024 1956 4076 en·

413 4127 598 4221 ploratores
625 4123 689 4199 sibi
716 4124 932 4216 declaratam,
966 4124 1001 4197 in
1028 4124 1228 4218 suffragium
1255 4122 1307 4196 sui
1334 4122 1402 4196 doli
1429 4122 1619 4213 habiturus,
1656 4144 1822 4215 nusquam
1851 4120 1957 4218 magis

414 4268 531 4322 nocere
557 4269 592 4322 se
619 4245 704 4320 Duci
730 4245 892 4320 Lesthoni
919 4247 1025 4337 ratus,
1054 4267 1156 4338 quarn
1176 4266 1252 4320 cum
1270 4243 1397 4324 amicus
1424 4245 1612 4338 putaretur,
1640 4263 1717 4318 curn
1742 4243 1899 4339 gentium
1917 4263 1958 4318 ex

300 4353 302 4358 ’
413 4367 551 4443 Polonis
577 4370 611 4442 et
637 4366 832 4444 Pomeranis
868 4367 1085 4442 collectarum
1120 4366 1340 4442 multitudine
1375 4366 1580 4461 supervenit,
1619 4367 1654 4439 et
1679 4363 1855 4440 hostiliter
1890 4366 1956 4438 tam

413 4487 574 4584 hospitia,
603 4511 705 4579 qnam
731 4488 949 4564 tabernacula
984 4487 1118 4562 ducalis
1144 4490 1179 4563 et
1205 4487 1370 4563 militaria
1396 4487 1597 4582 irrumpens,
1634 4485 1788 4580 singulos
1815 4486 1882 4561 sibi
1909 4507 1957 4560 rc·

414 4609 574 4684 sistentes
600 4611 789 4684 obtruncat.
834 4609 937 4684 Ouios
963 4609 1012 4684 rei
1041 4609 1188 4704 periculo
1215 4610 1324 4684 Duces
1351 4607 1386 4683 in
1413 4609 1533 4683 balneo
1564 4607 1787 4683 consistentes
1802 4607 1831 4701 ⁴)
1858 4607 1957 4683 intel·

414 4731 512 4823 lecto,
540 4731 667 4805 lestko
694 4729 828 4823 quidem
855 4729 974 4822 Albus,
1002 4731 1096 4805 velut
1122 4751 1258 4825 corpore
1286 4713 1425 4804 iuvenili
1452 4727 1614 4824 vegetior,
1642 4729 1683 4804 de
1708 4729 1828 4804 balneo
1849 4728 1956 4820 exilit,

414 4853 450 4927 et
475 4872 559 4945 eqno
585 4873 606 4924 a
632 4849 703 4925 suis
729 4850 794 4926 sibi
821 4851 1025 4940 ministrato,
1059 4871 1246 4940 conscenso,
1275 4872 1391 4925 versus
1420 4849 1536 4924 villam
1563 4848 1815 4940 hiarcainhovo,
1845 4848 1958 4944 paucis

414 4971 513 5046 illurn
540 4971 778 5047 comitantibus
804 4973 922 5067 fugere
948 4971 1069 5066 coepit.
1097 4970 1202 5064 Quem
1229 4969 1484 5065 Svantopellus
1510 4970 1665 5045 omnibus
1693 4969 1771 5045 aliis
1799 4969 1957 5065 praeteri·

413 5092 472 5186 tis,
500 5093 595 5169 velut
611 5094 769 5189 praeviam
787 5094 912 5169 dudum
927 5092 956 5187 ⁶)
983 5093 1195 5186 concupitam
1223 5093 1418 5184 insectatus,
1446 5113 1525 5168 suos
1543 5114 1659 5169 omnes
1676 5092 1712 5166 in
1731 5091 1828 5166 illius
1846 5113 1957 5167 necem

523 5368 549 5453 ¹)
573 5370 694 5446 Slosiae,
718 5387 753 5433 ac
783 5369 861 5434 dem
882 5371 918 5432 in
944 5367 1013 5433 coa.
1036 5366 1109 5431 aar.
1148 5365 1320 5447 ⁹)Maioris
1347 5367 1487 5432 Poloniae
1521 5367 1593 5432 coa.
1615 5367 1706 5433 Rcar.
1746 5363 1887 5449 ⁸trrrragis
1908 5386 1952 5431 ex·

414 5474 574 5556 plorandae
601 5473 672 5540 θοὰ.
694 5475 787 5539 Roas.
828 5471 855 5555 ι)
880 5477 1039 5536 existentes
1071 5471 1144 5536 θοι).
1165 5473 1257 5535 Rcsr.
1297 5471 1323 5554 ο)
1346 5475 1397 5535 diu
1418 5473 1479 5536 Ed.
1502 5475 1606 5540 Dobr,
