4246 6274
145 545 197 642 (Α.
215 542 264 620 D.
281 543 391 642 1157.)
742 563 851 618 nusum
878 563 1048 629 ourunus.

588 957 794 1072 ANNUS
829 956 1057 1070 DOMINI·
1084 953 1198 1069 1151

140 1244 350 1318 delectantem
383 1243 573 1317 lridcricurn
608 1245 831 1337 lrnpuraturunu
867 1244 999 1318 comitia
1029 1243 1188 1334 flerttpull
1222 1241 1416 1316 wladislaus
1452 1244 1527 1316 exul
1554 1247 1656 1334 roget,

86 1417 88 1420 -
139 1370 174 1438 ut
198 1368 229 1438 iu
255 1367 393 1458 putrium
428 1366 638 1440 reduceretur.
676 1368 715 1442 tt
740 1367 915 1458 Imperetur
946 1366 1138 1439 ultulurluo
1165 1369 1199 1437 et
1225 1365 1378 1437 tratribus
1405 1366 1474 1437 eius
1501 1365 1658 1456 damper

140 1492 281 1561 urctcrcr
311 1489 345 1560 id
375 1489 518 1562 obticere
557 1489 687 1582 nequit,
721 1493 790 1562 tuuc
827 1489 902 1582 pria
936 1489 986 1560 illi
1021 1488 1118 1562 etium
1147 1487 1303 1560 tributum
1338 1488 1462 1561 uoluere
1497 1488 1657 1576 uolebant,

724 1604 850 1684 'bellun
878 1611 925 1684 616
952 1609 1073 1683 indicit.

234 1852 290 1926 Ex
317 1851 419 1927 Italia
444 1854 479 1927 61
505 1851 627 1928 Galliis
652 1851 840 1928 Idridericus
870 1853 1056 1948 Imperator
1092 1852 1265 1927 discedens
1291 1853 1326 1928 et
1345 1852 1368 1948 ¹)
1403 1852 1439 1927 in
1465 1851 1656 1927 Almaniam

137 1973 274 2064 6611666,
303 1974 447 2049 omnium
475 1974 666 2069 Principum
692 1973 868 2050 Almaniae
899 1974 934 2048 in
960 1975 1158 2051 Wironburk
1185 1975 1268 2048 alias
1295 1973 1468 2070 Herbipoli
1495 1997 1554 2069 pro
1571 1975 1657 2048 Pon-

136 2099 277 2170 tecostes
310 2097 396 2172 16616
430 2095 483 2171 116
517 2097 590 2191 ugit
624 2099 831 2186 conuentum,
862 2096 897 2171 in
923 2118 987 2191 quo
1013 2099 1048 2172 61
1073 2095 1178 2170 filiam
1205 2097 1421 2192 Burgundios
1446 2095 1547 2170 Ducis
1573 2097 1657 2168 Bea-

135 2217 248 2293 tricem
286 2218 351 2293 sibi
385 2218 677 2294 matrimonialiter
692 2219 719 2314 1)
754 2219 884 2314 iungit,
922 2223 956 2293 61
982 2219 1021 2295 16
1047 2220 1136 2294 bello
1162 2219 1462 2294 Mediolanensibus
1487 2217 1657 2293 inferendo

136 2343 228 2435 (quos
264 2342 436 2415 constabat
469 2344 584 2437 aperta
618 2341 797 2417 rebellione
831 2363 912 2436 erga
938 2342 1108 2417 Gaesarem
1135 2363 1212 2416 usos
1238 2345 1324 2436 6666)
1349 2364 1423 2416 666
1448 2340 1658 2436 Principibus

134 2462 313 2537 consultat.
340 2463 435 2537 Inter
461 2463 542 2538 haec
568 2463 836 2569 ethadislaus
863 2464 1061 2538 Polonornm
1087 2464 1165 2538 Dux
1200 2485 1309 2538 coram
1336 2463 1473 2539 (1666666
1499 2464 1533 2538 61
1559 2461 1656 2536 Prin-

133 2583 260 2678 cipibus
288 2606 421 2660 oausam
447 2606 541 2676 suam
568 2608 667 2681 agore
693 2586 820 2681 coepit:
856 2585 1085 2678 Duodecimus,
1116 2585 1236 2680 inquit,
1265 2586 1383 2662 066666
1408 2585 1543 2680 optimo,
1570 2584 1657 2658 labi·

133 2709 344 2798 16666666,
380 2730 423 2783 ex
449 2731 513 2801 quo
548 2730 622 2784 cum
658 2708 797 2804 coniuge
831 2711 866 2783 61
900 2709 1033 2806 liberis,
1071 2709 1182 2803 patria
1217 2731 1275 2804 per
1309 2709 1452 2782 fratrum
1487 2706 1597 2782 odium
1623 2710 1658 2782 et

133 2829 270 2904 11666666
298 2828 468 2925 6616661),
496 2831 532 2904 16
558 2830 656 2906 terris
681 2831 751 2906 tuis
777 2831 953 2926 indignum
978 2831 1117 2906 exilium
1144 2853 1217 2927 ago,
1242 2853 1302 2907 666
1328 2830 1398 2926 spei
1426 2853 1526 2920 meae,
1555 2829 1654 2924 polli-

132 2949 353 3044 citationique
388 2974 558 3028 caesareae
593 2953 715 3046 aliquis
750 2955 886 3029 6166166
921 2953 1106 3048 respondet.
1160 2953 1394 3028 Praedeoessor
1420 2951 1552 3046 quidem
1578 2955 1657 3026 tuus

132 3072 326 3165 Ounradus,
363 3074 441 3148 dum
477 3074 598 3150 crebris
633 3073 856 3170 legationibus
890 3075 1134 3150 restitutionem
1150 3075 1177 3168 1)
1208 3073 1338 3151 efficere
1364 3073 1527 3168 nequiret,
1556 3073 1658 3147 armis

2 3252 3 3256 ,
131 3193 225 3269 illam
252 3196 445 3289 effecturus,
473 3197 622 3292 legiones
649 3197 684 3272 in
710 3197 881 3272 Poloniam
908 3197 1059 3288 duxerat,
1087 3198 1143 3272 661
1170 3197 1376 3272 6166161166
1402 3195 1658 3271 moisPoloniue

131 3316 280 3392 Itucibus
307 3318 404 3392 falsis
431 3318 602 3414 promissis
628 3322 662 3395 et
688 3319 862 3394 blanditiis
888 3319 1007 3411 616166,
1037 3341 1217 3414 campoque
1243 3319 1409 3395 detractus
1436 3319 1506 3406 est;
1551 3339 1658 3409 neque

130 3441 291 3534 posthaec
327 3440 415 3516 curis
454 3441 591 3536 Imperii
626 3444 660 3517 et
694 3443 854 3538 languore
888 3442 1073 3534 distentus,
1109 3463 1203 3516 arma
1237 3441 1273 3515 in
1310 3440 1373 3517 moi
1400 3438 1655 3530 restitutionem,

130 3561 209 3636 licet
236 3561 273 3637 id
300 3565 413 3639 crebro
439 3564 672 3658 polliceretur,
701 3565 891 3660 resumpsit.
932 3566 1006 3639 Non
1033 3587 1106 3640 mea
1131 3587 1183 3639 me
1209 3563 1276 3639 iarn
1303 3586 1391 3656 6666,
1419 3563 1476 3638 661
1502 3561 1656 3652 filiorum,

129 3707 169 3758 nu
195 3686 232 3759 61
258 3683 328 3780 ipsi
354 3685 390 3760 in
415 3685 516 3762 exilio
544 3709 670 3762 mecum
696 3710 763 3761 una
788 3688 1031 3779 consenescant,
1059 3688 1228 3782 perurget.
1256 3685 1343 3782 Quos
1369 3685 1548 3776 consulam,
1577 3705 1658 3776 quus

129 3807 297 3901 deprecor,
335 3830 356 3882 6
383 3807 502 3901 quibus
527 3809 844 3885 commiserationem
870 3831 1017 3904 sperem,
1045 3807 1532 3904 66661661666666066666,
1561 3827 1659 3898 quern

129 3926 282 4004 161666
318 3930 406 4004 diurn
441 3931 547 4022 colui,
584 3931 677 4006 onius
713 3955 841 4024 qnoque
876 3931 1091 4006 subventione
1118 3929 1333 4006 6116661616
1368 3929 1462 4022 6166,
1498 3929 1658 4002 fratribus

129 4049 294 4126 infestum
320 4055 356 4127 61
382 4051 626 4148 implacabilem
662 4054 809 4128 animum
845 4055 1056 4149 gerentibus,
1084 4076 1150 4128 nun
1176 4053 1292 4128 habeo.
1338 4051 1373 4126 Si
1400 4055 1434 4126 te
1462 4049 1658 4126 conditionis

129 4195 221 4250 meae
249 4198 320 4250 non
348 4174 501 4269 miseret,
529 4177 650 4253 saltem
675 4177 795 4251 sororis
821 4178 917 4268 tuae,
946 4175 1095 4272 coniugis
1114 4191 1232 4269 meae,
1262 4197 1346 4268 quae
1372 4175 1406 4250 ot
1433 4173 1516 4269 ipsa·
1531 4195 1658 4248 mecum

130 4296 259 4389 exulat,
290 4297 863 4392 61666616661666666111166666
890 4321 1046 4390 meorum,
1076 4320 1157 4391 quos
1183 4298 1217 4372 in
1244 4297 1342 4389 61666,
1371 4298 1448 4371 dum
1475 4293 1540 4369 huo
1565 4293 1658 4389 pueri

128 4415 219 4492 illati
247 4413 415 4514 6666611),
446 4419 585 4496 creuisse
600 4420 628 4515 ⁶)
655 4420 758 4512 61166,
786 4420 920 4495 miseric
946 4421 1118 4496 movearis.
1154 4419 1251 4494 Dixit
1265 4419 1294 4514 ⁷)
1320 4419 1450 4494 611666
1476 4417 1564 4491 11166
1590 4417 1658 4490 iarn

129 4540 392 4617 adolescentiam
428 4544 674 4638 transgressos,
710 4543 951 4639 pulcherrimae
985 4545 1020 4619 61
1052 4565 1146 4618 rarae
1181 4541 1302 4617 indolis
1338 4541 1482 4632 1666666,
1520 4539 1657 4634 pedibus

128 4661 364 4758 Imperatoris,
393 4687 457 4757 quo
483 4665 617 4740 facilius
643 4664 1281 4760 11166611)616666116666616616661,
1310 4662 1464 4754 admouit,
1493 4663 1658 4736 extorrem

127 4806 162 4858 66
188 4786 322 4860 lactum
349 4787 567 4862 habitationis
598 4787 727 4882 patriae
753 4787 952 4876 subintulit;
996 4790 1138 4878 terram,
1168 4785 1512 4878 1666661166166,
1540 4783 1658 4878 negari

128 4907 212 4998 sibi;
258 4909 475 5002 Boleslaum‚
503 4911 724 5005 Myecnslaum
759 4913 794 4985 61
827 4910 1010 4985 Η66616666
1036 4909 1191 4984 incubare
1218 4907 1466 5002 Principatibue
1492 4905 1571 4997 suis,
1600 4905 1658 4997 qui

127 5029 190 5104 sibi
228 5035 265 5105 61
306 5031 389 5106 filiis
424 5054 486 5127 per
515 5033 623 5108 scelus
657 5033 761 5128 erepti
798 5033 918 5109 forent.
971 5034 1049 5106 Dux
1083 5031 1200 5108 161616
1234 5030 1412 5106 Bohemiae
1438 5029 1656 5120 Wladislaus,

127 5239 541 5254 -h-—Q-Ot——u-

235 5329 260 5408 ¹)
284 5336 318 5391 et
339 5330 417 5392 deust
438 5331 473 5391 deu
500 5330 569 5392 Cod.
585 5327 657 5392 Aur.
691 5325 718 5413 1)
741 5331 771 5390 16
793 5331 1002 5391 matrimonium
1024 5329 1083 5390 Ed.
1099 5329 1190 5389 Dubr.
1222 5325 1248 5406 ³)
1270 5327 1371 5402 pulsus
1393 5343 1455 5392 sum
1481 5321 1657 5387 06616666.

128 5429 154 5513 ⁴)
176 5421 397 5496 restitutionem
419 5437 477 5496 mei
503 5435 572 5496 (lod.
595 5436 685 5496 Rocr.
717 5431 745 5512 1)
761 5437 842 5496 allati
864 5441 946 5496 erent
967 5436 1025 5495 Ed.
1047 5435 1140 5496 Dubr.
1175 5429 1201 5511 1)
1217 5434 1342 5494 66661666
1365 5432 1423 5494 Ea.
1438 5432 1530 5492 Dubr.
1555 5427 1582 5513 1)
1597 5431 1657 5492 Du·
1798 5427 1799 5432 ’
1867 5425 1869 5430 ’

127 5541 170 5600 xit
197 5539 381 5604 0611666.
421 5536 448 5622 ⁸)
472 5557 535 5603 eum
557 5542 587 5602 in
613 5539 681 5602 Occi.
708 5541 799 5603 Rccr.
