4172 6278
175 532 236 640 (Λζ
257 545 304 620 D.
326 535 444 644 1237.)
510 662 514 670 Ι
798 572 910 622 urana
937 571 1090 624 saxnus.
1409 639 1412 650 .
1648 553 1723 626 253

174 753 338 850 impensis
373 757 445 831 tam
481 755 668 848 eeclesiam,
706 747 808 849 ouum
846 743 1088 834 monasterium
1108 758 1130 853 ¹)
1168 759 1310 854 pulchro
1345 781 1446 854 opere
1481 782 1525 836 ox
1561 738 1726 834 lateribus

174 876 280 952 coctis
305 875 443 953 inchoat
468 880 505 953 et
531 881 751 971 consummat,
779 878 933 971 quamvis
960 879 995 954 in
1022 882 1127 970 annis
1150 880 1314 975 pueritiae
1341 880 1559 958 constitutus.
1694 976 1699 990 ι

279 998 462 1095 Gregorius
489 1003 583 1095 Papa
609 1021 717 1076 nonus
743 1000 918 1076 ciuitatem
946 1001 1113 1098 insignem
1140 1001 1479 1099 Constantinopolim,
1516 1026 1603 1098 quae
1629 1004 1726 1079 uetu-

174 1121 228 1196 sto
264 1120 398 1196 nomine
432 1111 638 1217 Byzantium
669 1123 842 1199 dicebatur
856 1123 904 1218 Ἰ),
942 1125 983 1198 de
1018 1123 1217 1218 captivitate
1244 1125 1470 1218 liberaturus,
1499 1125 1723 1202 Wilhelmum

174 1242 369 1338 episcopum
394 1243 633 1336 Mutinensem,
670 1244 860 1340 adiungens
886 1244 918 1320 ei
945 1246 1086 1321 fratrom
1117 1245 1302 1321 Martinurn
1328 1247 1370 1323 de
1397 1246 1610 1323 sandomiria
1635 1246 1725 1322 ordi·

176 1363 230 1438 nis
257 1365 541 1458 Praedicatorum,
571 1367 734 1442 Polonum
762 1366 909 1458 natione,
937 1367 1047 1443 uirum
1075 1367 1250 1460 providum
1276 1369 1311 1444 et
1338 1368 1483 1460 doctum,
1512 1369 1554 1443 ad
1580 1367 1726 1445 Lndovi-

175 1507 251 1560 cum
266 1484 295 1581 ³)
322 1487 485 1564 Franciae
513 1489 642 1584 Regem
669 1487 886 1564 transmittit.

279 1608 507 1684 Praemislaus
542 1609 691 1685 Marchio
730 1610 909 1704 Mcrauiae,
947 1631 1128 1706 gerruanus
1163 1609 1356 1687 Wenooslai
1391 1610 1573 1687 Bohemiae
1608 1610 1726 1706 Regis,

174 1728 286 1806 sciens
313 1729 378 1806 sibi
406 1732 597 1827 praefatum
625 1733 766 1809 fratrem
794 1755 892 1807 suum
919 1733 1157 1808 Wenceslaum
1184 1732 1424 1829 multipliciter
1454 1731 1616 1808 infestum
1643 1755 1727 1824 esse,

175 1851 211 1925 in
238 1845 453 1948 Mun'gariam
479 1853 612 1950 effugit,
649 1853 772 1930 castris
798 1853 870 1930 suis
897 1852 1064 1930 Moraviae
1091 1853 1258 1948 praesidio
1286 1853 1437 1930 fidelium
1465 1853 1611 1929 militnm
1641 1875 1728 1930 com·

177 1972 357 2049 mendatis.
396 1974 460 2071 Qui
488 1975 626 2051 tandem
653 1999 675 2052 a
700 1976 795 2072 Rege
821 1974 1002 2051 Bohemiae
1029 1975 1229 2052 Wenceslao
1255 1975 1393 2067 obsessi,
1422 1976 1535 2050 castra
1561 1973 1637 2070 ipsa
1663 1974 1729 2050 sibi

174 2093 313 2170 reddere
341 2097 447 2172 eoacti
474 2100 567 2173 suut.
595 2097 760 2174 Praemisl
786 2119 864 2174 uero
890 2096 1040 2172 Marehio
1067 2095 1235 2174 Morauiae
1262 2119 1283 2172 a
1309 2098 1394 2172 Bela
1416 2095 1616 2192 Hungariae
1634 2097 1729 2192 Rege

174 2215 323 2314 benigne
350 2218 499 2314 habitus,
527 2219 631 2298 etiarn
658 2218 915 2318 interpositione
937 2241 1000 2295 sua
1017 2219 1283 2296 Marchionatum
1311 2218 1479 2296 Morauiae
1506 2217 1674 2295 rehabuit.
1827 2217 1831 2224 ’

557 2549 707 2664 taetrum
734 2592 769 2662 ot
795 2587 949 2681 oppidum
975 2588 1120 2680 Elipeus
1146 2587 1345 2661 actitentur.

278 2829 497 2904 Hermannus
523 2827 689 2925 Magister
716 2829 960 2906 cruciferorum
987 2829 1105 2906 domus
1132 2828 1346 2922 Teutonicae,
1375 2828 1522 2905 Ounradi
1549 2827 1728 2921 Maeoniae,

173 2950 400 3046 suantopelci
436 2952 472 3026 et
504 2949 670 3028 Samborii
706 2951 922 3028 Pomeraniae
958 2954 1088 3028 Ducum
1124 2935 1232 3028 fretus
1267 2950 1419 3043 auxiliis,
1457 2950 1494 3026 in
1529 2953 1730 3026 Prussorum

174 3075 303 3150 terram
329 3073 491 3151 descensu
518 3076 730 3169 parternum
757 3075 792 3150 et
818 3097 940 3167 aquam
968 3075 1071 3166 facto,
1104 3075 1253 3150 castrum
1280 3075 1316 3149 et
1343 3073 1502 3170 oppidum
1529 3075 1688 3171 Eibyang
1702 3075 1731 3169 ⁴)

175 3187 433 3292 in'Pog'escono
448 3195 478 3290 6)
505 3195 664 3272 districtu
690 3195 847 3272 aedificat
872 3198 908 3272 ot
935 3195 1083 3272 militurn
1111 3195 1221 3272 valido
1252 3194 1419 3291 praesidio
1445 3195 1642 3289 communit,
1671 3196 1732 3270 da·

176 3321 214 3393 to
240 3309 375 3394 civitati
402 3317 537 3395 nominc
564 3341 585 3393 a
611 3318 712 3396 fluuio
738 3318 876 3414 Mihing,
914 3318 973 3413 qui
1001 3319 1084 3395 illuc
1110 3319 1300 3411 decurrens,
1329 3320 1452 3416 stagno
1479 3308 1614 3416 magno,
1643 3318 1732 3410 quod

175 3442 257 3517 Hab
283 3439 420 3533 dicitur,
449 3463 485 3517 se
514 3439 643 3517 miscet.

280 3563 421 3639 Fratres
447 3562 711 3655 Praedmatores,
739 3561 896 3640 uidelicet
922 3563 1030 3638 frater
1056 3561 1224 3638 Martinus
1252 3563 1293 3638 de
1320 3561 1532 3638 Sandomiria
1556 3582 1633 3637 cum
1651 3558 1730 3636 aliis

177 3675 373 3761 monasterii
411 3685 556 3762 Sanctae
591 3683 771 3760 Trinitatis
799 3684 834 3758 in
861 3683 1020 3760 cracovia
1033 3683 1074 3779 ⁶),
1113 3684 1207 3758 missi
1244 3684 1280 3760 in
1306 3683 1467 3776 Italiam,
1505 3705 1582 3758 ossa
1617 3680 1732 3758 Iuonis

177 3806 326 3902 episcopi
366 3805 596 3882 cracoviensis
630 3808 674 3882 ab
706 3805 861 3902 episeopo
896 3804 1082 3882 Mutinensi
1118 3793 1313 3901 impetrata,
1350 3803 1542 3881 Orucouiam
1579 3803 1734 3880 referunt

176 3931 214 4005 et
240 3921 277 4003 in
305 3927 507 4006 monasterio
534 3929 688 4025 praefato
715 3928 861 4005 Sanctae
888 3927 1069 4004 Trinitatis
1097 3927 1133 4002 in
1160 3927 1254 4004 chori
1281 3926 1389 4004 medio
1417 3926 1577 4002 condunt.

177 4295 335 4370 Mauricus
362 4314 434 4368 euru
460 4295 563 4368 baria
589 4299 720 4369 curator
755 4295 897 4368 Molerlai
933 4293 1053 4386 pudici.
1077 4293 1182 4369 eiiam
1209 4297 1244 4368 et
1269 4293 1368 4366 matri
1394 4293 1484 4366 iilius
1520 4292 1732 4365 munitionem

177 4417 269 4510 rupis
295 4417 329 4490 ir
355 4417 529 4508 aureuma,
556 4421 595 4490 ut
620 4418 723 4492 tutior
749 4438 770 4490 a
796 4416 942 4490 cunrado
970 4417 1025 4506 rit,
1053 4415 1212 4507 concedit,
1239 4416 1393 4508 legesque
1411 4415 1496 4488 alirn
1514 4413 1644 4488 iciunis
1667 4415 1733 4487 stc·

802 4538 877 4628 tuit,
905 4539 990 4610 aiios
1008 4536 1111 4611 eriere.

283 4777 462 4854 Bolosiaus
489 4778 635 4853 Pndicus
649 4779 678 4873 7)
705 4779 784 4852 Dux
811 4777 1040 4854 Graconiensis
1066 4780 1102 4852 et
1128 4775 1409 4852 Sandomiriensis
1436 4797 1512 4851 oum
1540 4778 1735 4851 matresua

178 4899 427 4992 Grnimislaua,
464 4901 558 4975 dolos
592 4903 628 4976 et
663 4899 805 4974 insidias
842 4899 988 4976 Ounradi
1023 4898 1192 4974 Maeoniae
1218 4897 1323 4974 Ducis
1349 4900 1385 4974 et
1411 4896 1477 4971 filii
1504 4897 1555 4972 sui
1583 4895 1734 4972 Boleslai

179 5023 449 5118 perhorrescens,
477 5023 514 5098 et
540 5020 576 5096 in
603 5017 695 5098 terra
730 5020 1005 5114 Sandomiriensi,
1043 5043 1144 5114 quam
1181 5042 1241 5116 pro
1276 5041 1336 5095 suo
1376 5017 1545 5095 domicilio
1576 5019 1612 5094 et
1638 5019 1734 5094 statu

290 5315 315 5397 ¹)
338 5292 511 5380 coenobium
526 5310 593 5381 'Eut
616 5319 710 5381 Βοῦν.
742 5317 944 5396 i>vorsabatur
970 5314 1042 5380 coc.
1065 5317 1160 5380 Rosr.
1191 5313 1416 5395 ³)Lndouigum
1442 5311 1513 5377 Occi.
1537 5289 1609 5375 Mat
1640 5307 1733 5391 4)Ε1-

179 5424 257 5499 tang
279 5423 341 5484 Ed.
364 5423 460 5484 Βοῦν.
493 5423 602 5499 Elbing
622 5423 683 5486 Ec.
707 5421 793 5501 Lips.
830 5419 858 5496 ⁵)
881 5423 1034 5499 Pogesanc
1059 5420 1130 5486 Ood.
1157 5421 1252 5484 cesa.
1275 5421 1430 5496 Pogosimo
1449 5417 1508 5488 Ed·
1531 5417 1625 5487 Βοῦν.
1661 5413 1734 5502 ‘itu

180 5527 324 5596 Graecus
345 5525 486 5597 natatus
513 5527 584 5601 Ocu,
606 5529 700 5602 coar,
740 5526 768 5618 ⁷)
791 5528 918 5604 mucra
940 5529 1019 5602 daec
1040 5528 1077 5598 io
1102 5524 1173 5597 ooo.
1197 5523 1270 5597 Ant.
