4192 6272
391 563 467 634 474
958 617 962 621 -
997 584 1109 635 ursan
1135 582 1329 635 serranus.
1672 559 1734 655 (Α.
1754 559 1801 634 D.
1821 558 1944 654 iasa.)

392 770 603 860 adveniente,
633 792 757 864 magua
784 769 828 862 vi,
858 793 1046 865 magnoque
1084 772 1205 846 conatu
1233 771 1268 844 et
1295 769 1423 864 impetu
1451 770 1494 844 ad
1522 768 1617 854 illius
1657 770 1943 865 expuguationem

392 891 547 966 universo
574 891 643 966 fere
671 892 724 966 die
760 913 872 966 cassos
908 893 1039 969 labores
1068 891 1252 986 impendit,
1281 895 1316 965 et
1343 891 1407 966 loci
1436 891 1558 965 natura
1584 893 1619 965 et
1645 893 1737 981 arte,
1775 891 1943 965 militum-

389 1035 453 1106 que
482 1035 592 1102 manu,
621 1014 761 1087 conatus
789 1013 884 1086 illius
910 1014 1108 1087 frustrante.
1138 1013 1310 1087 Inclinato
1336 1012 1472 1086 tandem
1502 1011 1569 1086 iam
1590 1011 1655 1102 die,
1687 1035 1762 1087 cum
1790 1012 1944 1107 insignes

390 1133 519 1208 milites
545 1134 756 1228 expugnatio
783 1133 973 1208 huiusmodi
1011 1137 1072 1208 aut
1099 1133 1362 1228 absumpsisset,
1401 1135 1461 1208 aut
1497 1133 1698 1208 confecisset
1733 1133 1944 1223 vulneribus,

391 1254 489 1348 signo
516 1255 594 1328 dato
623 1255 782 1349 receptui,
812 1254 908 1328 illam
937 1255 1014 1348 plus
1042 1254 1210 1328 dedecoris
1245 1257 1281 1329 et
1307 1254 1421 1328 darnni
1449 1277 1550 1348 quarn
1577 1254 1725 1329 vilitatis
1751 1277 1794 1330 ex
1823 1277 1863 1329 ea
1890 1277 1943 1328 re-

392 1375 513 1464 ferens,
543 1375 668 1449 omisit.
697 1375 895 1470 interpositi
923 1376 1058 1450 tandem
1086 1375 1167 1448 amit
1194 1397 1253 1468 per
1279 1397 1471 1450 corumunes
1498 1378 1640 1451 barones
1666 1399 1726 1471 pro
1753 1397 1835 1470 pace
1853 1377 1943 1451 trac·

391 1498 484 1571 tatus
512 1495 603 1570 inter
628 1497 795 1572 bellantes
822 1499 856 1570 et
884 1497 1084 1570 dissidentes
1112 1497 1240 1582 Duces;
1270 1498 1305 1570 et
1332 1501 1408 1591 post
1437 1498 1551 1592 plures
1578 1497 1704 1592 fatigas
1730 1500 1765 1573 et
1798 1499 1942 1586 labores,

386 1619 455 1690 sub
482 1617 536 1690 bis
562 1618 696 1692 tandem
725 1617 982 1706 conditionibus,
1012 1615 1217 1690 Praemislao
1253 1617 1390 1691 Maioris
1426 1618 1586 1692 Poloniae
1613 1618 1698 1693 Duci
1734 1641 1854 1714 parum
1882 1619 1942 1692 ho·

394 1738 512 1828 nestis,
543 1761 609 1832 pax
635 1738 812 1813 convenit:
850 1739 888 1812 ut
915 1739 994 1810 Dux
1020 1737 1313 1814 Wratislaviensis
1329 1739 1516 1813 =Honricus
1543 1741 1583 1814 de
1610 1743 1720 1814 castro
1747 1739 1945 1814 Calissiensi

392 1862 551 1954 occupato
578 1861 674 1952 cedat
700 1861 735 1933 st
762 1859 849 1933 iilud
876 1859 1080 1933 Praemislao
1108 1860 1193 1934 Duci
1221 1860 1356 1934 Maioris
1375 1861 1533 1936 Poloniae
1553 1861 1690 1948 reddat;
1719 1862 1946 1937 Praemislaus

396 2003 473 2054 vero
501 1980 535 2054 in
563 1981 685 2076 oppido
712 1981 839 2056 Olobolr
867 1983 1013 2055 castrum
1042 1981 1113 2054 suis
1140 1982 1332 2076 sumptibus
1359 1981 1536 2074 aedificet,
1575 1985 1610 2056 et
1637 1983 1724 2056 illud
1751 2005 1827 2058 cum
1854 1983 1945 2078 regi·

394 2125 467 2192 one,
498 2125 584 2194 quae
612 2102 700 2176 circa
726 2103 853 2176 Olobolr
874 2101 1039 2192 consistit,
1060 2102 1205 2176 H‘enrico
1233 2102 1507 2179 Wratislaviensi
1535 2103 1618 2176 Daci
1640 2105 1662 2198 ¹)
1689 2105 1877 2199 consignet.
1903 2105 1945 2177 In

396 2222 485 2296 hunc
513 2225 644 2299 modum
674 2244 754 2318 pace
781 2223 944 2314 coniecta,
974 2222 1100 2297 obsidio
1127 2223 1239 2318 soluta
1256 2225 1319 2298 est.

393 2587 548 2662 denricua
575 2589 695 2662 Probas
723 2591 826 2663 muita
854 2595 965 2663 casira
993 2593 1026 2663 et
1053 2589 1171 2681 oppida
1198 2611 1237 2663 aa
1264 2590 1330 2662 alia
1357 2589 1442 2662 bona
1469 2589 1614 2682 episcopi
1644 2595 1678 2662 et
1696 2593 1864 2682 ecclesiae,
1885 2593 1946 2666 ele·

392 2713 483 2804 rique
510 2711 789 2785 wratislaviensis
815 2713 848 2785 vi
876 2714 964 2803 capit
991 2715 1025 2784 ei
1054 2711 1199 2786 decimae
1237 2731 1348 2784 onnes
1386 2713 1449 2784 sibi
1476 2713 1577 2784 tribui
1614 2713 1721 2785 iubet:
1759 2733 1947 2806 quaecum

392 2835 571 2925 requisitus
599 2833 863 2907 restitueremur
891 2837 992 2922 curet,
1020 2853 1076 2925 pro
1105 2853 1214 2907 eorum
1242 2834 1483 2924 recuperatione
1508 2833 1657 2924 synodus
1676 2835 1884 2926 provincialia
1902 2837 1947 2908 ab

853 2955 1096 3047 archiepiscopo
1124 2954 1302 3027 bremensi
1330 2955 1490 3028 indicitur.

375 3237 378 3242 ·
498 3195 627 3271 Guerra
652 3195 801 3270 humana
828 3199 863 3271 et
889 3195 1016 3288 sociali,
1045 3195 1126 3271 licet
1153 3195 1330 3270 admodum
1359 3195 1538 3271 temerarie
1574 3199 1609 3271 et
1636 3196 1781 3289 iniusta,
1820 3197 1947 3274 Henri·

394 3337 453 3392 cus
479 3316 772 3395 Wratislaviensis
799 3318 888 3410 Dux,
918 3319 1046 3393 Probus
1072 3319 1267 3413 appellatus
1296 3341 1355 3412 per
1382 3317 1619 3414 antiphrasim,
1649 3340 1724 3392 cum
1752 3319 1806 3393 illi
1834 3319 1947 3414 magis

395 3437 593 3534 improbitas
619 3437 823 3532 conveniret,
852 3440 1061 3534 perfunctus,
1098 3440 1141 3514 ad
1168 3440 1368 3535 sacrilegam
1395 3442 1430 3516 et
1458 3441 1566 3534 inagis
1594 3440 1846 3532 detestabilem,
1875 3441 1948 3517 sive

394 3561 511 3656 pectus
538 3583 649 3635 rorum
676 3561 812 3635 avidum
838 3562 873 3636 et
901 3560 1105 3654 insatiabile,
1143 3561 1213 3638 sive
1241 3561 1379 3637 indatus
1407 3562 1585 3657 plusquam
1613 3562 1762 3637 huruuua
1788 3562 1948 3657 superbia

395 3684 431 3756 et
457 3681 548 3756 fastu
576 3681 710 3757 animus
737 3682 771 3756 id
791 3685 962 3775 causabat,
983 3705 1076 3757 arma
1103 3683 1207 3758 vertit
1234 3686 1268 3758 et
1295 3683 1461 3759 notabiles
1488 3683 1706 3778 pecuniamm
1734 3705 1883 3759 summas
1909 3686 1948 3758 et

396 3803 632 3879 subventiones
659 3825 680 3879 a
706 3805 834 3879 Thema
860 3804 1014 3899 episcopo
1049 3807 1085 3881 et
1111 3807 1199 3880 clero
1227 3803 1499 3881 Wratislaviensi
1527 3804 1590 3880 sibi
1618 3805 1690 3880 dari
1712 3804 1832 3880 stricto
1850 3827 1947 3880 man·

395 3925 474 4000 dato
501 3924 699 4020 imperavit:
728 3947 915 4019 quaecum
943 3928 1302 4021 naupraestarentuv,
1331 3948 1456 4021 magna
1483 3926 1573 4000 iuria
1599 3927 1705 4018 actus,
1726 3925 1948 4000 Othmuchovv

395 4049 543 4120 emirum
571 4045 759 4142 episcopale
786 4047 943 4142 primum,
972 4047 1091 4123 deinde
1118 4049 1276 4142 oppidum
1304 4048 1405 4122 Nissa
1432 4047 1592 4123 ecclesiae
1628 4047 1729 4142 cepit.
1775 4049 1821 4122 Et
1847 4047 1947 4140 quasi

393 4190 434 4242 ea
460 4189 564 4263 parva
589 4171 712 4261 essent,
742 4169 891 4242 ornnium
919 4169 1063 4244 aliorum
1090 4173 1288 4261 castrorum,
1317 4169 1511 4265 oppidorum
1539 4171 1574 4243 et
1601 4167 1770 4261 villarum,
1798 4191 1885 4262 quae
1903 4170 1947 4244 ad

397 4289 588 4384 episcopum
616 4289 929 4367 Wratislaviensem
970 4296 1031 4366 aut
1066 4291 1138 4366 eius
1174 4293 1301 4365 olerum
1337 4291 1571 4385 pertinebant,
1608 4290 1852 4385 possessionem
1888 4312 1949 4385 per

396 4410 565 4484 satellites
591 4431 679 4502 suos,
708 4411 862 4506 expulsis
890 4412 967 4486 inde
994 4412 1175 4487 tenutariis
1211 4414 1245 4485 et
1272 4411 1475 4487 officialibus
1502 4411 1750 4507 episcopalibus
1776 4413 1812 4486 et
1839 4412 1947 4486 eccle·

397 4531 557 4624 siasticis,
585 4532 829 4626 apprehendit;
857 4533 1004 4608 decimas
1031 4533 1168 4628 insuper
1197 4533 1369 4608 universas
1396 4533 1431 4606 in
1459 4555 1518 4607 suo
1545 4531 1741 4627 Principatu
1769 4533 1948 4626 (quaesoli

395 4651 465 4727 Deo
493 4652 527 4726 iu
555 4651 692 4748 signum
718 4653 921 4729 universalis
956 4655 1096 4728 dominii
1122 4657 1306 4729 noscuntur
1332 4657 1536 4747 reservatae)
1575 4655 1637 4728 sub
1664 4653 1761 4748 gravi
1789 4653 1945 4728 intermi-

396 4773 533 4849 natione
560 4776 595 4848 et
621 4797 728 4870 poena
755 4774 855 4850 iussit
881 4775 945 4850 sibi
975 4776 1150 4870 praestari.
1189 4777 1346 4850 Habebat
1374 4775 1512 4869 insuper
1539 4774 1716 4868 episcopus
1743 4776 1779 4849 et
1805 4761 1948 4850 ecclesia

396 4895 688 4971 Wratislaviensis
714 4898 862 4972 castrum
902 4897 1063 4972 Edelsten
1078 4895 1106 4990 ²)
1149 4895 1185 4970 in
1220 4898 1313 4970 certa
1348 4919 1479 4970 surnma
1514 4895 1674 4990 pecuniae
1710 4895 1776 4970 sibi
1813 4896 1947 4991 pignori

395 5016 604 5111 obligatum:
633 5017 675 5091 ad
704 5017 789 5092 illud
816 5041 946 5112 quoque
973 5039 1111 5112 rapaces
1139 5040 1258 5091 manns
1285 5017 1491 5108 extendens,
1521 5017 1556 5090 in
1583 5039 1678 5092 suem
1706 5017 1840 5112 redegit
1866 5017 1946 5092 diti-

395 5160 504 5212 onem.
541 5139 606 5212 Tot
632 5138 893 5214 adversitatibus
931 5143 965 5214 et
992 5139 1279 5234 persecutionibus
1315 5141 1377 5214 sub
1412 5163 1479 5213 arno
1514 5141 1665 5234 tempore
1701 5139 1734 5212 in
1772 5141 1946 5215 ecclesiam

394 5258 711 5336 Wratislaviensem
739 5257 775 5333 in
801 5259 973 5335 cuiusdam
1001 5261 1213 5355 tempestatis
1240 5263 1275 5336 et
1303 5260 1468 5357 procellae
1495 5261 1628 5335 ruodvrm
1647 5261 1780 5354 coortis,
1800 5261 1946 5337 Thomas

505 5519 530 5612 ¹)
553 5524 629 5586 Daci
651 5525 729 5588 deest
751 5525 785 5586 ia
814 5521 886 5587 Ood.
909 5523 983 5586 Aut.
1009 5521 1035 5604 ⁹)
1058 5523 1220 5586 Eldenstem
1246 5525 1316 5589 Ood.
1339 5524 1412 5592 Aut.
1434 5522 1595 5588 Eudelslen
1618 5523 1678 5590 Ed.
1701 5525 1789 5606 Lapa.
