4192 6272
157 521 295 616 (11.1).
318 518 444 620 1287.)
769 545 880 596 erens
907 545 1100 598 ennomus.

184 938 354 1012 boloniae
381 938 449 1012 llex
474 938 575 1012 liliam
602 938 817 1010 bononorum
843 936 940 1028 degis
967 936 1058 1010 ducit
1085 956 1217 1010 uxoren
1245 942 1279 1012 ol
1307 957 1451 1012 sororem
1479 958 1573 1012 anan
1601 941 1672 1014 olus

815 1057 884 1130 illio
913 1059 1052 1150 copulat.

264 1297 377 1373 Tertio
404 1299 519 1372 Nonas
546 1297 639 1389 Iulii,
668 1296 888 1374 Wenceslaus
915 1297 1097 1372 Bohemiae
1115 1299 1193 1372 Dux
1226 1299 1380 1372 Iuttharn
1400 1299 1424 1394 ¹)
1452 1298 1559 1374 filiam
1577 1302 1705 1376 Rudol-

25 1462 29 1469 -
157 1418 219 1512 phi
247 1419 473 1493 Romanorum
501 1418 608 1512 Regis
634 1420 670 1493 et
697 1417 804 1511 patris
832 1417 884 1491 sui
913 1417 1067 1493 Oltolrari
1095 1417 1260 1511 occisoris,
1289 1441 1390 1512 quam
1409 1421 1609 1497 necessitato
1626 1423 1705 1498 duc·

158 1541 220 1611 tus
245 1539 369 1612 dudum
412 1539 683 1632 desponsaverat,
725 1538 848 1632 accipit
888 1560 1036 1629 uxorem,
1078 1541 1113 1613 et
1153 1562 1212 1633 pro
1252 1540 1330 1614 doto
1368 1541 1461 1636 Egra
1500 1541 1620 1617 ciuitas
1655 1542 1709 1616 illi

155 1659 384 1753 aRudolpho
412 1658 547 1752 pignori
575 1659 656 1733 data
683 1660 746 1733 ost.
785 1659 936 1733 Sororem
965 1681 1040 1732 vcro
1066 1681 1161 1733 suam
1189 1661 1368 1754 Rudolpho
1395 1661 1618 1756 primogenito
1633 1663 1707 1738 filio

155 1779 304 1872 praefati
331 1779 505 1872 Rudolphi
533 1780 759 1854 Romanorum
787 1777 893 1872 Regis
919 1802 1016 1853 uersa
1043 1778 1112 1854 uice
1139 1779 1297 1854 traditio
1317 1784 1513 1856 consortem.
1542 1783 1663 1856 Iuttha
1679 1783 1707 1877 ²)

157 1897 353 1974 Wenoeslai
380 1898 527 1974 coniunx
554 1898 624 1973 uiro
652 1898 792 1988 cautior,
821 1897 1028 1990 inimicitias,
1044 1922 1129 1992 quae
1156 1899 1244 1974 inter
1270 1901 1506 1977 Woncoslaum
1524 1901 1707 1978 Bohemine

156 2019 286 2113 Regem
322 2020 358 2092 ot
392 2019 571 2095 Albortum
607 2020 833 2094 Rornanorum
873 2022 1170 2113 consurrexerant,
1210 2044 1331 2116 magno
1367 2023 1480 2098 laboro
1495 2019 1521 2116 ³)
1558 2022 1705 2118 interpo-

159 2137 225 2212 sito
253 2139 401 2215 diremit.
1389 2175 1391 2178 ’

617 2513 825 2626 ANNUS
864 2511 1090 2626 DOMINI
1125 2511 1263 2626 1287.

155 2779 346 2878 llirlrirtu
374 2783 408 2852 cl
434 2783 578 2854 centron
606 2781 747 2869 lllololr,
775 2779 861 2872 qood
893 2799 935 2854 ex
962 2780 1062 2854 cortis
1097 2781 1204 2871 poclis
1238 2782 1271 2853 ln
1306 2783 1403 2855 llooia
1429 2782 1707 2858 wratislaviensis

199 2898 357 2974 dilionon
384 2904 538 2990 macerat,
565 2900 693 2974 llciorir
720 2901 873 2976 Poloniao
901 2901 1032 2990 militar,
1060 2901 1245 2976 inconsulto
1271 2903 1356 2976 noco
1375 2921 1444 2993 ruo,
1464 2908 1663 2996 recuperant.

260 3138 446 3215 Maximum
472 3141 508 3214 et
534 3140 701 3216 notorium
728 3141 869 3218 dedecus
885 3143 1000 3236 (prout
1018 3143 1104 3238 erat)
1124 3142 1252 3219 milites
1267 3143 1404 3219 Maioris
1422 3143 1580 3220 Poloniao
1592 3145 1660 3220 rati
1667 3146 1705 3240 ⁴),

156 3263 245 3352 quod
271 3259 439 3338 Henricus
467 3264 608 3354 quartus
634 3261 928 3338 wratislaviensis
968 3264 1046 3337 Dux
1082 3287 1142 3358 pro
1169 3265 1384 3341 restitutione
1411 3265 1625 3342 Calissiensie
1650 3288 1707 3358 ca·

39 3445 46 3452 ,
156 3381 231 3473 stri,
260 3383 348 3473 quod
374 3403 435 3458 suo
462 3383 609 3458 tractatu
636 3385 672 3459 at
698 3383 948 3475 blandimentis,
966 3384 1344 3479 pollicitationibusque,
1372 3387 1491 3462 fraude
1517 3409 1594 3462 nero
1621 3389 1706 3462 San·

156 3501 291 3596 diuogii
319 3501 383 3576 lilii
410 3502 573 3578 Iohannis
600 3503 745 3598 palatini
775 3503 1014 3580 Posnaniensis
1041 3504 1275 3599 interceperat,
1296 3505 1488 3582 districtum
1507 3509 1542 3582 ot
1560 3510 1707 3584 castrum

75 3705 85 3718 ἱ
156 3623 285 3698 olobok
312 3625 506 3718 occupabat,
536 3623 667 3698 iniussu
694 3624 797 3699 Ducis
824 3625 876 3698 sni
904 3625 1100 3700 Praemislai
1127 3625 1264 3702 Maioris
1291 3627 1461 3718 Poloniao,
1490 3629 1706 3724 110101ςωί-

155 3766 212 3833 ne,
241 3743 325 3818 illuc
351 3731 400 3817 iro
428 3746 585 3838 pergunt.
614 3745 661 3818 El
687 3745 740 3820 dio
768 3749 889 3836 quarta
916 3745 1045 3820 decima
1071 3747 1197 3821 mensis
1233 3746 1344 3839 Iunii,
1381 3749 1529 3822 castrum
1565 3751 1705 3842 Olobok,

154 3864 242 3954 quod
270 3886 313 3938 en
341 3863 532 3940 conditione
560 3865 703 3940 foederis
731 3865 956 3941 Przomislaus
982 3866 1119 3942 Maioris
1147 3867 1305 3942 Poloniao
1331 3869 1411 3942 Dux
1438 3869 1619 3945 aedificare
1645 3893 1705 3946 suo

153 3985 293 4077 sumptu
320 3986 455 4060 coactns
482 3986 604 4077 fuerat,
633 4008 830 4080 expugnaro
856 3987 977 4078 adorti,
1006 3987 1138 4080 aliquot
1164 3988 1205 4063 do
1231 3987 1302 4063 suis
1328 3987 1547 4080 desideratis,
1576 3989 1707 4082 aliquot

153 4103 350 4194 vulneratis,
380 4126 505 4200 magna
531 4105 564 4180 ri
591 4109 626 4181 ob
652 4106 865 4182 contentione
893 4107 1108 4200 conquirunt.
1155 4109 1200 4182 Et
1227 4108 1400 4184 nonnullis
1436 4108 1605 4184 militibus
1631 4111 1703 4186 Sla-

153 4223 235 4313 siae,
264 4223 322 4314 qni
350 4224 434 4300 illuc
461 4247 520 4318 pro
548 4226 713 4320 praesidio
740 4225 892 4320 erant⁶),
921 4225 1119 4319 trucidatis,
1162 4230 1310 4304 caemros
1348 4251 1463 4304 omnes
1500 4229 1537 4304 in
1572 4229 1707 4304 vincula

153 4342 347 4434 coniiciunt,
377 4346 510 4419 ettam
537 4349 684 4420 castmrn
712 4347 839 4422 Olobok
866 4368 968 4440 qnam
995 4347 1186 4423 districtum
1206 4349 1287 4440 eius,
1309 4349 1397 4442 quod
1415 4349 1581 4426 Hernicus
1604 4373 1705 4444 quar·

154 4465 211 4538 tus
237 4486 297 4538 suo
324 4464 599 4540 Wrotislcvienai
627 4467 773 4541 Ducatui
800 4467 926 4542 iniuste
953 4471 1181 4560 annexuerat,
1211 4469 1246 4542 in
1274 4469 1420 4563 priscam
1447 4471 1611 4546 reducunt
1637 4473 1705 4546 for·

158 4605 260 4674 mam,
288 4586 323 4658 et
350 4605 431 4660 errae
459 4585 659 4678 prouinciae,
680 4609 805 4680 suoque
832 4588 968 4662 Maioris
986 4589 1145 4664 Poloniao
1163 4589 1374 4684 Principalui
1392 4590 1591 4666 restituunt.
1622 4595 1706 4668 Eam

154 4705 270 4777 autern
298 4704 577 4794 conquisitionem
604 4706 668 4782 etsi
694 4707 863 4784 Henricus
898 4711 1039 4802 quartus
1066 4710 1357 4785 Wratislauionsis
1392 4712 1471 4784 Dux
1507 4713 1623 4790 acerbe
1650 4715 1705 4787 tu·

155 4823 264 4915 lissot,
295 4823 474 4918 missisque
500 4827 543 4900 ad
569 4827 813 4902 Praemislaunr
840 4830 976 4905 Maioris
1004 4830 1162 4905 Poloniao
1189 4833 1315 4906 Ducem
1342 4831 1529 4923 socialibus,
1558 4834 1703 4908 castrum

155 4947 190 5020 at
217 4944 410 5020 districtum
439 4946 566 5022 Olobok
594 4947 658 5022 sibi
686 4949 779 5023 reddi
807 4950 974 5045 petiisset,
1003 4951 1207 5028 Przornislao
1222 4951 1250 5046 6)
1264 4951 1527 5028 ¹restitutionem
1555 4955 1703 5029 abnuen-

262 5251 285 5330 ¹)
307 5255 466 5318 Bohemine
487 5257 550 5318 Rex
581 5257 727 5320 Iudilham
759 5259 819 5321 Ed.
842 5259 928 5336 caps.
963 5257 1129 5338 ”liuditha
1158 5261 1221 5324 Ea.
1243 5263 1331 5339 laps.
1368 5259 1395 5342 ³)
1417 5263 1518 5324 labore
1550 5268 1581 5324 et
1607 5263 1705 5324 studio

155 5356 227 5523 god.
250 5357 344 5419 Roar.
373 5355 400 5438 ⁴)
422 5362 479 5422 rati
502 5378 567 5423 osse
590 5361 650 5424 Ed.
681 5361 769 5444 Lipa.
817 5359 843 5445 ⁵)
876 5365 972 5426 relicti
995 5371 1079 5430 erant
1111 5363 1182 5432 God.
1205 5367 1298 5431 Rorr.
1337 5363 1363 5446 6)
1385 5366 1562 5430 Praemislao
1589 5366 1706 5430 tandem

181 5459 228 5520 cd.
253 5461 346 5524 Roar.
