4192 6272
989 511 1100 564 nnana
1127 511 1321 566 snrrrmns.
1663 493 1727 587 (Α.
1748 493 1793 570 D.
1815 493 1935 590 1294.)

841 936 1050 1051 ANNUS
1085 937 1312 1052 DOMINI
1349 939 1490 1055 1294.

379 1185 534 1260 litbcnen
560 1187 631 1260 llux
657 1185 847 1262 litbuanice
875 1188 1060 1261 banniolum
1088 1188 1292 1263 clandestino
1319 1190 1498 1280 ingressus,
1527 1191 1702 1264 eeclesiam
1721 1193 1929 1284 collegiatam

379 1308 511 1399 spoliet,
538 1307 751 1401 domibusque
778 1309 919 1382 incensis
946 1313 981 1382 ct
1009 1309 1121 1382 eadem
1141 1312 1280 1383 ccclesia
1299 1311 1529 1403 conteguntur.
1558 1312 1663 1386 dende
1681 1317 1791 1385 autcnn
1809 1315 1932 1404 ingenti

378 1427 476 1518 edita,
504 1429 579 1502 dnm
607 1448 680 1502 cnm
707 1428 826 1521 praeda
849 1430 976 1520 rediret,
996 1433 1117 1522 proelio
1138 1436 1290 1505 conserto
1311 1453 1382 1504 cunr
1407 1453 1455 1521 eo,
1472 1433 1654 1532 lionimirun
1672 1435 1743 1507 llnn
1761 1435 1930 1508 lnnoioiuo

378 1552 554 1625 occiditur:
583 1553 636 1625 cul
663 1553 696 1640 in
713 1553 839 1624 lincoln
858 1554 1057 1626 lanciciensi
1085 1572 1258 1645 germanus
1286 1573 1367 1627 enne
1394 1542 1592 1629 wladislaus
1619 1556 1746 1630 inintelr
1773 1555 1922 1629 succedit

481 1795 557 1868 Non
584 1794 693 1870 deluit
719 1796 754 1870 et
780 1795 843 1869 hoc
869 1818 956 1869 anno
994 1794 1108 1869 diuina
1140 1795 1350 1890 indignatio,
1380 1820 1440 1892 par
1475 1797 1601 1872 rabiem
1638 1797 1845 1874 barbaricam
1874 1799 1930 1873 de-

376 1915 529 1991 saeviens
555 1915 590 1990 in
618 1917 771 1992 Paiones.
798 1917 967 1992 Vitlrenen
1004 1918 1092 1992 enim
1120 1917 1324 1994 Lithuaniae
1365 1921 1441 1992 Dux
1477 1942 1553 1994 cnm
1589 1919 1684 1994 mille
1725 1920 1931 2016 octingentis

376 2037 547 2130 equitibus
568 2037 602 2132 ¹),
631 2061 674 2112 err
700 2037 900 2130 Illibanum,
928 2039 1111 2114 Pruthenis
1145 2042 1180 2114 et
1207 2041 1393 2134 Snnmgiiis
1420 2041 1588 2132 cellectisr,
1617 2042 1653 2116 in
1682 2043 1930 2117 loancieiensem

377 2164 502 2236 terram
530 2160 694 2254 impetum
723 2159 814 2234 iecit.
841 2159 947 2254 Quem
975 2161 1054 2234 dum
1082 2161 1168 2235 laria
1195 2161 1316 2253 quinta
1343 2164 1558 2238 Pentecostes
1585 2186 1645 2259 per
1671 2166 1775 2238 silvas
1804 2167 1840 2238 ei
1868 2187 1925 2238 ne-

377 2307 479 2376 mora,
508 2284 600 2358 Duce
626 2283 794 2357 Maeoniae
820 2283 977 2357 Boleslen
1004 2284 1224 2377 permittente
1251 2287 1286 2358 et
1313 2285 1470 2376 favente,
1498 2287 1568 2360 mon
1606 2287 1727 2361 silenti·
1750 2289 1785 2362 et
1813 2286 1928 2382 igneio

377 2406 524 2502 agmine,
553 2407 593 2478 nt
620 2404 789 2498 quoslibet
817 2407 1069 2498 proetereuntes
1098 2406 1268 2496 fallerent,
1299 2406 1442 2502 ingressi
1470 2407 1628 2499 luissent,
1649 2407 1794 2504 primum
1813 2409 1858 2482 ad
1876 2430 1928 2481 ee·

375 2529 513 2605 alesiam
550 2527 764 2622 collegiatam
792 2525 1043 2601 Laneieiensem
1072 2531 1263 2618 accurrunt,
1293 2528 1476 2623 populique
1504 2528 1681 2620 uariosque
1708 2551 1811 2604 sexus
1830 2552 1925 2624 prae-

374 2651 532 2742 sentiam,
561 2649 618 2742 qui
648 2649 730 2722 illuc
757 2647 870 2742 gratia
897 2648 1086 2722 celebrandi
1114 2649 1193 2723 festi
1222 2651 1441 2740 conduxerat,
1470 2653 1530 2724 aut
1557 2652 1741 2740 trucidant,
1770 2654 1831 2726 arri
1850 2673 1927 2744 aep-

374 2775 504 2861 tirant;
534 2773 714 2866 praelatos,
743 2770 920 2844 aanorricos
946 2771 981 2843 eb
1008 2771 1196 2845 sacerdotes
1228 2772 1361 2844 Donrini
1391 2773 1630 2846 miserabiliter
1656 2775 1843 2868 captivant,
1872 2796 1927 2846 re·

373 2898 442 2970 stes
470 2915 593 2984 sacrae,
621 2914 703 2967 rasa
730 2894 765 2965 et
792 2892 943 2966 clenodia
962 2891 1138 2985 diripiunt,
1167 2895 1327 2983 caeteros,
1357 2894 1415 2984 qni
1443 2895 1484 2967 ud
1513 2894 1687 2969 eeclesiam
1706 2896 1930 2989 confregerant

374 3021 409 3093 ei
436 3017 470 3092 in
498 3017 561 3090 illu
588 3037 624 3089 se
651 3013 797 3088 uiriliter
823 3014 1045 3088 defensabant
1059 3013 1108 3107 Ἰ),
1137 3014 1257 3088 uicinis
1283 3015 1435 3090 decoribus
1471 3039 1558 3109 quae
1585 3017 1757 3092 ecelesiam
1785 3017 1926 3091 circum-

374 3141 479 3230 stant,
508 3137 666 3228 incensis,
696 3136 732 3210 in
759 3135 935 3210 eeclesiam
963 3135 1214 3211 Lanciciensem
1251 3137 1441 3214 incendium
1479 3138 1722 3230 inferentibus,
1762 3139 1928 3213 suffocant

373 3264 408 3338 et
435 3260 669 3356 exstinguunt.
714 3257 767 3332 Ad
795 3281 874 3332 rure
901 3257 1020 3332 deinde
1048 3259 1082 3331 et
1109 3258 1199 3333 nicos
1239 3259 1450 3350 discurrunt,
1488 3262 1524 3334 et
1551 3262 1674 3355 praeda
1710 3261 1857 3356 plurime
1884 3283 1927 3332 er

371 3383 564 3460 homiuibus
592 3384 627 3455 et
654 3403 770 3476 pecore
797 3382 1000 3474 conopaeum,
1029 3379 1134 3455 citato
1162 3401 1261 3456 eursu
1289 3383 1454 3456 redibant.
1491 3383 1566 3457 Non
1594 3383 1678 3457 tulii
1704 3385 1739 3458 et
1765 3405 1863 3456 snam
1891 3382 1925 3454 et

371 3507 486 3602 gentis
514 3528 593 3580 surae
620 3504 849 3581 solennitatem
879 3503 1074 3577 Karimirns
1100 3503 1328 3579 Laneieieneis
1356 3483 1445 3596 Dur,
1474 3506 1532 3580 sed
1559 3527 1633 3580 cum
1654 3505 1801 3600 singulis
1817 3509 1928 3579 terme

372 3627 601 3704 Lancicienais
642 3627 809 3701 militibus
846 3627 1002 3700 barbares
1038 3626 1192 3719 persequi
1229 3626 1350 3720 coepit.
1396 3626 1485 3720 Quos
1512 3649 1587 3701 cnm
1615 3627 1649 3700 in
1679 3629 1803 3702 Zulrmr
1830 3626 1925 3714 uilla,

370 3773 473 3845 prope
500 3750 658 3844 oppidum
687 3749 881 3822 Sochaencw
910 3769 1012 3841 snpra
1039 3746 1177 3822 florium
1206 3748 1335 3822 Bsnnrn
1362 3748 1430 3822 siba
1445 3746 1484 3842 ³),
1514 3749 1695 3823 secundum
1724 3748 1811 3823 clins
1838 3747 1927 3822 cirne

370 3873 487 3948 villam
516 3873 707 3966 Troyarrerr,
736 3871 932 3944 censecutos
959 3868 1099 3961 fuisset,
1129 3870 1299 3963 proncitaia
1335 3871 1387 3943 sui
1424 3870 1572 3964 agroinis
1599 3873 1634 3946 et
1660 3871 1778 3944 hostili
1807 3868 1924 3942 multi·

370 3995 488 4069 tudine
516 3994 653 4067 minime
681 3994 834 4087 pensata,
863 3991 899 4064 in
926 3993 1084 4065 barbaros
1112 3991 1224 4066 irruit.
1252 3993 1298 4065 Et
1324 4015 1449 4086 magna
1475 3995 1591 4087 strage
1617 3993 1719 4084 edite,
1741 3992 1926 4083 multisque

370 4115 515 4211 captivis
542 4138 603 4210 per
630 4115 747 4209 lugam
775 4114 925 4188 fervente
962 4113 1089 4207 praelio
1117 4112 1263 4207 elapsis,
1292 4135 1312 4186 a
1339 4114 1559 4189 rnrrltitndine
1595 4113 1769 4190 barbarice
1804 4113 1924 4203 rietus,

369 4237 568 4328 succumbit,
596 4239 632 4312 et
658 4237 747 4310 inter·
774 4234 1042 4310 coinsertissirncs
1057 4236 1085 4329 ⁴)
1112 4236 1226 4308 hostes
1252 4235 1476 4310 audacissime
1504 4237 1593 4311 inter
1611 4236 1736 4330 primos
1756 4256 1923 4330 pugnans,

368 4361 514 4436 nobilem
540 4358 669 4452 exeipit
696 4358 846 4431 mortem.
873 4356 943 4451 Quo
970 4357 1152 4448 occidente,
1180 4357 1264 4452 fuga
1292 4357 1417 4451 passim
1446 4381 1505 4451 per
1532 4358 1675 4433 Polenns
1704 4357 1776 4431 lieri
1804 4359 1924 4450 coepta

369 4484 432 4574 est,
461 4485 497 4556 et
523 4481 638 4576 plures
666 4503 709 4554 err
738 4478 883 4569 Pedonis,
914 4480 992 4552 dum
1021 4467 1161 4552 inertem
1189 4479 1364 4554 honestam
1391 4479 1525 4571 vitent,
1556 4479 1591 4553 in
1619 4481 1762 4554 moriem
1790 4481 1923 4571 turpem

368 4604 522 4678 incidunt
549 4604 584 4676 et
612 4601 645 4675 in
674 4601 810 4675 fluonine
851 4602 989 4691 Bsnnm,
1028 4602 1119 4674 ultra
1159 4602 1246 4694 qonod
1287 4604 1474 4695 pugnatum
1510 4603 1583 4694 est,
1611 4600 1709 4694 equis
1737 4601 1815 4694 pius
1841 4601 1923 4672 tuna
1959 4653 1970 4672 .

367 4726 468 4801 solito
495 4747 538 4800 ex
565 4723 728 4798 imbribus
756 4723 896 4814 iniistis,
926 4725 1202 4818 submerguntur.
1231 4723 1392 4797 Lithnani
1422 4726 1457 4798 ei
1485 4724 1607 4818 praeda
1633 4726 1669 4798 ei
1694 4722 1836 4798 uictoria
1863 4745 1921 4815 pn·

366 4848 436 4940 titi,
464 4870 538 4923 eam
565 4849 647 4922 tune
673 4869 715 4920 ex
742 4845 887 4940 capaticis
914 4844 1050 4919 Polonie
1087 4845 1244 4940 praedam
1281 4848 1479 4920 asseruntur
1519 4845 1695 4934 retulisse,
1728 4845 1767 4918 ut
1795 4843 1923 4918 colibet

365 4971 506 5046 barbaro
533 4968 657 5064 uiginti
684 4967 869 5042 Christiani
898 4967 1016 5041 Polcni
1045 4966 1079 5040 in
1107 4969 1196 5042 sorte
1222 4967 1396 5042 cesserint.
1442 4967 1518 5042 Non
1545 4966 1686 5058 reliquit
1723 4965 1918 5040 Kaiimirns

365 5091 596 5167 Lancicisnsis
636 5092 715 5165 Dux
755 5089 902 5183 aliquem
944 5089 1183 5184 superstitem,
1212 5091 1351 5184 propter
1392 5089 1479 5183 quod
1516 5089 1768 5166 Laneieiensem
1795 5090 1921 5164 terram

475 5393 498 5472 ¹)
521 5395 662 5454 militibus
685 5393 744 5454 Ee.
769 5387 854 5469 Lipe.
880 5389 906 5468 α)
929 5391 1127 5453 defendebant
1141 5389 1212 5454 cod.
1229 5392 1321 5454 Roer.
1346 5389 1373 5470 ³)
1395 5391 1493 5454 anra
1516 5391 1603 5456 sitnm
1620 5390 1680 5452 Ed.
1697 5385 1783 5468 lips.
1807 5385 1834 5468 ⁴)
1850 5407 1919 5450 con·

364 5499 540 5562 lentissimae
563 5504 594 5560 et
615 5499 724 5574 primns
747 5497 807 5558 Ed.
831 5498 919 5574 Iope.
