4208 6282
152 533 206 646 (Α
224 537 271 625 D.
293 533 400 646 1198.)
768 565 880 624 amna
906 566 1058 625 sarnus.
1618 545 1689 623 '151

149 882 305 956 lemanna
331 880 602 955 aledramnum
629 881 717 969 linx,
752 897 853 970 nepos
880 879 1041 969 defuncti,
1078 880 1252 952 investitur
1277 897 1333 970 par
1358 878 1553 951 lestkonem
1579 880 1692 953 libum

337 1003 370 1074 in
397 1002 632 1075 llaliczienrem
658 1003 825 1092 bocetum,
853 1020 926 1073 cum
954 1001 1041 1073 omni
1068 1001 1318 1074 llaliorieueium
1345 1019 1498 1073 moerore.

245 1243 385 1318 Plenam
421 1243 457 1316 et
491 1241 595 1317 castri
630 1243 666 1317 et
700 1241 807 1316 totins
843 1241 1068 1316 Halicuiensis
1102 1241 1253 1316 Ducatus
1288 1241 1456 1316 Irestkone
1492 1243 1693 1317 Polonorum

148 1365 231 1438 Duce
259 1363 510 1458 possessionem.
530 1365 716 1454 consecuto,
753 1365 827 1437 tum
855 1363 988 1438 demum
1015 1362 1105 1438 inter
1131 1363 1367 1458 competitores
1394 1363 1434 1438 de
1461 1363 1593 1438 Ducatu
1619 1365 1691 1438 Ha-

146 1484 293 1560 licniensi
319 1485 464 1560 Bossiae
489 1485 599 1560 Duces
635 1484 671 1558 in
707 1484 813 1558 altius
851 1487 1020 1559 certamen
1047 1507 1101 1558 res
1128 1485 1242 1574 venit,
1279 1485 1418 1578 etpost
1444 1485 1548 1579 longa
1578 1485 1694 1579 litigia

145 1607 336 1681 interillos
363 1606 541 1696 ventilata,
580 1605 722 1681 caeteris
749 1629 770 1680 a
796 1605 965 1700 proposito
991 1606 1233 1698 resilientibus,
1270 1606 1361 1680 solus
1396 1606 1568 1680 Romanus
1594 1606 1693 1680 listl-

143 1728 270 1802 slauica
297 1727 585 1802 Wladimiriensis
611 1729 700 1820 Dux,
730 1728 852 1802 mortui
880 1728 1105 1803 Halioaiensis
1132 1728 1235 1802 Ducis
1262 1749 1365 1822 nepos
1392 1749 1584 1823 germanus,
1622 1729 1692 1802 Du·

144 1853 252 1924 catum
280 1849 528 1925 Halicniensem
564 1849 629 1924 sibi
666 1849 809 1924 conferri
844 1849 975 1923 ratione
1011 1852 1047 1924 et
1073 1851 1240 1944 respecta
1263 1849 1448 1944 multiplmi
1483 1850 1692 1945 deposcebat:

144 1971 234 2064 isque
254 1971 280 2065 ¹)
306 1974 455 2046 caeteros
489 1971 599 2046 Duces
634 1970 778 2045 Rosciae
805 1993 825 2045 e
852 1969 995 2064 petendo
1022 1971 1154 2045 Ducatu
1180 1969 1399 2062 Halicniensi,
1437 1974 1509 2045 tum
1546 1971 1693 2066 rogando

142 2096 175 2168 et
191 2093 434 2186 persuadendo,
463 2093 536 2166 tum
564 2092 718 2166 terrendo
745 2094 924 2167 auerterat.
952 2091 1052 2186 Apud
1078 2093 1204 2168 Ducem
1226 2113 1357 2186 quoque
1377 2093 1576 2167 Polonorum
1593 2093 1719 2168 beste-

142 2213 259 2289 lronem
288 2215 324 2288 et
350 2235 429 2288 suos
455 2213 664 2288 consiliarios
690 2213 727 2286 in
749 2213 900 2307 praefato
926 2213 1059 2288 Ducatu
1085 2213 1295 2289 Halicniensi
1322 2214 1464 2308 petendo
1492 2213 1692 2308 multiplici-

142 2338 201 2410 bus
219 2333 370 2430 ingeniis
388 2356 481 2425 usus,
510 2333 791 2428 supplicationem
818 2357 913 2409 suani
932 2333 1083 2426 quotidie
1110 2333 1205 2409 noris
1232 2333 1447 2410 adminiculis
1474 2335 1691 2424 subomabat‚

142 2457 292 2550 iniquum
320 2478 393 2532 esse
420 2457 596 2547 deducens,
626 2458 665 2530 ut
691 2455 805 2550 patrui
841 2455 994 2550 germani
1021 2455 1074 2530 sui
1100 2455 1271 2532 hereditas
1297 2457 1340 2530 ad
1367 2455 1483 2548 alium,
1522 2479 1622 2548 quam
1650 2456 1693 2530 ad

140 2601 174 2654 se
198 2579 413 2673 perventura,
443 2577 641 2672 ampliorem
668 2577 733 2651 sibi
761 2577 878 2652 mortis
905 2577 1017 2672 patrui
1044 2579 1196 2652 causaret
1215 2577 1380 2666 dolorem;
1408 2577 1576 2652 neminem
1594 2599 1691 2671 prae-

140 2703 230 2775 terea
247 2700 344 2790 adeo,
373 2700 412 2772 ut
430 2721 476 2789 se,
506 2699 662 2774 meritum
690 2697 779 2773 iuter
805 2699 925 2791 Duces,
954 2697 1007 2772 cui
1025 2697 1223 2774 beneficium
1250 2698 1338 2772 illud
1365 2697 1529 2793 praestari
1548 2719 1692 2789 aequum

139 2823 236 2912 esset,
266 2843 346 2896 cum
373 2821 495 2894 merite
522 2842 583 2895 sua
610 2821 645 2894 in
672 2820 831 2895 Poloniae
858 2822 984 2895 Ducem
1005 2821 1208 2896 lestkonem
1224 2819 1263 2915 Ἰ),
1291 2819 1441 2896 recentia
1466 2819 1632 2914 stigmata
1650 2820 1692 2894 ad

139 2943 366 3037 llosagauam
389 2943 536 3036 accepta,
565 2943 600 3016 at
628 2943 742 3036 plures
768 2941 820 3014 eui
848 2941 975 3016 milites
1002 2941 1074 3015 illic
1093 2941 1286 3034 desiderati,
1314 2941 1533 3017 testarentur.
1560 2939 1693 3015 Adiun-

138 3065 237 3156 gebat
263 3063 323 3136 bis
349 3063 460 3137 causis
487 3063 607 3154 minas,
636 3061 793 3137 iniuriam
821 3083 928 3154 auam,
957 3063 985 3136 si
1013 3085 1034 3138 a
1060 3064 1192 3138 Ducatu
1218 3061 1427 3138 Halicuiensi
1453 3063 1488 3138 et
1514 3063 1604 3137 sorte
1631 3084 1691 3157 pa·

138 3184 204 3258 trui
230 3185 482 3276 excluderetur,
511 3184 614 3258 armis
641 3187 676 3260 at
703 3185 792 3259 omni
820 3183 1054 3280 hostilitate
1082 3207 1118 3260 ee
1144 3184 1331 3260 uociferans
1358 3185 1522 3258 ulturum.
1559 3181 1691 3258 Diffici-

138 3306 179 3380 lis
205 3307 297 3402 apud
327 3307 531 3382 lestkonem
558 3307 760 3381 Polonorum
787 3308 913 3382 Ducem
939 3309 975 3382 et
992 3307 1200 3382 consiliarios
1226 3327 1304 3382 suos
1330 3306 1470 3382 huiusce
1495 3305 1544 3382 rei
1572 3305 1692 3382 decisio

136 3429 216 3519 risa,
245 3428 569 3504 consummationem
597 3428 693 3502 illius
711 3428 747 3502 in
766 3429 880 3522 plures
907 3428 977 3504 dies
994 3431 1072 3522 (sub
1091 3429 1213 3522 quibus
1239 3429 1319 3503 Dux
1345 3418 1519 3503 &mancas
1546 3427 1691 3502 submis-

137 3548 205 3623 sius
222 3571 259 3626 se
278 3571 414 3645 gerens,
443 3548 690 3625 Halicniensem
717 3549 884 3622 Ducatum
912 3572 978 3624 non
1006 3548 1088 3641 iure,
1117 3551 1175 3625 sed
1202 3549 1362 3645 precario,
1390 3549 1456 3624 non
1484 3549 1519 3623 in
1542 3548 1691 3644 proprie·

135 3672 239 3746 tatem
267 3674 306 3746 et
334 3671 488 3762 titulum,
516 3671 574 3746 sed
601 3671 637 3745 in
664 3670 932 3765 procurationem
951 3673 985 3746 et
1002 3671 1152 3766 regimen
1179 3673 1429 3765 temporaneum
1460 3669 1537 3745 sibi
1552 3671 1690 3766 petebat

136 3793 305 3888 mandari)
335 3793 499 3868 extraxit.
543 3794 649 3867 Nemo
677 3793 750 3868 erat
777 3815 820 3867 ex
847 3791 1049 3866 consiliariis
1084 3794 1305 3884 Polonorum,
1343 3792 1395 3866 cui
1422 3789 1507 3866 satis
1542 3791 1692 3886 placeret

134 3917 202 3988 tom
228 3915 435 3991 foecundum
462 3916 641 4006 Ducatum,
670 3915 821 3989 Romano
849 3915 970 4008 suapte
986 3915 1014 4008 ⁴)
1041 3913 1131 3988 inter
1156 3913 1334 3988 Rotbenos
1360 3912 1459 3988 diviti
1485 3916 1521 4018 et
1546 3911 1689 4008 potenti,

133 4059 175 4110 ne
200 4036 236 4111 ia
263 4035 460 4131 superbiam
487 4038 619 4110 erectus
645 4035 839 4110 calcitraret
864 4035 900 4109 et
925 4057 969 4109 ex
995 4035 1130 4110 subdito
1156 4035 1265 4109 hostis
1292 4034 1437 4110 infestus
1472 4032 1582 4126 fieret,
1611 4049 1689 4109 oon*

134 4157 223 4250 ferri,
253 4159 316 4234 sed
343 4159 513 4232 Ducatum
540 4157 652 4252 ipsum
679 4157 799 4251 Regno
826 4156 1039 4248 Polonorum,
1067 4157 1164 4232 velut
1190 4156 1310 4231 utilem
1337 4157 1373 4231 et
1398 4155 1498 4231 valde
1516 4175 1690 4260 perneces-

133 4279 260 4353 sarimn
275 4279 318 4374 5j,
350 4279 465 4373 plures
492 4279 677 4353 allaturum
704 4277 968 4368 commoditates,
997 4277 1117 4366 uniri;·
1139 4275 1401 4351 Halicniensium
1428 4275 1688 4371 insuperbaro·

132 4423 210 4474 num
237 4403 275 4477 et
304 4399 456 4474 militum
493 4403 528 4476 et
558 4399 704 4494 querelis
739 4401 775 4474 et
812 4399 966 4493 precibus
1003 4401 1232 4490 mouebantur,
1271 4398 1329 4492 qui
1365 4397 1429 4472 sibi
1466 4397 1627 4473 callidum
1655 4399 1690 4471 et

132 4521 349 4618 remipellem
376 4520 578 4615 Principem,
613 4520 707 4596 varia
733 4519 912 4616 tyrannide
939 4518 975 4593 in
1002 4542 1037 4595 se
1064 4541 1215 4612 usurum,
1244 4519 1317 4593 dari
1344 4519 1379 4593 et
1405 4517 1541 4614 praefici
1569 4518 1689 4594 abhor-

132 4647 262 4718 rebant
294 4635 492 4719 Offerebant
518 4644 693 4737 praeterea
719 4641 883 4717 Leetlroni
911 4641 1112 4717 Polonorum
1138 4640 1235 4733 Duci,
1267 4640 1297 4716 si
1324 4640 1361 4714 in
1386 4641 1529 4715 formam
1555 4640 1689 4736 prorius

131 4765 200 4842 eiae
226 4765 361 4842 redacti
388 4765 539 4840 Romano
566 4787 631 4839 non
659 4763 961 4855 eornmitterentur,
992 4762 1077 4854 auri,
1109 4761 1255 4858 argenti,
1284 4783 1503 4857 gemmarum,
1531 4762 1688 4855 restium,

131 4909 305 4984 equorum,
344 4889 445 4960 boum
473 4888 508 4960 et
533 4881 761 4961 armentorum
798 4885 924 4960 certam
959 4883 1186 4978 quantitatem
1213 4883 1311 4958 annia
1338 4882 1491 4990 singulis
1513 4889 1688 4980 pensuros.

130 5010 312 5086 novenam
332 4987 411 5081 ista
436 5008 637 5082 Lestkonem
666 5007 858 5101 Principem
885 5008 921 5080 et
947 5007 1147 5080 Polonorum
1174 5004 1403 5094 consiliarios;
1435 5005 1608 5100 respectus
1634 5005 1688 5080 ta·

130 5151 206 5205 men
233 5127 350 5206 futuri
377 5150 453 5203 cum
480 5128 644 5221 Romano,
682 5127 711 5202 si
739 5129 925 5203 refutatum
952 5127 995 5200 iri
1022 5147 1100 5202 suas
1132 5147 1246 5222 preces
1281 5125 1503 5221 contingeret,
1532 5124 1625 5218 belli,
1654 5126 1690 5201 et

236 5408 263 5490 ¹)
287 5410 405 5484 Hisque
428 5407 488 5470 Ed.
510 5407 606 5470 boor.
645 5406 725 5486 ⁹)in
746 5406 899 5470 Poloniam
929 5414 959 5469 et
988 5405 1100 5468 Ducem
1129 5405 1310 5469 Leszlronem
1339 5405 1483 5482 praestita
1509 5405 1570 5468 Ed.
1592 5405 1688 5470 Dobr.

131 5509 157 5594 ⁸)
177 5515 359 5589 hostilitate¹
380 5513 578 5589 facultateque
612 5511 683 5574 eod.
706 5513 799 5574 noer.
838 5508 865 5592 ⁴)
888 5513 961 5574 eatis
995 5512 1066 5574 dod.
1088 5513 1182 5576 Roar.
1222 5507 1248 5590 ⁵)
1270 5512 1467 5572 necessarium
1499 5509 1570 5572 Ood.
1593 5513 1686 5578 Reor.
