4208 6282
155 541 207 638 (Α.
227 539 275 616 D.
294 539 403 638 tiss.)
774 563 888 618 urana
913 562 1067 619 snxrus.
1624 545 1696 618 129

155 749 237 826 inter
262 751 446 848 Hungaros
473 751 509 827 et
536 751 678 827 Polonos
704 752 896 846 gerebatur,
932 750 1170 844 uidebaturque
1209 749 1398 829 dimicatio:
1435 751 1494 828 sed
1520 750 1585 827 soli
1612 773 1699 828 mer-

154 873 279 949 catores
307 875 342 948 et
368 873 519 969 agrestes
546 895 584 950 eo
611 875 859 968 premebantur,
897 895 1064 969 aegreque
1091 875 1293 950 Polenorum
1329 873 1457 950 milites
1492 874 1580 948 hanc
1607 873 1699 948 mili·

153 993 231 1070 tiam
258 995 295 1070 et
321 995 393 1070 eius
419 1017 558 1071 munera
585 994 733 1087 obibant,
771 997 927 1071 serebant
952 997 1108 1089 querelas
1134 998 1170 1073 et
1196 1018 1377 1088 murmura,
1414 1018 1480 1071 non
1507 995 1701 1090 legitimum

152 1116 276 1192 bellum
310 1117 437 1193 Ducem
473 1137 572 1192 suum
607 1117 820 1192 Karimirum
855 1138 930 1191 oum
966 1118 1085 1215 Regno
1119 1117 1229 1195 uicino
1256 1122 1292 1194 et
1317 1117 1424 1194 amico
1454 1140 1514 1212 pro
1540 1117 1637 1192 hoste
1663 1119 1700 1191 et

153 1238 328 1336 transfuga
353 1237 443 1314 nolli
469 1238 618 1334 partium
637 1239 660 1334 ¹)
687 1238 754 1314 tido
777 1239 973 1335 suscepisse.

318 1605 429 1679 dlerue
454 1605 609 1679 loloniae
636 1605 678 1679 ed
704 1606 819 1680 leuce
846 1607 984 1699 seuctm
1011 1603 1230 1678 detonsionem
1256 1603 1380 1678 tributa
1406 1604 1527 1697 pendit

251 1845 448 1923 Polonicam
474 1845 649 1923 ecclesiam
676 1846 829 1923 Glemona
860 1847 953 1941 Papa
987 1845 1110 1922 tertius
1137 1847 1174 1921 in
1201 1845 1359 1922 membris
1385 1847 1422 1923 et
1447 1845 1483 1921 in
1510 1845 1621 1942 capite
1648 1870 1699 1923 re·

151 1967 366 2060 formaturus,
395 1969 430 2043 et
456 1991 516 2063 pro
543 1967 704 2063 impensis
731 1969 774 2043 ad
800 1967 1042 2044 defendendam
1069 1969 1207 2044 Terram
1234 1968 1402 2060 Sanctam,
1441 1967 1536 2043 cuius
1563 1988 1699 2063 recupe-

149 2087 313 2164 rationem
341 2109 463 2184 magno
491 2089 608 2164 ardore
643 2090 786 2181 zelabat,
823 2089 1010 2164 subsidium
1042 2091 1177 2165 acloro
1203 2089 1361 2164 Polouiae
1389 2091 1615 2185 percepturus,
1645 2090 1706 2164 Io··

150 2209 295 2284 hannem
321 2209 533 2284 cardinalem
559 2209 756 2306 cognomine
782 2211 1004 2286 llalabranlra
1029 2210 1205 2286 Poloniam
1231 2209 1448 2285 transmittit.
1489 2209 1555 2303 Qui
1581 2210 1699 2286 tiroco-

149 2330 236 2406 dam
264 2330 414 2426 primum
445 2333 653 2426 perveniens,
682 2355 703 2406 a
728 2331 901 2407 Karimiro
933 2333 1025 2408 Duce
1052 2334 1087 2407 et
1113 2333 1261 2408 Falcone
1288 2333 1452 2428 episcopo,
1481 2331 1701 2426 omnibusque

149 2451 321 2527 ordinibus
348 2453 471 2541 honore
498 2453 719 2548 processionis
745 2455 918 2549 exceptus,
948 2455 1111 2549 synodum
1137 2454 1292 2529 omnibus
1319 2453 1508 2549 prouinciae
1525 2453 1699 2530 (incenan-

148 2573 390 2670 sieepiscopis
416 2575 618 2652 incivitate
646 2575 854 2653 (linconiensi
887 2575 1014 2651 indixit
1049 2578 1084 2652 et
1124 2575 1257 2671 aliquas
1292 2575 1551 2652 constitutiones
1578 2577 1621 2652 ad
1646 2598 1699 2652 re-

147 2695 361 2771 formandum
387 2698 514 2774 olerum
541 2698 781 2794 promulgarit,
809 2701 845 2774 ot
871 2699 943 2774 tam
978 2697 1156 2794 episcopis,
1195 2721 1297 2790 quarn
1331 2697 1485 2774 uniuerso
1521 2698 1609 2774 clero
1636 2721 1697 2792 pro

147 2816 401 2912 recuperatione
427 2818 549 2896 Terrae
576 2819 720 2896 Sanctae
747 2819 911 2894 decimam
938 2818 1111 2915 imposuit.
1153 2819 1254 2894 Hune
1280 2818 1475 2895 Kaaimirus
1501 2820 1701 2894 Polonorum

146 2937 225 3013 nux
251 2931 291 3015 at
316 2939 498 3018 llonarcha
524 2940 663 3019 comiter
689 2942 914 3038 pertractans,
943 2939 1133 3038 magnificis
1160 2940 1270 3035 illum,
1298 2941 1334 3018 et
1358 2962 1394 3018 se
1421 2939 1534 3038 dignis
1559 2939 1702 3016 honorat

146 3060 357 3140 muneribus.

143 3425 329 3502 lridericur
355 3427 585 3520 imperitaret
604 3427 675 3501 eius
702 3427 783 3502 item
809 3426 897 3501 llius
925 3426 1104 3502 lrideriene
1123 3429 1157 3502 in
1175 3427 1383 3522 expeditione
1410 3447 1467 3522 pro
1485 3427 1702 3523 recuperanda

275 3551 375 3624 lene
402 3550 522 3630 Sancta
549 3553 706 3642 susceptu
732 3549 940 3624 interierunt:
966 3550 1019 3624 lic
1045 3555 1147 3645 perte,
1174 3551 1230 3624 ille
1257 3551 1352 3646 equis
1379 3547 1567 3626 reuocetur.

248 3789 447 3867 Fridericns
474 3790 700 3866 Romanorum
727 3791 915 3886 Imperator
941 3791 1090 3866 atribus
1116 3789 1263 3866 Summis
1289 3791 1510 3868 Pontificibus
1536 3791 1699 3868 sollicita·

142 3913 207 4004 tus,
238 3915 452 4008 congregata
479 3913 608 4008 insigni
634 3915 670 3989 et
696 3913 827 4008 potenti
862 3912 989 3988 militia
1019 3915 1054 3989 et
1081 3913 1318 3989 innumerabili
1354 3913 1518 3989 nobilium
1554 3915 1589 3989 et
1624 3915 1700 3989 rul-

141 4032 279 4127 garium
309 4034 422 4126 turba,
460 4033 704 4128 gubernatione
730 4033 871 4129 Imperii
897 4034 1043 4110 Henrico
1070 4033 1142 4108 filio
1169 4033 1356 4126 commissa,
1393 4057 1454 4129 per
1480 4035 1699 4125 Pannoniam,

140 4153 349 4249 Bulgariam
375 4155 411 4230 et
437 4153 623 4247 Graeciam,
660 4159 731 4230 taru
764 4155 890 4248 nauali,
927 4177 1028 4249 quam
1063 4157 1218 4232 terrestri
1254 4155 1376 4232 itinere
1411 4177 1527 4233 uersus
1562 4157 1701 4232 Terram

141 4273 308 4350 Sanctam
345 4277 381 4351 et
412 4275 448 4349 in
474 4275 547 4352 eius
581 4277 866 4371 recuperationem
902 4276 1075 4371 processit.
1111 4277 1261 4370 itumque
1295 4277 1380 4351 mari
1408 4276 1444 4350 in
1471 4276 1595 4351 Stricto
1610 4277 1639 4370 ²)
1666 4277 1701 4351 et

140 4397 231 4490 apud
260 4393 473 4491 Sanctum&
500 4396 637 4492 Georgii
663 4397 838 4472 brachium
873 4399 1041 4492 superato,
1078 4397 1113 4471 in
1139 4397 1345 4489 Arrueniam,
1382 4396 1455 4472 tilio
1481 4396 1701 4492 Imperatoris

139 4517 319 4594 luderico
347 4517 439 4592 Duce
466 4517 607 4594 Suebiae
634 4517 670 4592 in
697 4519 808 4594 fronte
834 4519 1020 4594 exercitum
1047 4520 1276 4613 praecedente,
1305 4518 1547 4614 peruenissent,
1577 4519 1611 4593 et
1629 4540 1701 4592 ma·

138 4637 236 4714 rima
265 4661 349 4734 spes
375 4639 639 4734 recuperationis
666 4663 780 4715 ornnes
806 4640 980 4732 mulceret,
1013 4639 1188 4715 Dominioo
1215 4640 1269 4716 die
1295 4641 1495 4735 Imperator¹
1510 4638 1703 4715 Fridericus

137 4759 279 4837 sudores
310 4761 446 4836 loturus
482 4759 519 4834 in
545 4761 683 4837 flumine
697 4757 763 4856 4),Χ
784 4762 872 4855 quod
899 4763 942 4836 ub
968 4760 1087 4836 incolis
1113 4762 1254 4837 Fretum
1286 4763 1423 4837 uocatur
1449 4763 1567 4837 tenues
1594 4761 1702 4836 undas

137 4881 285 4976 habens,
318 4881 576 4978 prohibentibus
603 4907 679 4959 eum
706 4883 826 4958 multis
861 4883 1043 4976 descendit,
1080 4886 1116 4959 et
1142 4882 1254 4960 subito
1281 4882 1351 4959 sire
1378 4883 1543 4958 undarum
1569 4881 1702 4977 rapaci-

136 5006 222 5098 tate,
253 5003 334 5080 sire
362 5004 449 5096 quod
475 5003 695 5082 uerisimilius
721 5005 784 5098 est,
823 5005 935 5081 neruis
971 5004 1244 5102 frigescentibus,
1280 5003 1459 5096 militibus,
1497 5003 1556 5096 qni
1591 5025 1704 5078 seeum

137 5149 207 5203 nna
234 5126 275 5202 in
305 5125 435 5202 flumen
471 5127 721 5222 descenderant,
759 5126 981 5222 nequicquam
1016 5127 1292 5226 suffragantibus,
1320 5127 1503 5202 suffocatus
1528 5127 1592 5202 est.
1638 5125 1703 5202 su-

248 5405 275 5486 ¹)
299 5407 437 5483 Principi
458 5407 519 5468 Ed.
541 5405 637 5470 Dobr.
669 5403 696 5485 ⁹)
718 5407 792 5468 mari
814 5407 917 5469 aurete
942 5406 1004 5470 Eoi.
1022 5406 1117 5470 Dobr.
1148 5403 1175 5486 Β)
1199 5405 1300 5474 Sancti
1325 5400 1397 5470 Occi.
1418 5403 1512 5470 soar.
1545 5399 1572 5484 ⁴)
1595 5402 1704 5466 flumen

140 5507 213 5577 ces.
239 5513 346 5577 sear.

185 5629 327 5684 anm
343 5627 608 5676 meramnum.
1518 5631 1548 5682 rr
