4208 6282
425 549 472 626 88
1045 569 1156 626 urana
1182 569 1333 656 annuus.
1699 545 1766 646 (Α.
1779 545 1827 644 Ι).
1844 543 1950 647 aas.)

423 764 459 837 et
483 762 623 856 paterna
647 753 853 856 diyecmlaus
886 759 1044 856 Princeps
1080 754 1200 852 motus,
1237 759 1318 855 quin
1354 759 1455 835 etiam
1492 759 1677 836 uehementi
1711 759 1947 852 incoenatus,

423 885 502 958 dure
528 882 675 978 praesuli
701 883 896 978 respondet:
932 880 1010 958 Iure
1036 905 1082 975 se,
1119 905 1184 958 non
1212 882 1336 957 iniuria
1369 881 1546 974 quicquam
1573 882 1691 979 egisse,
1729 880 1764 959 et
1788 886 1859 958 tam
1885 883 1948 957 tri·

421 1008 576 1080 buturum
609 1025 769 1080 nouorum
803 1003 1057 1100 impositionem,
1094 1027 1193 1097 quarn
1229 1004 1432 1080 evectionum
1468 1007 1503 1079 et
1529 1027 1707 1100 poenarum
1741 1001 1948 1082 exactionem

422 1126 609 1222 legitimam
636 1127 716 1218 lore,
744 1143 805 1202 nec
831 1126 931 1201 aliter
957 1127 1111 1222 Regnum
1138 1129 1173 1202 et
1199 1127 1424 1204 monarchiam
1452 1125 1682 1202 administrari
1706 1143 1812 1223 posse.
1853 1127 1949 1202 llihil

421 1249 485 1324 sibi
513 1267 587 1324 cnm
612 1243 763 1344 Regibus
789 1249 824 1323 et
850 1248 1063 1344 Principibus
1096 1248 1247 1340 antiquis
1272 1268 1444 1325 conrnune
1470 1249 1550 1341 iore,
1588 1269 1623 1324 se
1648 1271 1708 1325 suu
1734 1271 1843 1340 sensu,
1873 1264 1948 1324 sno·

421 1390 485 1466 que
511 1371 647 1467 ingenio
673 1370 758 1462 doci,
786 1373 822 1448 et
847 1391 906 1446 soc
941 1371 1090 1461 arbitrio,
1119 1392 1184 1446 ncn
1211 1371 1345 1446 illorum
1376 1371 1528 1466 enernplo
1555 1371 1702 1448 actiones
1725 1391 1804 1446 snas
1848 1371 1946 1447 tde·

421 1497 512 1571 creta
538 1491 714 1570 moderari.
747 1494 831 1568 Tam
856 1513 965 1568 crasso
985 1493 1009 1588 ¹)
1034 1493 1169 1589 iusuper
1195 1495 1230 1568 et
1255 1494 1402 1590 eleganti
1428 1494 1563 1590 ingenio
1589 1515 1624 1570 sc
1651 1490 1838 1590 praeditum
1863 1513 1948 1584 esse,

422 1618 551 1693 utnon
578 1615 659 1692 velit
685 1615 765 1706 suis,
794 1617 853 1690 ant
879 1615 1102 1708 cuiuscunque
1128 1616 1267 1691 alterius
1293 1615 1556 1692 ordinationibus
1586 1616 1753 1693 substerni
1768 1615 1807 1712 2).
1851 1615 1948 1692 Desi-

420 1741 516 1816 neret
541 1739 677 1835 proinde
703 1739 865 1814 lacessere
884 1761 931 1831 se,
959 1739 994 1814 et
1020 1737 1267 1834 pontificalibus
1287 1738 1398 1834 potius
1416 1741 1523 1831 rebus,
1551 1740 1644 1815 uelut
1670 1738 1811 1835 propriis
1838 1737 1947 1816 inten-

420 1864 495 1952 tus,
524 1861 657 1958 publica
692 1861 756 1936 sibi
791 1861 935 1938 curanda
970 1859 1197 1958 permitteret:
1243 1873 1310 1937 nun
1344 1856 1433 1938 enim
1467 1874 1502 1937 aa
1538 1863 1609 1936 ulla
1643 1861 1856 1958 persuasione
1889 1864 1949 1936 aut

421 1985 517 2080 pactu
535 1985 576 2059 ab
594 1983 658 2076 his,
687 2005 771 2076 qnae
788 2005 968 2080 aggressus
995 1985 1093 2074 asset,
1121 1983 1220 2060 sciret
1246 1986 1463 2059 cessaturum.
1492 1984 1534 2058 In
1552 1985 1638 2059 hanc
1664 1983 1865 2086 santmtiam
1883 1982 1947 2059 (ie-

421 2107 504 2182 decn
530 2105 703 2201 epscopus
729 2105 896 2197 dimimus,
923 2103 1054 2181 tristior
1080 2121 1179 2199 quam
1205 2107 1342 2182 venerat
1366 2105 1463 2182 abiit.

522 2228 635 2304 Prima
661 2227 713 2304 die
739 2228 821 2304 Maii
852 2229 1029 2304 Boleslans
1063 2228 1257 2324 cognomine
1291 2228 1392 2303 Altus
1426 2225 1714 2304 Wratislauiensis
1749 2229 1828 2303 Dux
1858 2228 1949 2323 apud

420 2350 565 2427 castrum
592 2371 689 2425 sunm
715 2349 878 2427 brucham
904 2373 1018 2446 agens,
1056 2351 1200 2427 exclusis
1226 2351 1386 2426 fratribus
1413 2353 1447 2427 et
1474 2351 1643 2428 monachis
1678 2350 1784 2448 nigris
1810 2349 1851 2426 de
1877 2372 1946 2424 rno-

420 2473 566 2550 naaterlo
591 2474 724 2550 habens
738 2465 778 2568 ³),
808 2473 894 2566 quod
911 2474 954 2548 ad
971 2473 1098 2550 fluenta
1124 2465 1230 2548 Odrae
1255 2473 1448 2548 Karimirus
1473 2473 1630 2550 Polcniae
1656 2473 1741 2566 Rex,
1769 2473 1848 2548 clim
1867 2473 1945 2548 Glu-

420 2595 586 2672 niacansia
612 2596 792 2698 munacius
807 2595 845 2691 ⁴),
873 2596 1082 2688 fundauerat,
1119 2594 1242 2672 iratres
1269 2595 1613 2691 circummuniam
1639 2595 1840 2673 munastmio
1865 2597 1945 2670 Pcr-

419 2718 508 2794 lonsi
534 2733 637 2814 snpra
663 2711 777 2795 Solam
803 2717 940 2794 dudum
967 2718 1093 2796 situata
1120 2720 1280 2814 sumptos,
1317 2718 1352 2794 in
1378 2719 1464 2794 illud
1490 2719 1682 2810 introdusit,
1718 2719 1753 2794 ol
1779 2739 1863 2794 noua
1888 2717 1946 2792 do·

420 2841 555 2917 nstlune
580 2844 683 2934 atque
709 2835 924 2937 inscriptione
950 2843 1059 2917 locum
1085 2844 1120 2918 et
1145 2840 1216 2918 eius
1242 2833 1462 2936 accusans
1488 2837 1701 2916 aKacirniro
1726 2836 1820 2936 Rege
1845 2840 1945 2915 dana·

419 2965 473 3039 tas
503 2963 721 3060 privilegiet,
768 2963 899 3058 aliquas
938 2963 1040 3040 etiarn
1076 2963 1116 3039 de
1151 2985 1235 3039 nouo
1279 2963 1458 3055 adiiciam,
1499 2960 1649 3038 adhibito
1682 2963 1725 3038 ad
1759 2953 1946 3038 huiusmodi

419 3087 735 3162 tranarnutationem
770 3086 960 3181 praesentia
992 3089 1028 3162 et
1062 3105 1223 3162 censemur
1257 3079 1401 3163 Walteri
1437 3083 1523 3162 alias
1556 3085 1741 3180 Zirosloib
1766 3085 1946 3192 Wrstislaa

420 3208 544 3284 aiensis
569 3208 726 3305 cumeum,
761 3207 939 3305 biyecnalui
966 3204 1077 3304 patrui
1104 3209 1156 3284 sni
1184 3209 1333 3304 germani
1360 3209 1516 3286 Polcniae
1550 3209 1651 3284 Ducis
1677 3211 1711 3284 et
1737 3209 1947 3296 blonsrcbae

420 3331 500 3405 iteum
536 3350 769 3426 gmrnanorum
796 3351 929 3406 sucrum
957 3325 1086 3407 blieslai
1101 3331 1129 3426 7)
1157 3325 1423 3406 Itathiburicnsis
1458 3335 1494 3407 et
1527 3331 1670 3407 Ganradi
1704 3329 1944 3427 Glogcuiensis,

419 3453 500 3529 item
527 3453 671 3530 filiorum
698 3469 832 3530 snorum
858 3454 1018 3544 Buleslai,
1045 3447 1186 3529 Iaroalai
1213 3455 1248 3530 at
1273 3454 1404 3530 lileslai
1418 3454 1447 3550 8)
1472 3450 1611 3546 mcum,
1641 3454 1721 3530 'rtem
1747 3453 1946 3550 optimatum

419 3575 472 3651 sui
498 3573 711 3673 Principalem
736 3571 771 3652 a?
796 3578 966 3670 baronum.
1011 3569 1113 3652 Ouios
1132 3576 1332 3652 'monasterii
1368 3576 1495 3672 primos
1528 3579 1630 3652 abbas
1655 3575 1847 3652 Florentius
1860 3573 1899 3670 ’),
1926 3595 1947 3648 a

419 3719 485 3792 qno
510 3702 545 3774 st
570 3699 732 3774 iratribus
758 3716 869 3777 secum
896 3717 939 3775 ex
966 3697 1067 3774 Porta
1092 3698 1128 3773 in
1154 3699 1326 3774 Pulcniam
1354 3700 1396 3774 ad
1422 3700 1610 3794 praelatum
1637 3697 1873 3775 momsterium
1891 3719 1945 3773 ue-

418 3821 599 3913 nientibus,
626 3835 797 3917 pomerum
824 3833 941 3917 ganda
957 3820 991 3896 in
1018 3817 1210 3896 Pulcnicum
1236 3822 1391 3917 Regnum
1411 3818 1562 3913 allatum,
1598 3843 1642 3896 ex
1661 3822 1707 3917 Η’)·
1731 3820 1946 3915 adgnomenta

419 3943 624 4036 nummarii,
651 3963 671 4016 a
691 3943 735 4037 ΙΙ)
751 3962 814 4037 quo
832 3945 1014 4038 sumptum,
1042 3939 1262 4038 saporat,
1291 3943 1324 4018 id
1342 3945 1394 4018 est
1412 3943 1451 4018 de
1465 3946 1577 4036 Porta,
1598 3943 1790 4036 uocitatum,
1810 3942 1844 4017 in
1863 3943 1949 4017 lanc

421 4065 507 4143 diem
534 4063 797 4162 multiplicatum
825 4068 1013 4161 perseuerat
1032 4064 1086 4160 ¹²).

502 4431 785 4530 rigrannum
810 4435 1071 4512 murnolllatlom
1097 4432 1302 4530 lupercam
1329 4436 1364 4510 ol
1390 4434 1509 4510 summi
1535 4433 1699 4511 laumas
1724 4433 1860 4510 militm.

519 4673 670 4754 itomcilic·
693 4680 783 4775 apud
809 4680 977 4755 Turenum
996 4679 1030 4754 io
1050 4679 1173 4756 Galliis
1199 4697 1258 4775 per
1283 4669 1511 4755 Alexandrum
1533 4677 1578 4774 18)
1602 4677 1741 4754 tertium
1767 4678 1944 4767 celebrato,

416 4800 609 4898 imperatur
628 4797 817 4877 Friderieus
842 4805 877 4878 ct
903 4815 1041 4878 masura
1066 4803 1249 4898 apostdica
1274 4805 1308 4877 et
1334 4802 1512 4885 rebellione
1538 4801 1713 4878 ciuitatum
1745 4799 1879 4892 Italiae,
1911 4803 1946 4874 at

410 4925 505 5006 ‚orlac
530 4926 579 4999 ab
599 4923 651 4998 ais
667 4924 762 5000 illato
789 4924 964 5021 fatigatus,
992 4925 1119 5000 statum
1145 4939 1242 5000 sunm
1268 4924 1494 5020 periclitatum
1521 4923 1562 4998 iri
1590 4923 1780 5015 formidans,
1808 4923 1946 4998 nnnbos

523 5133 549 5214 ¹)
571 5135 647 5197 bono
680 5135 749 5196 Ood.
772 5135 861 5197 Roar.
900 5131 926 5207 Ω)
949 5135 1191 5196 admonitionibus
1220 5132 1359 5208 indigere.
1382 5135 1442 5220 Ed.
1465 5133 1558 5196 Βοῦν.
1596 5131 1623 5213 ³)
1645 5132 1738 5194 Lubin
1768 5133 1827 5194 Ed.
1850 5132 1942 5194 Βοῦν.

418 5233 445 5318 ⁴)
468 5237 705 5301 cluniacensibus
729 5241 876 5300 monachis
899 5239 957 5302 Ed.
980 5239 1072 5300 Βοῦν.
1112 5235 1138 5318 ⁸)
1161 5239 1362 5300 cisterciensis
1386 5239 1495 5300 ordinis
1528 5227 1599 5300 Ood.
1622 5241 1713 5300 Roar.
1751 5234 1944 5316 ⁶)consonau

416 5343 547 5419 zymami
568 5344 640 5404 allas
661 5338 770 5405 Iaeslai
792 5343 850 5404 Be.
873 5345 966 5414 Βοῦν.
1005 5334 1185 5423 dimersum
1207 5335 1266 5404 Ed.
1288 5339 1382 5405 Βοῦν.
1418 5336 1446 5422 ⁰)
1468 5345 1601 5405 Miecalai
1622 5345 1680 5406 Ed.
1703 5343 1795 5404 Βοῦν.
1825 5339 1942 5420 ⁰)Flo·

415 5451 526 5509 nenlias
548 5447 604 5510 fult
635 5448 705 5512 (lod.
728 5448 825 5510 noers
861 5441 906 5528 ¹⁰)
924 5445 1002 5524 qnod
1030 5462 1065 5509 ex
1098 5449 1168 5510 Occi.
1191 5441 1282 5510 Beer.
1323 5445 1364 5533 ¹¹)
1389 5467 1424 5510 cx
1456 5448 1527 5512 dod.
1549 5449 1641 5511 Βοῦν.
1682 5446 1941 5528 ¹¹)pe1sararam.

419 5555 489 5620 θοοῦ.
512 5553 585 5630 Aur.
627 5551 1015 5638 ¹³)n1exanurum12apum
1043 5554 1113 5617 Occi.
1136 5554 1227 5618 auca
