4140 6298
372 535 420 614 27
426 539 447 608 6
976 547 1088 608 ureae
1114 555 1309 610 aermnae.
1648 532 1716 638 (Α.
1734 533 1783 611 n.
1801 531 1919 638 laet)

372 742 526 818 nationes
551 743 661 818 altera
688 743 864 838 reperitur,
901 765 989 837 quae
1016 744 1057 818 de
1083 743 1154 819 suia
1179 729 1377 838 sortilegiis,
1415 742 1679 820 divinationibus
1704 747 1740 820 et
1766 743 1920 821 intanta

369 865 533 964 tionibus,
563 866 728 956 qnantum
742 865 837 956 haee,
865 887 941 940 oum
968 864 1050 958 qnid
1076 866 1244 960 agendam
1271 867 1334 956 est,
1365 865 1475 960 magia
1492 865 1650 942 oonfidat.
1678 867 1921 942 'Ihartarorum

372 987 488 1080 itaque
514 985 682 1062 exereitus
718 984 916 1081 intelligens
951 987 1095 1061 Polonos
1122 985 1187 1060 iam
1216 1009 1301 1081 pene
1327 986 1481 1080 viatores,
1518 1009 1562 1062 ax
1597 988 1731 1080 nebula,
1767 988 1860 1063 fumo
1885 989 1922 1062 at

372 1109 509 1200 foetore,
538 1130 660 1203 magno
688 1130 810 1203 pavore
838 1109 873 1182 et
900 1106 997 1200 quasi
1025 1109 1170 1200 qrradam
1196 1107 1428 1203 desperatione
1455 1131 1629 1204 pereussos
1655 1131 1743 1202 esse,
1777 1110 1922 1186 elamore

372 1228 507 1304 horrido
533 1230 678 1320 sublato,
706 1229 742 1303 in
769 1230 913 1304 Polonos
945 1251 981 1304 so
1007 1227 1121 1322 vertit,
1159 1231 1195 1304 et
1225 1229 1360 1306 aoiebua
1388 1253 1513 1324 eorum,
1551 1231 1698 1324 quaein
1726 1231 1921 1326 idtempna
1967 1240 1970 1244 ’

373 1351 528 1446 integrae
556 1353 663 1443 arant,
694 1350 868 1444 disruptis,
899 1352 1014 1446 strage
1041 1371 1177 1446 magna,
1207 1349 1243 1424 in
1270 1374 1338 1443 qna
1364 1353 1542 1428 Boleslaue
1567 1354 1646 1427 Ilnx
1673 1351 1809 1448 Dipoldi
1832 1354 1922 1428 ldar-

373 1471 684 1547 ohioniehtoraviae
710 1471 804 1546 filius
831 1471 942 1546 dietus
968 1471 1168 1566 Sohopolha,
1199 1494 1274 1546 oum
1302 1472 1421 1548 multis
1438 1473 1517 1548 aliis
1535 1473 1726 1570 insignibus
1753 1473 1922 1574 militibus

374 1593 465 1668 fellei
492 1615 607 1668 eruore
642 1595 781 1668 neoatus
820 1594 874 1669 est
907 1594 943 1668 et
978 1595 1103 1687 Pompo
1139 1593 1384 1670 Oruoilerorurn
1419 1595 1583 1690 Magister
1614 1596 1655 1672 do
1681 1595 1820 1674 Prussia
1846 1619 1922 1670 oum

374 1715 446 1790 auis
473 1737 597 1810 magna
623 1715 717 1790 elada
744 1716 895 1807 obrutus,
924 1716 1125 1790 Polonornm
1151 1713 1322 1790 residuum
1350 1738 1473 1811 agmen
1491 1717 1525 1790 in
1544 1718 1661 1812 fugam
1684 1717 1799 1793 vertit.
1827 1719 1922 1790 Hen-

373 1836 479 1910 rionm
506 1837 621 1910 tannen
647 1837 772 1910 Duoem
800 1835 984 1911 fortissime
1010 1838 1220 1930 pugnantem
1247 1837 1395 1912 nondum
1422 1859 1504 1912 suus
1529 1837 1697 1914 exereitus
1720 1837 1920 1914 deseruerat.

373 1956 523 2032 (laeteris
550 1959 663 2032 tamen
682 1957 707 2050 ¹)
743 1957 879 2034 Polonis
914 1959 998 2052 fuga
1033 1956 1157 2052 lapeia,
1196 1957 1247 2033 ite
1272 1981 1293 2032 a
1320 1957 1497 2034 Thartaris
1531 1981 1652 2034 eorona
1686 1957 1921 2035 oirounsossur

372 2081 427 2152 est
441 2078 480 2172 ²),
510 2081 549 2152 ut
575 2080 710 2174 ahrgo
736 2079 772 2154 et
798 2081 909 2154 fronte
937 2073 1149 2153 enudaretur:
1178 2101 1245 2152 non
1271 2081 1313 2154 ob
1342 2079 1376 2153 id
1402 2081 1517 2154 umen
1545 2101 1694 2174 pugnam
1712 2079 1837 2171 omisit,
1866 2081 1922 2156 sed

332 2181 338 2187 ’
374 2199 488 2274 obvios
514 2221 664 2293 quosque
690 2198 913 2276 interimendo
941 2200 1135 2292 Thalama,
1164 2201 1342 2294 penetrare
1373 2222 1486 2277 eorum
1514 2199 1767 2276 multitudinem
1793 2202 1921 2278 niteba-

374 2323 450 2409 tnr;
480 2320 581 2396 feoile
606 2323 721 2396 tamen
748 2320 903 2415 paucitas
930 2344 951 2394 a
977 2319 1197 2396 multitudine
1223 2323 1403 2416 absumpta
1429 2324 1464 2397 et
1490 2322 1617 2398 obtrita
1641 2324 1706 2398 ost.
1734 2323 1809 2398 Iarn
1836 2323 1922 2399 eirea

374 2445 500 2518 Dueern
526 2442 711 2518 Henrionrn
739 2442 873 2518 nonnisi
900 2444 1045 2537 quatuor
1073 2443 1201 2520 milites
1227 2444 1468 2520 versabantur:
1497 2443 1667 2520 Salislaus
1693 2445 1801 2520 frater
1826 2445 1920 2520 Wlo·

375 2563 487 2640 dimini
515 2563 659 2658 palatini
687 2563 915 2640 Graooviensis
941 2565 1031 2659 apud
1058 2563 1235 2660 Ghmyelih
1262 2563 1372 2656 oooisi,
1411 2565 1565 2641 Clemens
1600 2565 1773 2660 palatinam
1798 2565 1921 2661 Glogo-

374 2684 509 2776 viensis,
538 2685 713 2760 cunradus
738 2684 970 2762 dumedowiez
997 2687 1033 2762 ot
1058 2686 1227 2763 Iohannes
1253 2684 1457 2762 Iuanowioa.
1504 2685 1594 2762 Aliis
1621 2686 1736 2781 itaque
1762 2685 1919 2762 oertanni·

375 2806 412 2880 ni
438 2805 591 2898 intentis,
629 2807 665 2880 hi
703 2808 848 2900 quatuor
883 2808 1008 2882 Dueem
1044 2806 1242 2898 Henrioum,
1277 2830 1320 2884 ne
1346 2807 1382 2882 in
1409 2806 1587 2884 disorimen
1624 2807 1715 2884 noeis
1750 2805 1922 2898 indiderat,

375 2930 505 3022 quanta
531 2929 673 3023 possunt
699 2928 734 3002 vi
761 2930 797 3004 et
822 2928 945 3004 oonatu
972 2949 1016 3004 ex
1042 2928 1113 3005 noio
1141 2931 1176 3004 et
1202 2929 1331 3025 praelio
1358 2930 1515 3023 educunt,
1543 2931 1578 3006 et
1605 2927 1792 3024 penetratis
1818 2928 1923 3004 hosti-

369 3049 465 3126 libus
491 3048 675 3143 ordinibus,
703 3049 894 3146 Prinoipom
921 3048 1122 3128 ineolumem
1149 3049 1325 3142 servaturi,
1360 3072 1425 3145 quo
1452 3049 1565 3128 minua
1599 3053 1719 3127 aoerba
1747 3049 1923 3142 minusque

375 3173 472 3248 foeda
497 3169 655 3267 Prinoipo
682 3174 813 3248 servato
839 3173 952 3248 elades
977 3173 1078 3266 osset,
1107 3174 1149 3248 ad
1177 3172 1376 3268 fugiendum
1403 3195 1440 3248 se
1458 3171 1654 3268 disponunt.
1681 3173 1922 3268 Respondisaet

378 3293 515 3368 forsitan
544 3315 658 3369 eorum
684 3293 854 3390 proposito
880 3296 1037 3388 offeotm,
1076 3295 1134 3370 aad
1162 3294 1293 3370 dualis
1330 3316 1436 3389 equus
1463 3292 1625 3390 multis³l
1651 3295 1823 3371 emulatus
1849 3295 1923 3370 aul·

376 3415 511 3491 neribus
537 3413 756 3490 subsistebat.
784 3418 862 3492 Dux
890 3417 1005 3510 itaque
1030 3415 1199 3492 Henrious
1225 3439 1268 3494 ex
1295 3415 1487 3512 insignibus
1513 3415 1670 3511 cognitus
1696 3438 1755 3511 por
1781 3415 1925 3492 Tharba*

377 3558 443 3629 roa,
470 3535 575 3610 velooi
602 3557 765 3610 oonourau
792 3540 1000 3634 oonaeoutue,
1029 3560 1104 3612 onon
1132 3537 1241 3613 tribus
1264 3537 1443 3630 militibus,
1472 3539 1591 3632 quarto
1618 3538 1769 3613 Iohanne
1795 3539 1924 3613 Iwano·

377 3639 459 3732 wion
483 3660 526 3731 ab
553 3657 626 3732 illia
652 3659 842 3754 segregato,
871 3660 1021 3734 vallatus
1047 3660 1110 3750 ost,
1139 3682 1214 3736 oum
1242 3659 1365 3752 quibus
1391 3657 1461 3734 suis
1487 3659 1718 3734 tantummodo
1736 3657 1848 3734 tribue
1864 3659 1924 3733 sti-

377 3781 477 3873 patus
505 3777 682 3870 militibus,
720 3778 896 3873 aliquanto
931 3782 1080 3874 tempore
1106 3781 1310 3856 deuertebat.
1356 3783 1402 3856 Et
1428 3779 1509 3862 lieet
1535 3781 1706 3856 Iohannes
1732 3779 1924 3855 Iwanowion

377 3920 499 3993 equum
526 3901 693 3976 rosentem
721 3922 742 3974 a
769 3900 962 3976 Roaeeislao
998 3900 1203 3977 oubIoulario
1238 3901 1352 3978 dnoali
1388 3901 1561 3996 reeeptum
1576 3900 1615 3996 ⁴),
1644 3900 1741 3992 Daoi,
1770 3903 1924 3994 penetra-

377 4021 423 4094 tis
450 4020 599 4096 hostium
626 4021 751 4113 ounois,
780 4021 1002 4114 exhibuisset,
1032 4025 1110 4096 Dux
1137 4043 1268 4116 quoque
1296 4023 1463 4100 Henrioua
1482 4022 1542 4098 illo
1564 4043 1714 4114 aseeneo,
1742 4023 1925 4099 Iohannem

377 4141 581 4233 luanouioe,
610 4141 667 4234 qui
696 4141 760 4216 sibi
787 4141 877 4220 viam
905 4142 994 4216 inter
1020 4143 1135 4218 hostes
1163 4145 1399 4238 praeparabat,
1436 4145 1584 4235 aeonius,
1617 4143 1756 4219 evadere
1781 4143 1926 4218 adnixus

377 4265 486 4336 esset:
515 4263 666 4338 Iohanne
685 4266 798 4339 tamen
825 4263 1018 4340 Iuanonion
1046 4264 1081 4338 in
1109 4264 1182 4359 ipso
1210 4287 1308 4342 eursu
1336 4265 1512 4342 vulnerato
1538 4267 1574 4340 ot
1600 4263 1822 4340 nihilominus
1849 4287 1924 4340 aaa·

378 4385 488 4474 denia
517 4383 603 4459 Dnoi
630 4384 775 4459 Henrioo
802 4408 920 4461 onrsna
946 4389 982 4463 et
1008 4386 1118 4462 evasio
1145 4386 1375 4482 intercipitur,
1412 4388 1448 4462 et
1473 4385 1576 4461 tertio
1601 4409 1623 4460 a
1649 4385 1827 4462 Thartaria
1853 4386 1923 4460 ral-

377 4507 501 4582 letor..
526 4505 626 4578 Omni
653 4506 768 4599 itaque
805 4530 864 4602 epe
899 4509 1067 4601 quatenus
1101 4510 1258 4584 eraderet
1292 4507 1487 4600 destitutus,
1525 4507 1647 4584 iterum
1676 4509 1778 4601 atque
1804 4507 1925 4582 iterum

258 4685 260 4690 ,
378 4649 468 4701 nuno
494 4627 600 4717 laeva,
629 4649 717 4702 nune
744 4627 886 4702 sinistra
911 4631 1030 4705 eontra
1056 4630 1239 4704 Thartaroe
1265 4628 1486 4706 audacissime
1512 4629 1662 4705 dimieat.
1696 4629 1820 4704 Verum
1847 4628 1925 4703 dun

377 4771 480 4822 mann
508 4748 633 4824 dextra.
655 4750 787 4824 elevata
815 4750 1016 4826 Ihartarum
1046 4749 1111 4826 sibi
1138 4750 1272 4827 obvium
1300 4749 1400 4826 ferire
1426 4751 1541 4842 vellet,
1569 4753 1612 4826 ab
1631 4750 1738 4829 altaro
1764 4751 1926 4825 Thartaro

377 4871 496 4944 lanoea
523 4869 585 4949 sub
612 4869 738 4945 astella
765 4870 962 4963 transfixae,
999 4894 1043 4946 ex
1070 4894 1156 4964 equo
1183 4872 1327 4947 demisso
1354 4871 1490 4948 braohio
1526 4871 1745 4946 moribundus
1771 4870 1924 4948 deduxit:

370 5013 479 5083 ‘quom
506 4991 664 5066 Thartari
700 4993 846 5068 elamore
883 4991 1015 5088 ingenti
1042 4995 1078 5070 et
1104 5016 1222 5070 vooum
1257 4993 1506 5071 inoonditarnm
1533 4992 1679 5088 strepitu
1711 4993 1846 5068 sublato
1872 5015 1925 5070 oa·

377 5111 488 5206 pinnt,
527 5115 562 5188 et
588 5114 687 5189 extra
722 5113 917 5188 rememinis
953 5115 1073 5206 looum,
1112 5115 1278 5209 quantum
1311 5114 1503 5210 geminatus
1539 5116 1592 5190 eat
1627 5113 1772 5191 balistae
1807 5113 1925 5206 iaetus,

385 5445 387 5448 .
487 5388 510 5468 ¹)
532 5397 630 5452 autem
656 5391 728 5466 Cod.
751 5393 844 5458 Roar.
885 5391 1047 5473 bernaus
1071 5400 1136 5455 erat
1157 5394 1218 5457 Ed.
1240 5392 1328 5475 Ilipa.
1366 5391 1394 5472 ³)
1415 5395 1549 5477 plurimis
1573 5393 1632 5464 Ed.
1654 5395 1742 5479 Lapa
1776 5389 1806 5480 ⁴)
1829 5409 1941 5478 repta(

381 5501 441 5560 tum
463 5496 524 5555 Ed.
547 5497 635 5578 Lipa.
