4162 6288
159 548 223 643 (Α.
244 549 290 624 Ι).
312 549 430 642 1259.)
771 571 883 622 urana
910 571 1104 623 snrnruos.
1634 557 1708 628 373

157 756 223 832 rici
249 755 365 832 decani
392 755 640 846 Posnaniensis,
668 755 804 852 Aegidii
832 755 1058 832 archidiaconi
1091 756 1320 832 Loncioiensie
1355 761 1391 831 et
1426 758 1627 851 Pmibislai,
1655 782 1711 836 oa·

158 878 356 956 nonicorum
374 877 633 965 Gnesnensium,
662 879 790 971 doctus,
818 878 1104 954 confirmationem
1131 901 1226 954 suam
1253 882 1294 954 ob
1330 881 1498 954 statutum
1525 880 1713 957 Alexandri

158 1003 275 1096 Papae
315 999 440 1092 quarti,
478 1023 543 1094 quo
579 1001 770 1091 cavebatur,
807 1000 992 1092 quemlibet
1019 1001 1054 1075 in
1081 1000 1200 1076 Sedem
1237 1000 1531 1095 metropolitanam
1568 1004 1713 1078 electum

159 1121 355 1218 oonspeotui
390 1119 520 1196 Summi
555 1120 731 1198 Pontificio
767 1121 974 1216 praesentari
1010 1123 1174 1216 oportere,
1211 1122 1368 1225 subsequi
1396 1145 1463 1196 non
1499 1146 1594 1218 posse
1614 1125 1648 1219 ¹),
1676 1123 1713 1198 in

160 1243 299 1320 (loriam
326 1242 549 1339 personaliter
575 1242 725 1318 transiit.
765 1243 833 1318 Ubi
859 1243 1165 1338 repraesentatione
1201 1245 1338 1319 Summo
1365 1244 1523 1320 Pontifici
1549 1245 1635 1322 feria
1660 1267 1713 1322 se·

160 1367 225 1440 xta
251 1368 331 1442 ante
357 1363 567 1440 Dominioam
602 1364 780 1440 Invocavit
810 1365 922 1454 facta,
959 1366 995 1440 et
1021 1364 1141 1441 electio
1168 1387 1229 1440 sua
1256 1364 1454 1440 confirmata
1479 1367 1551 1457 ost,
1581 1369 1617 1440 et
1642 1365 1714 1462 ipso

160 1489 322 1564 mandato
350 1489 461 1581 Papae
496 1485 569 1562 illic
603 1485 657 1562 die
684 1485 856 1562 Dominioo
883 1486 1058 1563 Inuocauit
1085 1488 1318 1578 consecratus,
1347 1487 1542 1563 tarditatem
1570 1487 1715 1582 priorem

162 1607 338 1697 celeritate
365 1606 593 1700 subsequenti,
622 1609 716 1701 Papa
741 1606 937 1682 Alexandro
964 1609 1129 1701 pensante
1144 1607 1183 1700 ρ).
1229 1608 1271 1680 In
1299 1605 1466 1684 redeundo
1492 1631 1571 1683 uero
1598 1631 1636 1684 eo
1662 1607 1715 1682 in·

162 1729 288 1806 columi
311 1730 484 1820 evadente,
513 1728 650 1803 nuntios
677 1749 756 1804 suos
781 1727 967 1804 Henricum
994 1729 1157 1804 decanum
1183 1728 1445 1804 Poenaniensom
1472 1731 1508 1804 ot
1533 1728 1716 1806 Praibisla·

164 1873 234 1944 una,
264 1849 447 1930 canonicos·
467 1848 690 1949 damnasses,
720 1848 756 1924 in
781 1848 984 1931 lombardia
1010 1849 1117 1954 postis
1143 1847 1343 1954 absumpsit.

164 2223 505 2298 memoratorium
532 2241 588 2314 per
614 2225 684 2296 troo
711 2242 840 2297 noeros
867 2225 1071 2317 populantur,
1107 2224 1343 2300 sandoniriaru
1374 2239 1447 2296 auru
1474 2227 1584 2298 orabo
1611 2224 1718 2317 acqui·

163 2349 243 2418 runt
270 2348 305 2418 ot
331 2345 532 2434 conburunt,
563 2345 714 2418 boleslao
743 2346 775 2418 in
801 2347 995 2436 burgario!
1014 2346 1168 2437 ugiente,
1195 2345 1380 2419 drooorlarn
1408 2345 1556 2437 capiunt;
1582 2344 1716 2419 trudon

296 2467 386 2540 uallo
413 2466 566 2540 resistere
595 2467 745 2562 audente,
773 2486 845 2540 eun
873 2468 1016 2540 noxiora
1043 2467 1163 2560 pracda
1191 2467 1233 2541 ud
1260 2486 1341 2540 suos
1367 2469 1580 2540 ravennam.

271 2708 439 2804 Expertes
465 2711 564 2784 erant
590 2707 819 2785 cracoviensis
845 2711 881 2785 et
907 2707 1190 2785 Sandomiriensie
1215 2712 1327 2786 terrae
1353 2706 1516 2801 civilium,
1549 2730 1637 2802 quae
1663 2707 1716 2783 in·

164 2831 220 2905 ter
246 2829 421 2925 Principes
448 2829 608 2906 Poloniae
643 2833 841 2927 agebantur,
879 2832 1056 2922 bellorum,
1092 2831 1150 2906 sod
1176 2832 1240 2906 bae
1267 2853 1398 2925 quoqne
1430 2852 1547 2906 rursus
1582 2831 1619 2904 in
1644 2831 1717 2906 bel·

165 2952 241 3026 lum
267 2951 367 3026 atrox
394 2953 430 3026 ot
456 2953 635 3046 plusquam
662 2951 761 3028 ciuile
788 2953 884 3044 (adeo
900 2950 928 3047 3)
956 2953 1049 3048 pacis
1076 2955 1219 3044 bonum,
1257 2951 1327 3027 sius
1361 2939 1544 3028 sceleratae
1569 2951 1719 3027 actiones

166 3073 348 3164 humanae,
385 3070 456 3148 sive
483 3073 628 3148 fatorum
665 3072 794 3149 inuidia
820 3073 855 3148 id
882 3076 1009 3166 causet,
1038 3097 1151 3148 rarum
1177 3075 1213 3148 et
1239 3073 1400 3149 caducum
1428 3075 1495 3168 est)
1529 3074 1720 3169 pertractas

166 3196 262 3270 sont.
289 3193 438 3270 Advenit
464 3215 609 3288 nanque
623 3194 652 3290 ⁴)
678 3195 715 3270 in
747 3195 827 3270 illas
854 3195 972 3270 statim
998 3197 1075 3291 post
1101 3195 1226 3271 festum
1253 3193 1345 3270 beati
1370 3192 1525 3270 Andreae
1550 3193 1718 3289 Apostoli,

167 3317 411 3391 Thurtaromm
446 3315 567 3410 ingens
602 3315 783 3409 exercitus,
820 3318 935 3412 plures
969 3318 1011 3392 de
1037 3317 1119 3393 solis
1146 3316 1334 3408 Thartaris,
1370 3337 1512 3408 quorum
1538 3316 1657 3411 Nogap
1684 3317 1721 3392 et

168 3437 343 3532 'l'olebnga
368 3439 466 3513 erant
491 3437 612 3530 Duces,
641 3437 818 3514 continens
838 3438 1008 3534 legiones:
1037 3439 1128 3513 hune
1153 3439 1389 3514 Rutbenorum
1415 3440 1450 3512 et
1475 3436 1721 3512 Lithuanorum

169 3559 279 3634 Duces
306 3581 366 3654 por
392 3580 472 3634 suas
500 3560 619 3654 gentes
647 3563 682 3634 et
709 3559 822 3654 copias
849 3559 1073 3654 ingentiorem
1109 3561 1271 3635 fecerent.
1316 3557 1380 3654 Qui
1408 3543 1487 3632 durn
1513 3557 1658 3634 Wislan
1685 3559 1720 3634 et

170 3681 320 3756 caeteros
346 3679 464 3755 duvios
500 3680 614 3774 gelida
644 3680 753 3756 hieme
779 3684 815 3756 et
840 3680 1013 3776 glaciatus
1040 3680 1214 3756 indonatos
1241 3679 1342 3756 facile
1368 3678 1581 3771 transissent,
1610 3678 1721 3754 subito
1859 3681 1864 3692 '

170 3801 417 3877 Sondomiriam
444 3800 656 3896 perueniunt,
684 3804 720 3877 et
746 3801 867 3896 oppido
895 3801 1158 3876 Sandomirionsi
1181 3801 1328 3894 incenso,
1356 3800 1570 3894 ecclesiisque
1596 3801 1720 3875 conda·

171 3923 301 4018 gratis,
338 3921 607 3999 Sandomiriense
642 3925 811 4015 castrum,
848 3922 884 3997 in
912 3925 999 4017 quod
1031 3924 1101 3999 fere
1127 3922 1285 3999 universa
1320 3921 1602 3997 Sandoniriensis
1627 3920 1722 4017 regio

171 4065 249 4118 oum
275 4043 485 4139 coniugibus,
514 4044 712 4139 pignoribus
739 4047 774 4120 et
800 4044 957 4137 fortunis,
985 4045 1226 4121 Thartarorum
1252 4045 1399 4120 adventu
1425 4044 1577 4138 vulgato,
1606 4043 1722 4118 coniu-

171 4167 281 4261 gerat,
310 4187 431 4240 corona
457 4165 612 4260 cingunt,
641 4167 676 4241 et
703 4187 764 4242 neo
790 4165 1089 4258 adquiescendum
1115 4169 1175 4241 aut
1201 4165 1429 4261 colligendum
1456 4163 1586 4239 animos
1604 4187 1647 4239 ex
1665 4186 1722 4238 su·

107 4289 111 4297 '
172 4285 244 4362 bito
270 4307 393 4380 pauore
420 4287 531 4380 spatio
558 4287 648 4378 dato,
677 4286 766 4361 illud
791 4289 889 4362 nocte
916 4289 951 4361 et
978 4285 1127 4363 interdiu
1154 4287 1365 4382 oppugnant.
1400 4271 1443 4360 A
1459 4307 1524 4378 quo
1551 4286 1630 4359 dum
1658 4284 1722 4358 nri·
1828 4278 1833 4284 ’

172 4407 274 4482 litum
301 4405 460 4482 Poloniao
495 4407 631 4483 brachio
658 4409 693 4483 et
720 4407 915 4483 resistentia
941 4408 1071 4503 repulsi
1106 4409 1228 4499 forent,
1265 4407 1464 4484 Wasohilko
1491 4407 1581 4498 Dux,
1615 4406 1724 4481 freter

171 4526 326 4604 Danielis
360 4549 551 4623 germanus,
589 4530 656 4604 Leo
692 4527 831 4624 insuper
857 4531 892 4604 et
918 4529 1102 4620 Romanus,
1140 4528 1205 4602 filii
1236 4527 1389 4604 Danielis
1423 4527 1530 4623 Regis
1565 4526 1721 4618 Russiae,

172 4648 328 4725 videntes
354 4648 460 4725 castri
495 4649 778 4726 Sandoniriensis
806 4649 982 4726 donabam
1009 4652 1045 4724 et
1070 4649 1293 4745 periculosam
1319 4649 1605 4745 expugnationem
1633 4647 1724 4724 orris·

173 4773 268 4862 tere,
296 4770 528 4846 caduceatores
555 4772 598 4846 ad
624 4773 764 4847 Petrum
790 4773 831 4847 de
856 4773 1007 4865 Krarnpa
1034 4770 1198 4862 militem,
1229 4769 1532 4860 Sandonirionsern
1559 4771 1641 4845 tunc
1667 4792 1720 4845 oa·

172 4891 348 4988 pitanoum
374 4891 530 4984 mittunt,
558 4913 792 4986 persuasores:
823 4915 876 4984 ne,
905 4913 981 4968 cum
1007 4891 1118 4969 vivero
1144 4895 1179 4967 et
1205 4913 1242 4967 se
1259 4891 1360 4984 atquc
1382 4911 1492 4966 arcem
1518 4891 1554 4965 et
1579 4913 1644 4980 eos,
1665 4890 1725 4984 qui

172 5012 210 5089 in
227 5035 338 5090 arcem
355 5013 398 5089 ad
416 5033 453 5089 se
470 5012 714 5105 conduxerant,
734 5035 865 5090 seruare
888 5013 1006 5109 possit,
1027 5014 1164 5110 perdere
1182 5016 1217 5090 et
1235 5015 1388 5090 extrema
1405 5011 1477 5107 pati
1496 5010 1723 5106 anunente,

283 5305 310 5388 ¹)
333 5309 472 5384 subsequi
494 5327 552 5371 non
574 5326 673 5402 posse,
693 5309 771 5371 dccet
794 5310 831 5370 ia
857 5306 928 5371 Cori.
952 5307 1026 5370 Aut.
1065 5307 1271 5387 l>praesente
1294 5307 1502 5383 compensavit.
1537 5304 1607 5369 coe.
1631 5306 1725 5368 noar.

175 5409 351 5489 ³)1naxirne
376 5413 448 5475 Ood.
470 5415 563 5474 Beer.
603 5410 630 5490 ⁴)
653 5414 730 5474 enirn
756 5411 826 5474 Ood.
849 5415 942 5474 Roar.
980 5409 1007 5491 ι)
1029 5429 1239 5489 persuasores,
1270 5418 1303 5474 ut
1325 5413 1350 5476 si
1373 5427 1472 5478 socam
1493 5411 1651 5486 uniuersis,
1674 5411 1728 5491 qni

174 5516 215 5578 ad
237 5522 366 5579 caenum
388 5517 600 5593 confluxerant,
624 5533 741 5584 semare
764 5518 925 5584 incolumes
947 5519 1027 5598 velit,
1056 5517 1128 5587 God.
1150 5517 1243 5583 Roar.
