4246 6274
387 521 435 600 26
1010 541 1121 599 amaa
1148 541 1321 610 onmrss.
1682 523 1743 619 (Α.
1764 519 1810 624 D.
1831 519 1939 618 1147.)

386 732 454 807 cari
482 753 613 806 crucem
640 731 676 804 in
703 729 890 804 subsidium
926 732 1048 806 Terrae
1075 733 1217 806 Sanctae
1255 728 1491 826 multipliciter
1528 732 1610 806 tunc
1637 754 1657 805 a
1683 731 1859 816 Saracenis
1885 732 1937 805 af-

385 854 496 928 flictae
526 852 718 927 irrandarit:
756 854 791 925 et
827 853 952 926 multos
989 853 1162 948 Principes
1198 852 1404 946 praedicatio
1432 847 1506 947 ipsa
1532 853 1574 926 ad
1601 853 1835 927 assumendam
1862 875 1938 927 cru·

386 996 456 1048 cem
484 976 518 1049 ei
545 975 586 1046 ad
614 973 903 1047 transfretandum
938 973 1091 1052 accendit
1110 973 1145 1067 ¹).
1191 973 1291 1046 Hunc
1323 974 1423 1063 Deus,
1462 971 1541 1067 quia
1576 973 1733 1067 simplex,
1771 993 1875 1067 purus
1902 974 1937 1047 et

387 1098 609 1185 recluserat,
646 1094 833 1168 mirabilem
850 1093 877 1188 ²)
914 1095 1077 1185 ostendit,
1116 1095 1289 1188 perfusum
1326 1093 1440 1188 gratia
1467 1093 1501 1168 iu
1529 1094 1687 1169 facundia
1713 1097 1747 1168 et
1773 1115 1936 1170 sermone.

387 1217 456 1318 Sub
483 1216 555 1290 eius
583 1215 798 1306 Pontificatu
828 1217 906 1289 dum
934 1216 1024 1310 apud
1050 1215 1240 1290 viterbium
1277 1218 1405 1310 ageret,
1443 1217 1485 1289 ab
1522 1215 1644 1289 ultimo
1679 1237 1763 1310 pene
1800 1215 1937 1290 Oriente

386 1339 428 1410 ab
455 1337 677 1411 Arrrrenorum
695 1336 846 1410 Ecclesia
873 1338 907 1411 et
935 1337 1070 1411 illorum
1098 1336 1291 1431 patriarcha
1318 1339 1482 1410 venerunt
1508 1337 1662 1426 solennes
1687 1336 1811 1427 nuntii,
1840 1337 1937 1430 grate

385 1461 427 1532 ab
454 1459 606 1552 Eugenio
633 1458 792 1552 suscepti,
829 1481 962 1532 omnem
990 1457 1043 1531 illi
1070 1458 1308 1533 subiectionem
1336 1461 1371 1531 et
1398 1457 1622 1532 obedientiam
1648 1459 1838 1548 offerentes,
1867 1458 1937 1532 for·

385 1603 540 1669 manuque
566 1579 732 1669 sacrificii,
763 1602 822 1673 pro
849 1602 1017 1671 quacum
1045 1580 1246 1655 Graecorum
1273 1580 1519 1654 contendebant
1544 1579 1706 1670 Ecclesia,
1735 1602 1756 1653 a
1782 1579 1937 1652 Romana

385 1701 537 1774 Ecclesia
562 1701 656 1774 velut
683 1701 832 1774 omnium
859 1701 1025 1795 magistra
1052 1701 1117 1774 sibi
1135 1701 1207 1775 dari
1227 1703 1421 1794 deposcunt.
1451 1701 1540 1792 Quos
1566 1701 1738 1775 Romanus
1762 1698 1934 1789 Pontifex,

385 1843 446 1904 suo
473 1821 634 1896 sacrificio
662 1844 718 1895 cos
745 1824 856 1896 estare
883 1825 918 1896 et
946 1825 1082 1897 cunctos
1117 1823 1205 1896 ritus
1232 1824 1273 1896 ad
1300 1824 1437 1917 plenum
1465 1822 1634 1897 addiscere
1670 1821 1798 1912 iubens,
1837 1821 1936 1916 plene

385 1943 518 2016 edoctos
546 1942 687 2016 remisit.
733 1943 893 2037 Princeps
920 1946 1033 2018 autem
1061 1943 1241 2037 legationis
1274 1966 1360 2017 unus
1386 1967 1429 2018 ex
1457 1944 1528 2017 illis
1555 1943 1731 2038 episcopus
1765 1942 1853 2016 inter
1880 1963 1936 2016 sa·
1983 2005 1986 2012 .

384 2063 601 2137 criticandum
629 2065 765 2137 Summo
792 2065 955 2138 Pontifice
991 2065 1104 2138 dirina
1139 2067 1272 2158 agente,
1309 2065 1484 2159 splendido
1520 2066 1652 2159 fulgore
1687 2064 1816 2139 radium
1853 2063 1936 2136 solis

384 2207 486 2278 super
512 2184 615 2279 capnt
642 2185 714 2259 eius
741 2207 913 2259 coruscare
941 2188 976 2259 et
1003 2185 1038 2258 in
1065 2185 1138 2279 ipso
1166 2187 1248 2259 duas
1285 2188 1456 2261 columbas
1492 2187 1710 2260 ascendentes
1736 2188 1772 2260 et
1797 2186 1934 2261 descen·

384 2307 502 2380 dentes
529 2306 633 2381 vidit:
661 2329 727 2398 quo
755 2307 916 2381 miraculo
943 2306 977 2379 in
1006 2307 1228 2382 obedientiam
1256 2309 1427 2382 Romanae
1450 2308 1619 2384 Ecclesiae
1636 2329 1805 2398 accensus,
1834 2327 1934 2380 cunc·

382 2427 429 2500 tis
456 2450 541 2519 quae
565 2427 707 2518 viderat,
737 2427 881 2521 aperuit.

592 2794 705 2884 llagno
732 2793 990 2868 wratislaviensi
1018 2794 1170 2886 episcopo
1198 2791 1345 2868 succedit
1371 2793 1528 2866 lohannes
1544 2791 1727 2866 waeramina.

394 3113 397 3120 ,
488 3035 631 3110 Moritur
665 3057 703 3109 eo
740 3059 828 3110 anuo
864 3038 1009 3130 Magnus
1045 3036 1339 3112 wratislaviensis
1375 3019 1570 3130 episcopus,
1607 3057 1683 3108 cum
1719 3035 1820 3130 paulo
1857 3034 1935 3128 plus

384 3179 484 3250 quam
511 3159 618 3249 lustro
646 3181 712 3231 uno
730 3159 908 3233 cathedrae
936 3158 1209 3234 Wratislariensi
1237 3157 1472 3253 praesedisset,
1501 3159 1536 3231 et
1563 3157 1731 3231 Iohannes
1758 3155 1933 3246 secundus,

383 3280 522 3352 uocatus
549 3278 661 3369 Ianik,
690 3279 730 3352 de
757 3301 920 3353 consensu
947 3281 982 3354 et
1009 3281 1122 3354 farore
1148 3279 1297 3354 Boleslai
1324 3279 1434 3373 Crispi
1462 3279 1663 3352 Polonorum
1690 3277 1791 3350 Ducis
1809 3278 1844 3350 et
1862 3277 1933 3350 blo-

384 3401 540 3490 uarchee,
578 3400 786 3474 concorditer
813 3423 833 3474 a
859 3401 1103 3495 capitularibus
1119 3399 1147 3495 ³)
1173 3401 1312 3492 electus,
1341 3399 1531 3491 succedens,
1568 3399 1744 3473 ordinatur
1769 3421 1790 3473 a
1817 3399 1936 3472 Iacobo

330 3531 334 3536 ’
382 3521 491 3616 primo
519 3521 707 3596 Gnesuensi
743 3522 1012 3617 archiepiscopo:
1050 3522 1187 3597 natione
1222 3523 1369 3596 Polonus
1394 3524 1430 3596 et
1455 3543 1578 3616 genere
1614 3521 1737 3595 nobilis
1771 3521 1936 3594 dedomo

384 3642 582 3732 Griffonum,
611 3665 709 3736 quem
736 3666 812 3716 cnm
839 3667 998 3738 germano
1026 3665 1086 3717 suo
1113 3644 1223 3717 milite
1249 3644 1422 3717 Clemente
1441 3642 1476 3716 in
1497 3643 1699 3738 patrimonio
1717 3665 1777 3716 suo
1795 3643 1934 3716 Braesa·

383 3763 478 3838 nicaa
505 3765 743 3839 monasterium
779 3764 1046 3840 Andrreoriense
1082 3756 1241 3839 fundasse
1276 3767 1311 3839 et
1345 3765 1477 3838 dotasse
1513 3764 1548 3838 in
1587 3763 1813 3858 superioribus
1841 3785 1935 3838 mon·

384 3886 576 3960 stravimus.

843 4245 1050 4359 ANNUS
1086 4245 1308 4358 DOMINI
1345 4243 1474 4358 1147.
1613 4263 1614 4268 '

382 4493 547 4586 Excipitur
573 4493 710 4574 lonasto
738 4511 758 4565 a
784 4495 869 4585 lisga
896 4495 1111 4567 romanorun
1137 4494 1345 4588 wladislaus,
1373 4498 1408 4567 et
1431 4451 1559 4567 obtinet
1579 4495 1619 4566 ab
1639 4511 1676 4566 co
1696 4492 1933 4584 lagatos-mitti

382 4617 424 4688 ad
451 4617 585 4704 fratrea,
619 4621 740 4688 sortem
776 4615 910 4688 dominii
944 4619 1015 4688 eins
1052 4617 1226 4708 petituros:
1262 4618 1305 4688 iis
1332 4619 1464 4689 ramata
1490 4619 1568 4688 aunt
1593 4616 1737 4687 facinora
1763 4613 1933 4688 wladislai

380 4739 493 4831 burim
530 4737 647 4829 quitus
675 4737 813 4827 auditis,
849 4739 917 4809 tex
948 4738 1163 4810 bumanorum
1201 4757 1294 4809 omna
1330 4737 1489 4810 auditum
1516 4741 1552 4810 et
1579 4738 1722 4810 taronem
1748 4736 1799 4808 illi
1824 4737 1933 4827 cegat.

487 4979 686 5056 Venientem
713 4979 756 5054 ad
783 5001 819 5054 se
847 4979 1073 5057 Wladislaum
1110 4980 1311 5058 Polonorum
1347 4979 1472 5055 Ducem
1504 4978 1678 5054 dunradus
1704 4979 1932 5054 Romammm

380 5101 456 5176 aux
472 5101 499 5196 ⁴)
527 5101 634 5196 primo
661 5101 818 5194 benigne,
847 5101 1050 5194 comiterque
1077 5100 1260 5195 excipiens,
1298 5123 1373 5174 cum
1401 5102 1567 5176 adrentus
1594 5121 1712 5175 causas
1740 5099 1931 5174 intellexis-

489 5380 512 5458 ¹)
535 5381 572 5440 ad
595 5380 826 5440 transferendam
848 5380 971 5442 induxit.
992 5375 1062 5440 Ood.
1085 5381 1178 5441 Roar.
1212 5375 1240 5461 2)
1263 5379 1437 5440 mirabiliter
1459 5377 1519 5439 Ed.
1543 5380 1636 5440 Dobr.
1669 5375 1841 5458 ³)eapitulo
1861 5377 1933 5453 coc.

380 5485 472 5556 Itorr.
514 5480 540 5566 ⁴)
564 5485 728 5562 Imperator
750 5485 809 5546 Ed.
833 5484 926 5548 Dobr.
