4246 6274
19 569 20 572 ‘
169 550 224 648 (Α.
244 499 419 648 muca)
783 573 893 628 66666
919 572 1089 638 sumnus.
1652 552 1700 624 15

167 763 207 838 cd
241 762 406 838 Sanctum
441 762 624 838 Iohannem
659 763 695 838 ot
729 761 772 838 ad
806 763 966 838 Sanctum
1001 761 1169 837 Andresm
1200 759 1394 854 Uraooriae,
1428 758 1464 834 in
1490 757 1659 836 Kaciruinn
1677 759 1701 854 ¹)

167 887 206 960 ad
231 885 390 980 Quinque
417 886 566 977 Fratres,
596 884 630 960 in
657 885 810 976 llsthow,
838 885 881 959 ad
899 885 1057 960 Sanctum
1077 885 1214 959 Petrum
1231 883 1266 958 in
1285 883 1413 978 Nyssca
1428 882 1466 977 ²),
1495 880 1700 974 indutique

166 1007 292 1099 Konin,
320 1007 355 1082 in
381 1007 539 1082 Kothloa
555 1005 593 1102 3),
622 1005 655 1082 66
675 998 848 1104 Numirorg
865 1006 1176 1082 sanctimonialium
1195 1003 1473 1096 Praedicatorum,
1502 1003 1538 1080 in
1550 1006 1578 1100 ⁴)
1595 1005 1699 1080 16666·

164 1128 255 1218 bino,
291 1129 326 1204 in
341 1129 369 1223 6)
396 1129 586 1226 Ocirupony
613 1128 787 1219 Koscciol,
825 1129 860 1204 in
896 1129 1009 1204 Lauin
1036 1128 1267 1204 conventualis
1301 1129 1336 1202 et
1371 1126 1572 1222 parochialis
1604 1126 1698 1216 dnae,

164 1251 238 1344 in⁶l
263 1251 412 1343 Tulcce,
439 1251 475 1326 in
490 1251 519 1346 7)
546 1249 651 1343 (leoz,
680 1250 794 1326 Sancti
821 1251 957 1346 Aegidii
983 1253 1063 1326 ante
1089 1251 1225 1346 Krobya
1260 1253 1295 1325 66
1321 1249 1357 1324 in
1388 1250 1511 1326 lacero
1526 1249 1566 1344 Β).
1615 1249 1699 1324 dou·

164 1377 230 1458 stat
256 1374 398 1469 insuper
425 1375 615 1470 praelatum
639 1373 800 1450 domitam
823 1374 1056 1450 Skrnineusem
1084 1373 1234 1469 ingentis
1259 1371 1362 1448 animi
1381 1373 1416 1448 et
1432 1371 1574 1468 spiritus
1592 1371 1700 1450 airum

164 1494 321 1571 extitisse
347 1497 382 1570 et
409 1519 467 1592 pro
494 1494 739 1591 amplificanda,
768 1497 1025 1590 exornandaque
1051 1496 1249 1571 Polonorum
1277 1495 1412 1591 regione
1438 1515 1549 1572 reram
1575 1497 1610 1569 et
1640 1495 1700 1570 ho·

166 1619 249 1693 mine
280 1617 461 1714 magnifico
487 1619 522 1694 et
548 1618 679 1694 liberali
707 1618 843 1713 dignam
872 1621 1075 1694 monstrasse
1102 1640 1226 1693 curam.
1267 1616 1331 1714 Qui
1358 1617 1435 1692 dnm
1463 1617 1545 1692 duas
1572 1617 1702 1713 amplas

165 1739 366 1836 provincias,
393 1739 626 1832 (lalissiensem
652 1740 808 1818 videlicet
839 1744 873 1816 et
899 1740 1159 1816 Orusaicieneem
1194 1762 1254 1814 suo
1289 1738 1445 1836 regimini
1472 1762 1493 1815 a
1518 1737 1608 1814 Duco
1634 1739 1699 1814 Bo·

165 1864 268 1938 leslao
298 1862 517 1960 Krcyuoustp
545 1862 758 1955 commissas,
786 1862 1038 1939 administraret
1069 1865 1104 1938 et
1134 1861 1323 1956 frequentia
1359 1861 1480 1936 itinera
1507 1861 1547 1936 de
1573 1881 1640 1937 unc
1666 1861 1701 1935 in

19 2003 20 2014 ¹
165 1986 309 2064 alteram
337 1987 525 2080 perageret,
554 1984 799 2079 longitudinem
828 1985 969 2077 itineris,
999 2008 1065 2078 qua
1091 2007 1160 2060 una
1185 1984 1334 2060 distsbat
1351 1986 1394 2061 cb
1411 1985 1529 2075 altera,
1554 2003 1699 2074 mensus,

166 2107 200 2182 in
225 2129 342 2182 666666
370 2106 558 2182 meditullio
584 2108 772 2184 colamnam
798 2107 838 2183 de
865 2130 957 2199 saxo,
986 2131 1087 2199 quam
1113 2106 1215 2183 etiam
1242 2106 1276 2181 in
1295 2128 1452 2202 praesens
1478 2107 1513 2180 in
1539 2105 1701 2182 cimiterio

19 2287 20 2290 a
166 2230 325 2306 ecclesiae
359 2228 561 2325 parochialis
588 2228 622 2304 in
649 2229 762 2304 Konin
790 2230 966 2323 cernimus,
995 2229 1097 2306 locari
1125 2227 1299 2324 disposuit,
1327 2229 1381 2304 cui
1408 2229 1510 2304 etiam
1537 2251 1577 2304 ea
1595 2230 1702 2304 metra

166 2350 312 2446 insculpi
339 2350 460 2426 iussit:
1622 2366 1626 2376 ‘

342 2548 346 2556 ’
459 2561 504 2622 De
526 2561 646 2623 Kelisclr
667 2563 715 2623 hic
736 2561 861 2623 medium
882 2563 912 2622 66
935 2557 1150 2641 0666666666ἣ
1172 2560 1234 2623 fore
1254 2568 1402 2638 punctam,

460 2666 573 2728 Iudicat
594 2669 652 2729 ista
673 2669 736 2730 vice
758 2666 881 2744 loricula
902 2669 1040 2740 iustitiae,

459 2773 550 2846 Quam
571 2771 635 2832 fieri
657 2771 729 2833 fecit
749 2772 853 2833 Petrus
877 2771 980 2832 Comes
1002 2771 1160 2834 Palatinus.

168 3022 171 3026 .
267 2961 486 3038 Innocentius
511 2963 605 3059 Papa
630 2963 806 3055 secundm,
834 2985 908 3040 cum
935 2963 1033 3040 aunis
1059 2963 1229 3056 tredecim,
1257 2963 1437 3039 secundum
1462 2964 1593 3057 aliquos
1619 2985 1701 3059 qua·

165 3081 362 3176 tuordecim,
390 3085 560 3161 mensibus
585 3089 724 3182 septem,
755 3085 871 3162 diebus
898 3087 971 3164 octo
994 3086 1144 3180 sedisset,
1173 3086 1298 3162 6666666
1317 3087 1457 3162 moritur
1472 3089 1509 3164 at
1526 3087 1561 3162 in
1578 3088 1703 3162 coneha

19 3241 21 3244 ·
166 3207 359 3302 porphiricc
394 3207 478 3282 miro
508 3230 606 3303 opere
632 3207 799 3286 fabricate
825 3208 859 3282 in
887 3207 1027 3284 ecclesia
1061 3209 1280 3284 haterauonsi
1315 3208 1493 3285 honorilice
1529 3209 1701 3305 sepelitur.

165 3329 225 3404 (lui
252 3329 464 3405 tloelcstinus
490 3330 666 3420 66666666,
694 3329 829 3407 6666666
856 3331 982 3406 'luscus
1008 3331 1048 3406 de
1074 3331 1191 3406 (lustro
1217 3329 1417 3422 Felicitatis,
1454 3331 1620 3422 succedit,
1649 3330 1702 3408 vir

166 3451 331 3546 religione
358 3454 394 3528 et
415 3451 556 3528 scientia
582 3452 762 3548 praeditus,
791 3475 866 3528 cum
894 3475 1016 3548 magna
1033 3452 1260 3530 cardinalium
1286 3452 1568 3533 unanimitatead
1585 3452 1702 3528 Sedem

167 3574 259 3650 Petri
286 3575 426 3652 electus.

625 3938 832 4056 ANNUS
867 3939 1090 4056 IlOMlNI
1125 3939 1253 4055 1145,

167 4187 366 4268 credulum
394 4194 590 4284 reumaque
617 4211 659 4266 ex
684 4192 839 4266 nucleum
866 4191 1008 4266 unxina
1037 4190 1305 4281 exercitudine
1336 4191 1462 4266 caeru
1481 4189 1634 4284 expellit,
1669 4195 1703 4264 et

166 4335 221 4408 pm
247 4315 523 4408 archiepiscopum
549 4319 716 4408 propterea
741 4314 1054 4408 anathematismum
1081 4314 1208 4407 expulsi
1235 4317 1343 4388 cumn
1369 4332 1441 4387 cun
1458 4315 1638 4406 lyconum
1665 4331 1702 4388 m

166 4439 365 4515 6666166666
386 4439 420 4512 66
442 4442 550 4513 metm
576 4437 793 4528 Pornaulami,
820 4437 909 4530 princ
935 4437 1016 4510 ucri
1042 4455 1138 4529 qaam
1156 4455 1192 4510 cc
1210 4435 1309 4510 lurori
1335 4437 1475 4510 lrrtemo
1502 4433 1719 4530 connlttcm

855 4560 1020 4652 eligentes.
1117 4633 1118 4636 i

271 4801 373 4878 Petro
391 4800 431 4877 do
449 4799 550 4878 Dacia
563 4796 612 4898 ¹¹⁰)
629 4799 756 4878 comico
775 4799 965 4878 Skrninensi
993 4799 1184 4877 detestabili
1211 4797 1407 4876 crudelitate
1434 4799 1600 4890 mutilato,
1628 4821 1701 4878 ccc·

167 4924 321 5019 cetoque,
349 4922 557 5001 Wladislaus
583 4924 782 5000 Polonorum
808 4925 885 4999 Dux
911 4923 1120 5020 tyrannidem
1147 4925 1296 5018 coeptam
1322 4921 1608 5018 superintendens,
1636 4945 1702 4997 non

167 5048 209 5122 ad
237 5047 466 5142 occupandum
500 5046 608 5121 solum
644 5045 810 5122 frccomos
837 5044 1049 5141 Principatus
1076 5047 1261 5137 66666666,
1298 5045 1355 5120 sed
1390 5045 1433 5120 ad
1462 5043 1701 5120 eliminandum

276 5239 309 5320 1)’
324 5241 478 5304 0666666666
505 5239 576 5300 Ood.
607 5237 698 5299 Rosr.
744 5235 883 5315 9)166666
909 5235 1091 5300 06661666.
1128 5237 1218 5298 Hisce
1239 5237 1298 5298 Ed.
1321 5237 1415 5300 Dobr.
1460 5233 1487 5315 ³)
1509 5235 1612 5298 Kotom
1642 5233 1700 5297 Ed.

166 5347 261 5410 Dolor.
284 5343 392 5407 Korou
414 5345 474 5406 Ea.
497 5343 583 5421 Lipe.
618 5339 644 5420 ⁴)
667 5344 697 5402 in
718 5345 796 5404 deest
816 5345 851 5404 66
877 5342 946 5404 066.
966 5341 1038 5404 Aut.
1074 5337 1103 5421 ὑ)
1124 5342 1155 5402 66
1177 5343 1254 5402 dccet
1275 5343 1310 5402 66
1332 5341 1401 5404 Ood.
1416 5340 1488 5404 Aac.
1523 5338 1602 5418 ο)66
1624 5342 1702 5402 666666

166 5455 202 5512 iu
218 5449 299 5513 ’0666
323 5449 397 5512 Aac.
443 5447 470 5527 ⁷)
498 5451 529 5510 in
558 5448 636 5508 decet
664 5449 700 5508 iu
725 5447 795 5509 Oocl.
817 5445 890 5510 Aac.
936 5444 963 5527 Β)
991 5447 1092 5526 lezow.
1126 5445 1309 5510 06616666.
1354 5445 1381 5526 ⁹)
1404 5446 1603 5508 cruscaiczam
1631 5443 1702 5512 0666..

168 5556 260 5620 Rom.
313 5552 353 5636 ¹⁰)
375 5554 473 5616 Dania
493 5553 551 5615 Ed.
573 5553 666 5618 Dour.
1713 5533 1715 5538 ’
