4192 6272
420 510 495 582 456
757 489 761 502 ’
1024 529 1136 580 crana
1163 528 1356 582 suasurus.
1695 505 1756 602 (Α.
1776 501 1822 583 D.
1842 445 1962 604 lm.)
2062 595 2065 599 ⁴

417 715 536 790 Poloni
562 737 622 810 per
648 713 758 788 multa
771 711 933 787 milliaria
959 713 1131 808 fugientes
1157 713 1311 804 insecuti,
1340 714 1455 808 paucis
1482 713 1601 808 captis,
1621 714 1768 806 reliquos
1786 717 1962 791 necabant.

418 835 499 910 Octo
525 835 637 909 millia
663 857 770 926 caesa,
799 834 864 909 duo
891 835 1011 928 capta,
1039 834 1139 929 signa
1174 835 1339 910 militaria
1375 837 1504 929 septem
1539 858 1577 911 eo
1613 835 1740 929 praelio
1775 836 1963 930 intercepta

416 955 619 1030 referuntur.
648 957 714 1030 Leo
741 953 940 1049 principalis
966 955 1044 1027 Dux
1071 975 1144 1028 cum
1174 955 1289 1048 paucis
1317 955 1477 1030 itinerum
1503 955 1655 1050 expertis
1682 957 1815 1050 fugiens
1831 959 1864 1032 et
1884 979 1962 1032 con-

417 1076 513 1149 fusus
540 1075 659 1151 evasit.
688 1077 814 1150 Lestlo
841 1075 946 1168 Niger
972 1075 1136 1169 repellere
1162 1077 1290 1150 bellum
1317 1076 1383 1150 nisi
1411 1076 1571 1166 inferret,
1600 1099 1719 1170 parum
1744 1080 1858 1168 ratus,
1888 1079 1964 1171 post

416 1195 487 1271 dies
512 1195 703 1288 quindecim
730 1196 935 1270 exercitibus
961 1196 1120 1269 adunatis
1146 1199 1182 1270 et
1208 1197 1392 1287 recensitis,
1421 1219 1498 1272 cum
1524 1195 1671 1290 triginta
1698 1197 1847 1271 millibus
1864 1197 1962 1289 equi·

416 1318 490 1389 tum
516 1319 551 1390 et
578 1318 706 1392 duobus
734 1315 884 1410 peditum
921 1315 1030 1408 magis
1065 1317 1297 1410 expeditorum
1333 1319 1477 1392 leonem
1514 1317 1707 1407 insecutor,
1744 1320 1849 1392 terras
1881 1339 1963 1391 suas

416 1437 561 1512 Russiae
587 1436 728 1529 invadit,
771 1437 946 1526 multaque
972 1437 1083 1510 castra
1110 1458 1131 1510 a
1158 1437 1327 1511 Ruthcnis
1353 1438 1497 1528 deserta,
1525 1441 1586 1511 aut
1612 1437 1724 1511 minus
1750 1437 1838 1512 iusto
1864 1460 1964 1531 prae·

416 1557 501 1631 sidio
528 1559 649 1649 locata,
678 1560 829 1651 occupat,
858 1559 1034 1650 expugnat
1060 1560 1095 1632 et
1121 1558 1254 1648 euertit,
1282 1561 1318 1632 et
1345 1579 1451 1650 usque
1478 1559 1520 1631 ad
1547 1557 1720 1652 Leopolim
1738 1561 1830 1634 terra
1855 1581 1961 1652 popu-

417 1678 500 1769 lata,
530 1679 686 1772 praedam
714 1679 923 1770 frequentem
950 1681 1021 1750 tem
1048 1677 1222 1752 hominum
1249 1699 1350 1770 quam
1378 1699 1554 1772 pecorum,
1592 1679 1702 1753 Leone
1738 1678 1773 1750 in
1800 1678 1963 1753 ulteriora

416 1797 559 1874 Russiae
586 1798 785 1892 diffugiente
812 1800 848 1871 et
874 1798 1048 1872 decernere
1068 1797 1092 1890 ¹)
1119 1821 1185 1873 uon
1212 1799 1367 1887 audente,
1397 1798 1570 1872 Poloniam
1597 1797 1751 1872 adduxit.
1788 1799 1830 1870 ln
1855 1821 1962 1892 popu-

415 1917 542 1993 latione
568 1919 644 2012 ipra
671 1918 819 2011 quinque
854 1918 964 1992 millia
999 1939 1115 2009 caesa,
1152 1921 1297 2010 quatuor
1332 1919 1443 1993 millia
1478 1919 1514 1992 in
1550 1918 1785 2013 captivitatem
1819 1919 1964 1992 abducta

416 2038 620 2113 scribuntur.

646 2401 785 2474 roomo
821 2402 993 2493 episcopm
1018 2401 1205 2474 Pleuramis
1230 2403 1381 2491 moritur,
1409 2401 1548 2476 doulam
1575 2400 1729 2475 succedit

518 2642 663 2716 Thomas
702 2642 790 2715 alias
824 2643 977 2716 Thomlra
1011 2641 1202 2716 Plocuensis
1237 2642 1411 2736 episcopus
1454 2664 1529 2716 cum
1564 2641 1665 2716 annis
1700 2643 1774 2716 octo
1809 2641 1960 2732 sedisset,

412 2763 555 2837 moritur
580 2766 616 2838 et
642 2764 731 2857 apud
757 2763 970 2837 Ploczeusem
1006 2763 1180 2837 ecclesiam
1220 2764 1396 2857 sepelitur.
1432 2762 1494 2836 (lui
1520 2763 1665 2838 Goslaus
1691 2761 1874 2852 successit,
1903 2783 1962 2855 por

415 2885 616 2958 conformem
644 2883 866 2976 capitularem
893 2883 1091 2957 electionem
1118 2884 1246 2957 electus
1273 2883 1328 2957 uia
1354 2882 1520 2974 scrutinii,
1549 2883 1671 2957 nobilis
1697 2903 1821 2975 genere
1848 2882 1888 2956 da
1905 2883 1961 2954 do-

413 3025 467 3078 mo
494 3004 693 3094 (indorum,
723 3025 744 3077 a
769 3003 916 3077 Martino
942 3005 1063 3095 quarto
1090 3004 1227 3078 Summo
1254 3003 1418 3078 Pontifice
1444 3005 1607 3092 Romano,
1626 3003 1777 3076 Ducibus
1794 3001 1962 3077 licaoniae

415 3123 595 3214 Semovito,
623 3123 797 3197 Karimiro
825 3126 860 3198 et
886 3125 1044 3198 Boleslao
1070 3125 1370 3215 consentientibus,
1398 3125 1614 3200 confirmatus
1641 3125 1676 3196 ot
1696 3126 1833 3218 propter
1851 3122 1959 3198 Gnes-

413 3245 528 3320 nonsis
554 3244 715 3320 ecclosias
742 3244 936 3319 diuturnam
963 3245 1172 3321 vacationem
1198 3246 1363 3340 provisus,

695 3629 782 3702 lloro
809 3645 923 3720 ganam
950 3626 1066 3700 mortis
1092 3627 1246 3699 llioolrur
1272 3627 1357 3718 Papa
1382 3625 1502 3700 tortior
1530 3625 1674 3700 moritur.

513 3867 674 3943 Nicolcus
702 3869 795 3962 Papa
822 3867 945 3942 tertius
972 3889 1047 3942 cum
1074 3866 1172 3941 anuis
1199 3867 1338 3958 duobus,
1366 3865 1538 3940 mensibus
1565 3887 1693 3956 norem,
1713 3863 1832 3940 diebus
1852 3862 1959 3939 tribus

408 3987 563 4081 sedisset,
592 3990 634 4062 ad
660 3989 808 4062 castrum
835 3987 1015 4062 Surianum
1031 3987 1060 4082 ²)
1086 4009 1188 4082 supra
1213 3987 1405 4062 viterbium
1431 3989 1474 4061 ad
1492 3987 1592 4060 unius
1619 3987 1734 4060 leucae
1759 3984 1958 4092 distantiam

407 4109 523 4201 situm,
552 4109 641 4200 quod
667 4109 801 4182 cuidam
828 4109 934 4184 nobili
962 4111 1024 4181 sub
1051 4109 1232 4202 praetextu
1268 4107 1458 4182 haereticae
1494 4106 1674 4201 pravitatis
1709 4107 1899 4179 abstulerat
1924 4106 1959 4177 ot

408 4229 666 4325 consanguineis
692 4229 883 4322 donaverat,
899 4251 947 4322 ‘so
973 4229 1194 4320 transferens,
1223 4228 1390 4322 singulari
1417 4231 1453 4303 et
1478 4249 1565 4302 nore
1593 4227 1734 4302 moritur
1750 4227 1870 4317 morte,
1890 4225 1958 4318 pri-

408 4353 507 4424 uatus
534 4351 646 4424 subito
673 4351 762 4424 omni
790 4373 889 4424 sensu
917 4353 952 4422 et
967 4345 995 4442 ³)
1023 4351 1136 4440 motu,
1173 4348 1333 4424 uicesima
1367 4349 1472 4440 tertia
1506 4347 1668 4442 Augusti.
1709 4346 1812 4421 dulus
1838 4365 1957 4438 corpus

411 4471 554 4544 Romam
581 4471 797 4561 translatum,
826 4471 862 4542 in
889 4469 1038 4543 Basilica
1064 4469 1163 4544 Beati
1189 4468 1283 4544 Petri
1310 4471 1345 4543 et
1362 4469 1398 4541 in
1416 4469 1548 4562 capella
1561 4467 1659 4542 Beati
1676 4466 1822 4555 Nicolai,
1858 4486 1955 4557 quam

409 4589 483 4683 ipse
509 4591 754 4682 aedificaverat,
783 4592 955 4684 sepultum
982 4591 1045 4663 est.
1087 4591 1169 4663 Post
1196 4589 1291 4665 cuius
1318 4591 1460 4663 mortem
1486 4587 1597 4663 uariae
1623 4587 1804 4662 seditiones
1830 4587 1957 4660 conco

413 4709 503 4784 inter
529 4711 671 4785 Ursinus
687 4712 715 4804 ⁴)
741 4715 776 4785 et
803 4710 1071 4784 Hanibaldenses
1098 4709 1171 4784 lieri
1199 4712 1336 4802 coeptae
1363 4709 1454 4782 sunt.

516 5020 539 5100 ¹)
563 5022 717 5082 decertare
741 5021 808 5081 dod.
839 5021 932 5080 Rozr.
956 5018 983 5096 ⁹)
1007 5019 1178 5080 Saurianum
1204 5017 1273 5081 Cod.
1295 5017 1369 5078 Aac.
1394 5015 1422 5098 3)
1445 5023 1532 5091 atque
1548 5018 1636 5078 etiam
1654 5014 1725 5077 God.
1741 5016 1836 5076 Roar.
1860 5008 1885 5090 ⁴)
1900 5011 1954 5073 Ur·

410 5127 508 5186 sioues
530 5125 591 5186 Ed.
613 5127 702 5200 Lipc.
