4192 6272
175 529 239 624 (Α.
258 529 303 605 D.
324 529 443 623 1295.)
788 555 898 606 arnna
926 554 1109 608 ocusvus.
1648 539 1722 610 529

171 737 273 834 poris,
303 737 527 830 exterminet,
556 761 639 831 quos
667 738 820 835 priuatus
855 742 890 816 et
915 741 976 817 uix
1001 742 1137 817 sextum
1172 741 1337 818 decimum
1372 765 1478 838 agens
1512 765 1724 837 annumero

173 859 418 937 munitionibus
454 861 622 936 Strneleue
662 864 697 937 et
732 862 864 937 Drnden
885 861 926 957 ¹),
965 863 1054 937 male
1091 887 1150 960 per
1177 885 1233 940 eos
1259 863 1442 958 possessis,
1471 865 1722 955 exturbaverat,

174 980 362 1075 periculum
389 981 454 1056 sibi
481 985 517 1058 et
543 982 613 1056 suis
644 983 813 1076 dominiis,
841 981 909 1058 nisi
937 1006 995 1078 per
1022 1005 1078 1060 eos
1105 985 1179 1060 Rex
1205 984 1452 1077 Pmernislaus,
1481 985 1577 1061 cuius
1603 987 1723 1061 claris-

172 1100 294 1178 simam
321 1103 469 1178 indolem
496 1104 605 1179 adhuc
632 1105 668 1179 in
695 1128 797 1199 puero
823 1105 995 1180 habebant
1021 1108 1243 1200 perspectam,
1272 1109 1378 1183 morte
1405 1106 1723 1202 summoveretur2),

171 1226 371 1298 euenturum
398 1225 477 1317 rati,
506 1224 541 1298 in
569 1247 684 1301 necem
712 1225 784 1299 eius
810 1225 1033 1320 instigatione
1051 1225 1261 1321 diabolica³i
1287 1227 1493 1321 conspirant,
1514 1228 1722 1322 propositum

171 1345 334 1421 scelestae
361 1345 409 1421 rei
436 1345 619 1439 celerrime,
649 1348 830 1437 antequam
858 1346 952 1441 prodi
980 1351 1104 1442 posset,
1133 1349 1318 1424 executuri.

391 1713 547 1804 Procopio
575 1713 779 1788 dracurieusi
807 1715 960 1806 episcopo
988 1714 1135 1788 succedit
1161 1715 1318 1787 lolrauuas
1344 1713 1502 1786 Mustela.

271 1951 536 2028 dracoriensium
563 1953 738 2048 episcopus
766 1953 965 2049 Procopius,
995 1977 1070 2029 cum
1097 1953 1196 2028 anuis
1223 1955 1369 2046 duobus,
1406 1954 1576 2029 mensibus
1612 1953 1721 2028 tribus

169 2072 205 2146 in
232 2073 442 2149 dracouiensi
469 2075 547 2149 sede
573 2075 727 2164 sedisset,
756 2075 899 2150 moritur
925 2078 960 2149 et
987 2076 1022 2148 in
1049 2075 1192 2150 ecelesia
1218 2075 1429 2150 dracouiensi
1457 2075 1633 2170 sepelitur.
1661 2075 1722 2148 (lai

169 2195 338 2270 Iohannes
364 2197 501 2270 uocatus
527 2197 687 2286 Muslrata
701 2195 728 2289 ⁴)
755 2195 920 2290 Magister
945 2195 1092 2287 Artium,
1121 2196 1374 2271 archidiaconus
1409 2197 1646 2288 Lancioiensis,
1664 2219 1722 2271 no·
1834 2225 1838 2231 ·

169 2315 250 2390 bilis
284 2339 425 2412 genere,
466 2317 603 2392 natione
629 2317 943 2408 wratislaviensis,
984 2319 1138 2392 deferens
1179 2341 1239 2412 pro
1279 2339 1446 2392 armorum
1487 2319 1657 2412 insigniis,
1686 2317 1722 2390 in

167 2459 286 2532 campo
312 2438 492 2514 coelestino
524 2455 642 2516 nouem
668 2439 745 2515 lilia
771 2441 912 2535 glauca,
941 2440 1108 2529 succedit,
1147 2439 1182 2512 in
1217 2439 1271 2514 dio
1298 2439 1412 2514 Sancti
1442 2439 1614 2514 Benedicti
1643 2461 1720 2514 con-

167 2557 305 2634 fossoris
330 2559 536 2636 concorditer
562 2555 703 2636 electus.

203 2873 434 2948 druailoromru
469 2873 623 2965 Magister
659 2873 762 2947 austri
798 2873 873 2946 ucri
900 2874 1213 2947 consummationem
1240 2874 1390 2946 auresue
1418 2875 1580 2948 Maserius
1607 2875 1685 2948 auci

201 2994 423 3086 prohibiturus
463 2996 591 3086 colligit
631 2996 828 3070 exereitum:
868 2995 927 3068 red
968 2995 1207 3086 conspiratione
1247 2994 1430 3070 donauticu
1470 2997 1511 3067 at
1552 2997 1682 3088 incepto

857 3120 1037 3191 reuocetur.

270 3321 411 3396 Moleste
438 3321 550 3397 ferens
576 3321 755 3396 Boleslaus
781 3319 949 3397 Masouiae
976 3321 1054 3394 Dux
1082 3319 1186 3396 castri
1213 3320 1266 3395 sui
1293 3321 1434 3398 Wisana
1460 3321 1721 3397 destructionem

165 3464 226 3536 per
252 3441 455 3537 Magistrum
482 3443 727 3518 Grnciierorum
756 3443 901 3533 iactam,
931 3442 1025 3516 eliud
1051 3464 1185 3516 rursum
1221 3443 1371 3518 castrum
1397 3443 1508 3538 eoepit
1536 3443 1718 3518 intricare:

165 3563 262 3637 cuins
288 3563 608 3639 consummationem
635 3565 840 3639 Menhardus
866 3563 1113 3639 druciierorum
1141 3563 1304 3658 Magister
1331 3563 1574 3658 prohibiturus
1604 3585 1718 3638 omnes

166 3684 318 3759 homines
345 3685 501 3759 Prussiee
528 3707 642 3760 seruos
668 3687 703 3759 et
729 3685 852 3760 liberos
878 3684 970 3780 cogit
996 3685 1033 3758 in
1060 3707 1161 3759 arma
1191 3685 1260 3759 Sub
1288 3707 1353 3777 qno
1380 3683 1720 3779 temporoZambieu·

166 3827 220 3880 sos
246 3808 282 3881 et
308 3807 538 3901 Noctagenses
557 3806 736 3898 Protheni,
756 3805 967 3882 clandestina
980 3805 1228 3900 conspiratione
1246 3805 1342 3898 inite,
1361 3806 1584 3900 apostatando
1602 3828 1623 3878 a
1640 3804 1717 3894 fide,

165 3927 305 4001 Fratres
331 3927 519 4002 Oraciferos
546 3927 582 4001 in
609 3929 837 4002 Bartheusten
854 3927 882 4022 ⁵)
909 3927 996 4000 nihil
1024 3927 1094 4002 tale
1121 3925 1344 4020 suspicantes,
1379 3927 1719 4020 comprehendantui

164 4047 340 4136 occidunt;
378 4048 413 4122 in
441 4049 519 4123 aliis
547 4071 678 4140 quoque
714 4047 797 4124 locis
824 4047 1079 4143 populationes,
1109 4047 1224 4123 caedes
1259 4051 1295 4122 et
1335 4047 1445 4141 spolia
1471 4047 1506 4120 in
1534 4026 1721 4120 drucileros

164 4171 201 4244 et
228 4173 376 4246 caeteros
416 4170 626 4245 Christianos
665 4169 841 4262 utriusque
881 4191 982 4244 serus
1023 4171 1203 4264 peragunt.
1249 4169 1320 4264 Quo
1348 4170 1437 4243 nrelo
1473 4167 1720 4244 commendator

164 4290 470 4386 Kinsbergensisff
497 4290 644 4386 cognito,
664 4290 878 4386 expeditione
896 4293 1013 4365 contra
1031 4291 1158 4365 Ducem
1177 4291 1373 4365 Boleslaom
1393 4288 1561 4364 Maserius
1580 4287 1715 4376 omissa,

164 4412 202 4486 in
228 4411 402 4486 Prussiam
427 4433 591 4504 reuersus,
620 4411 822 4506 gliscentem
848 4411 1048 4486 seditionem
1075 4411 1262 4505 oppressit,
1293 4413 1328 4486 et
1354 4410 1467 4504 capito
1494 4408 1714 4503 conspiratio-

166 4533 221 4607 nis
248 4531 437 4608 instaurato
464 4533 589 4609 iudicio
616 4533 764 4627 punivit.
793 4533 835 4606 In
862 4532 1083 4606 Lithuaniam
1110 4533 1230 4608 deiude
1256 4533 1412 4607 traducto
1444 4531 1615 4622 exercitu,
1645 4553 1719 4604 mu·

165 4653 329 4730 nitioucm
356 4655 538 4746 quandam,
567 4677 610 4730 ex
637 4677 704 4746 qua
730 4653 893 4728 Lithuani
921 4653 1139 4748 diffugerant,
1159 4653 1292 4742 exurit3
1322 4655 1469 4728 castrum
1487 4675 1565 4727 uero
1583 4652 1719 4747 Kymcl,

164 4798 187 4852 a
215 4799 281 4868 quo
307 4775 443 4870 saepius
469 4774 673 4868 cruciferis
700 4775 828 4870 repulsi
856 4775 1012 4866 fuerant,
1041 4773 1158 4849 occisis
1185 4774 1305 4849 multis
1332 4773 1525 4865 Lithuanis,
1547 4772 1605 4863 qui
1633 4772 1720 4845 illud

164 4895 400 4988 defendebant,
430 4893 655 4990 conquirite.
1711 4901 1716 4910 ·

274 5154 297 5234 Ι)
320 5158 416 5216 Drzen
443 5156 514 5217 Ood.
538 5157 631 5216 Roer.
659 5155 779 5230 Drdngn
801 5155 861 5216 Eoi.
885 5155 972 5231 Ia'ps.
1012 5151 1041 5236 ⁹)
1064 5159 1158 5214 morte
1180 5153 1278 5214 subita
1300 5153 1454 5213 tolleretur
1480 5171 1496 5212 e
1520 5151 1616 5213 medio
1644 5151 1715 5214 ooo.

163 5263 257 5324 Beer.
281 5258 308 5338 ³)
332 5261 477 5321 diabolica
498 5261 691 5334 inspiratione
714 5265 745 5318 ot
767 5261 955 5333 instigatione
976 5259 1036 5320 Ed.
1060 5261 1148 5333 Lips.
1173 5255 1200 5334 ⁴)
1223 5257 1378 5318 Muscatlra
1400 5258 1460 5317 Ed.
1483 5257 1571 5332 Lips.
1596 5254 1624 5336 ὓ)
1647 5257 1719 5316 Ber·

164 5371 282 5427 tensten
303 5366 364 5426 Ed.
387 5365 474 5440 Lupe.
495 5361 528 5440 Ρ)
550 5364 807 5436 llinigsbergensis
834 5361 905 5423 God.
929 5365 1020 5424 Rosr.
1046 5359 1072 5438 7)
1088 5361 1233 5422 cruciferi
1255 5363 1384 5423 deestis
1409 5360 1481 5422 doc.
1504 5360 1577 5422 Aac.
1603 5359 1632 5438 8)
1650 5379 1718 5420 con·

165 5471 293 5546 quirunt.
309 5468 379 5530 coo.
400 5465 475 5530 Aac.

216 5637 238 5684 J.
251 5638 345 5696 Diogen.
360 5639 445 5684 mmor.
459 5636 538 5680 Polou.
552 5636 578 5680 M.
593 5636 625 5680 11.
1529 5623 1560 5672 67
