4208 6282
140 529 197 626 (Α.
218 527 265 604 Β.
285 529 392 624 lieo.)
748 547 859 600 nunna
886 546 1057 611 cornuue.
1626 524 1674 596 63

140 738 331 816 sinceritate
348 736 581 827 custodituros,
609 735 870 832 impleturosqne
889 734 1156 830 spoponderunt;
1184 733 1241 808 sed
1269 756 1335 808 non
1361 733 1438 828 post
1465 730 1573 807 multu
1590 733 1675 807 tem-

140 885 231 958 pora,
259 859 434 957 sponsione
459 861 623 936 temerata
643 859 665 954 ¹)
689 861 723 934 et
749 860 857 954 pacto,
892 857 1118 952 praeveniente
1144 880 1244 949 quam
1280 877 1422 948 seruare,
1460 854 1546 948 quod
1581 852 1675 950 pepi·
1744 873 1754 890 ·

141 987 271 1079 gerant,
300 985 501 1059 maluerunt.
529 981 695 1057 Adhibuit
720 983 833 1056 autem
860 981 1003 1072 quilibet
1028 981 1158 1056 Ducum
1186 979 1410 1074 praefatorum
1436 998 1606 1072 operosam
1625 975 1676 1050 di·

141 1106 329 1202 ligentiam,
358 1108 397 1180 ut
424 1107 530 1181 sortes
558 1128 692 1179 snorum
719 1103 975 1198 Principatunm
1010 1103 1102 1179 ciuili
1129 1105 1164 1179 ct
1190 1104 1328 1178 externe
1363 1100 1451 1176 bello
1478 1101 1615 1176 uexatus
1643 1101 1677 1173 et

142 1233 317 1325 propterea
344 1229 500 1320 desertas,
529 1227 565 1302 in
592 1229 724 1323 frugem
756 1226 927 1302 meliorem
963 1227 1150 1302 uerterent:
1187 1247 1365 1318 eorumque
1393 1223 1559 1300 industria
1585 1220 1677 1298 breui

142 1352 233 1447 regio
260 1351 416 1428 Siesitica
442 1350 578 1426 coaluit.
606 1351 813 1446 ldpeeuslaus
840 1350 1069 1424 tantummodo
1096 1350 1174 1423 Dux
1189 1347 1216 1442 ²)
1243 1349 1286 1422 ad
1313 1347 1347 1421 id
1374 1345 1560 1422 dementiae
1586 1367 1676 1419 omo-

142 1498 175 1549 re
202 1474 374 1548 cuiusdam
410 1473 626 1550 mulierculae
661 1472 881 1547 infascinatus
915 1471 1018 1562 uenit,
1056 1474 1095 1545 ut
1122 1469 1221 1546 sortis
1248 1492 1325 1545 suae
1352 1469 1533 1544 notabilem
1560 1466 1677 1542 ciuita-

142 1602 210 1673 tem
236 1597 395 1692 Opauiem
422 1597 528 1672 eidem
556 1595 772 1671 mulierculae
793 1596 961 1690 perpetua
988 1593 1165 1669 donatione
1191 1594 1367 1669 conferret.
1395 1591 1567 1666 Corradus
1586 1592 1677 1684 post-

142 1721 222 1794 haec
249 1719 428 1794 immatura
454 1721 561 1794 unorte
589 1719 692 1794 Sexto
720 1717 845 1792 decimo
873 1716 1035 1792 delendas
1061 1715 1234 1790 Februarii
1266 1715 1425 1792 decedens
1452 1713 1524 1789 sine
1550 1711 1677 1803 liberis,

141 1844 263 1918 sortem
290 1864 396 1933 suam,
425 1841 680 1936 Glogouiensem
706 1841 884 1933 Donatum,
914 1839 1002 1916 inter
1028 1839 1151 1914 fratres
1178 1837 1389 1934 partiendam
1415 1835 1565 1928 reliquit.

595 2203 801 2319 ANNUS
836 2203 1060 2318 DOMINI
1096 2201 1227 2316 lide.

142 2483 144 2488 ’
190 2457 361 2530 boleslaus
385 2457 576 2549 ,Polouorum
602 2459 673 2530 buu
698 2457 862 2530 Pmssieuu
889 2457 1066 2548 ingressus,
1092 2455 1269 2528 lmtbenos
1295 2452 1390 2529 lucu
1418 2453 1627 2528 adustionem
1699 2555 1702 2566 ι

570 2580 734 2672 surripere
761 2583 795 2653 et
821 2580 944 2653 tributu
970 2579 1107 2672 pendere
1134 2577 1250 2670 coegit.

243 2821 372 2897 Hostili
399 2819 606 2918 responsu,
644 2822 702 2916 qui
730 2846 749 2897 a
776 2824 924 2915 Caesare,
962 2821 1182 2917 Almonisque
1209 2823 1344 2918 propter
1370 2820 1472 2898 Ducis
1498 2820 1680 2899 Wladislai

138 2947 173 3020 et
200 2944 352 3020 filiorum
378 2967 513 3020 suorum
536 2946 794 3040 propulsionem
822 2949 857 3022 et
883 2945 1024 3022 exilium
1060 2945 1349 3041 superimpendere
1380 2944 1564 3036 uidebatur,
1600 2947 1678 3019 sub-

137 3069 221 3160 lato,
252 3090 330 3142 oum
355 3070 390 3144 et
415 3092 458 3144 ex
485 3067 626 3161 reliquis
661 3069 852 3164 regionibus
886 3069 1044 3144 Puloniae
1074 3069 1192 3164 Regno
1227 3067 1346 3144 uicinis
1381 3067 1468 3141 nihil
1504 3067 1680 3142 timeretur

135 3191 279 3283 hostile,
307 3192 482 3268 Boleslaus
509 3183 709 3268 Polouorum
735 3193 814 3267 Dux
837 3194 872 3267 et
889 3192 1079 3283 Monareha‚
1108 3190 1348 3266 communicato
1375 3190 1519 3266 fratrum
1546 3213 1679 3264 suorum
1707 3237 1710 3244 ι

134 3316 168 3388 et
196 3315 362 3409 nepotum
397 3313 592 3409 Principum
627 3315 784 3390 Poloniae
819 3314 977 3406 consilio,
1015 3313 1261 3409 expeditionem
1298 3314 1414 3388 contra
1448 3312 1680 3408 Prnssioam⁴)

132 3439 288 3532 gentem,
325 3436 534 3512 idololatriae
562 3437 597 3510 in
623 3460 697 3512 earn
723 3437 811 3512 diem
839 3437 995 3528 deditam,
1030 3436 1159 3528 indicit,
1188 3435 1266 3512 lidei
1293 3458 1405 3512 sacrae
1436 3435 1620 3511 catholicae
1646 3437 1681 3511 et

132 3581 215 3634 suae
244 3558 369 3634 ditioni
395 3559 490 3634 illam
517 3559 769 3655 subiugatums.
806 3559 1085 3636 Conuenientibus
1111 3560 1225 3651 itaque
1252 3559 1399 3634 omnium
1426 3558 1680 3655 Principetuum

132 3682 250 3777 Regni
281 3682 440 3758 Polouiae
466 3683 582 3778 copiis,
619 3685 700 3760 Osse
734 3683 882 3774 flumine,
920 3683 979 3775 qui
1014 3685 1122 3758 terras
1157 3683 1356 3757 Polouorum
1390 3683 1637 3757 aPrussorum
1653 3683 1681 3776 ⁵)

132 3804 337 3899 distinguit,
365 3808 534 3900 superato,
562 3807 732 3880 Prussiam
750 3806 884 3901 agmine
911 3805 1084 3900 tripartito
1111 3803 1358 3900 ingrediuntur.
1386 3803 1498 3880 Primo
1516 3803 1680 3897 siquidem

132 3927 267 4022 agruim
296 3927 463 4004 chrious
490 3929 569 4002 Dux
596 3927 874 4004 Saudomiuieusis
901 3930 1062 4022 praeerat,
1101 3927 1242 4002 secundo
1274 3927 1479 4022 Mycenslaus
1505 3927 1583 4001 Dux
1608 3928 1679 4000 lla-

132 4051 215 4125 ioris
244 4049 419 4142 Poloniae,
447 4050 586 4126 tertium
613 4051 788 4126 Boleslaus
814 4051 994 4126 Monarohe
1020 4049 1208 4125 ductitabat
1223 4048 1263 4143 ⁶).
1300 4049 1462 4126 Prutheui
1491 4071 1565 4126 oum
1593 4049 1680 4124 uires

130 4195 210 4248 suas
239 4174 288 4249 ad
316 4173 539 4250 resistendum
565 4175 763 4249 Polouorum
791 4172 1001 4249 multitudini
1028 4172 1213 4248 imbecilles
1226 4171 1255 4266 ⁷)
1281 4171 1525 4263 aestimassent,
1559 4171 1593 4246 iu
1619 4173 1680 4246 sil·

130 4317 202 4390 uas,
233 4295 449 4392 paludesque
476 4299 511 4370 et
537 4297 611 4372 loca
637 4295 713 4371 auia
729 4295 757 4390 Β)
784 4295 978 4392 diffugiunt,
1012 4295 1166 4370 noctibus
1192 4297 1305 4370 tammo
1330 4294 1512 4370 exercitum
1539 4295 1680 4370 Polouo-

129 4441 218 4510 rum,
249 4419 283 4493 si
304 4419 435 4513 quando
455 4418 619 4512 iniquitas
647 4419 793 4494 locorum
819 4419 1022 4496 occasionem
1041 4419 1230 4514 praebebat,
1259 4418 1439 4509 lacessunt,
1467 4417 1503 4491 in
1529 4419 1678 4513 apertam

129 4563 208 4618 uero
225 4541 256 4636 ⁹)
286 4540 540 4616 dimicationem
567 4565 632 4616 uon
659 4542 834 4636 prodeunt.
866 4542 940 4616 Iam
968 4539 1141 4616 dimidium
1169 4563 1282 4616 eorum
1308 4539 1455 4636 regionis
1481 4541 1681 4616 Polouorum

129 4664 321 4756 exercituo,
358 4663 509 4738 dammas
541 4663 623 4739 uicis
653 4667 689 4739 et
713 4664 874 4760 uillagiis‚
912 4663 1162 4759 populationem
1197 4663 1289 4758 agris
1324 4663 1491 4758 ingerens,
1527 4685 1680 4738 emensus

128 4791 217 4878 crat,
248 4809 332 4863 oum
359 4787 605 4862 Pruthenorum
631 4786 801 4881 primores
830 4786 1009 4862 securitate
1037 4786 1154 4880 petita,
1183 4784 1219 4860 iu
1246 4785 1357 4867 cestra
1383 4784 1591 4880 perueniunt,
1620 4808 1680 4879 pa·

129 4932 272 5004 comque
302 4911 438 5004 petunt,
475 4910 650 4985 offerentes
677 4931 713 4984 se
740 4909 931 4984 obedienter
957 4907 1079 5000 omnia,
1116 4931 1202 5000 quae
1228 4907 1483 5003 imperarentur,
1521 4909 1678 4982 facturos.

127 5031 176 5107 dt
203 5032 392 5108 Boleslaus
418 5033 618 5108 Polouorum
644 5032 722 5106 Dux
749 5033 783 5107 et
810 5031 990 5108 Monaroha
1030 5030 1174 5126 primum
1202 5031 1303 5124 iubet,
1332 5030 1558 5124 decernitque,
1587 5033 1625 5104 ut
1651 5030 1681 5104 si

241 5331 267 5414 ¹)
290 5334 404 5394 uiolata
428 5327 499 5395 Coa.
521 5333 611 5394 Reor.
644 5330 672 5411 ⁹)
689 5331 860 5408 Opauiensis
882 5332 949 5393 Dux
972 5331 1031 5392 Ed.
1053 5333 1147 5394 Dobr.
1179 5327 1208 5411 ³)
1223 5337 1301 5393 metu
1329 5330 1399 5392 Ood.
1422 5332 1512 5394 Rorr.
1551 5325 1577 5408 ⁴)
1592 5331 1679 5390 Prus·
1744 5343 1747 5356 ·

130 5457 178 5500 sos
205 5441 281 5502 God.
307 5440 402 5500 Rorr.
435 5435 463 5518 ⁵)
478 5439 598 5499 Prassia
624 5437 694 5498 Ood.
716 5439 807 5498 Rorr.
840 5433 866 5515 6)
881 5437 1015 5498 ducebat.
1033 5433 1102 5500 Cod.
1125 5439 1217 5498 Roas.
1250 5434 1495 5515 ⁷)imbecilliores
1511 5437 1569 5497 Ed.
1585 5437 1679 5500 Dobr.

132 5546 160 5634 ⁸)
183 5549 266 5610 inuia
294 5543 371 5608 ooo.
395 5543 486 5606 Rorr.
529 5540 647 5624 ”lucro
669 5546 746 5606 deest
766 5546 803 5604 tu
830 5541 900 5604 Ood.
923 5541 996 5606 Aut.
1504 5544 1508 5552 '
