4192 6272
392 497 467 570 532
998 515 1109 564 urana
1135 513 1319 565 oc'ravus.
1676 491 1738 585 (Α.
1758 491 1805 565 D.
1825 491 1944 586 1290.)

389 705 503 778 minen
531 700 694 778 Iohannis
721 698 861 776 domitis
887 698 1199 794 Brondcburgausis
1225 698 1372 793 praefati
1408 721 1475 772 nou
1511 698 1596 774 sutis
1623 697 1781 772 admirari
1810 700 1941 793 potest:

391 824 449 918 qui
476 847 551 900 cnm
578 823 668 898 esset
696 821 840 916 praelati
868 821 1064 896 Praemislai
1092 819 1252 894 Polouiae
1280 819 1386 914 Regis
1413 841 1516 912 nepos
1552 841 1734 913 germanus
1761 841 1805 894 ex
1833 838 1943 896 acrore

392 969 453 1020 aua
480 967 642 1040 germana
669 943 879 1033 consancta,
909 941 1096 1037 patrissui
1124 941 1207 1032 filia,
1236 961 1337 1034 quam
1356 941 1529 1014 Ouuradus
1554 939 1704 1014 Marchio
1730 941 1942 1016 Brandebur-

392 1066 508 1162 gensis
534 1066 805 1161 desponsaverat,
834 1066 1023 1158 susceptos,
1053 1063 1087 1140 io
1116 1084 1230 1138 necem
1258 1063 1372 1137 tamen
1400 1061 1560 1136 auunculi
1587 1061 1740 1157 germani
1763 1063 1799 1136 et
1817 1063 1944 1136 Christi

393 1187 539 1278 Domini,
568 1186 699 1280 priuato
726 1185 830 1260 etiam
857 1185 967 1260 officio
994 1184 1059 1258 sibi
1087 1183 1278 1274 uenerandi,
1306 1183 1462 1258 dextram
1489 1184 1669 1258 extendere
1704 1183 1739 1256 et
1765 1183 1944 1278 sanguinis

394 1309 446 1382 sui
474 1309 647 1402 parentem
675 1309 812 1382 cruento
839 1329 996 1380 mucrone
1023 1307 1064 1380 dc
1091 1327 1202 1380 rerum
1230 1305 1352 1379 natura
1378 1305 1500 1379 tollere
1527 1327 1593 1378 non
1620 1304 1778 1398 expauit,
1807 1304 1946 1398 pietatis

393 1430 536 1505 violator
562 1427 745 1504 acerrimus
771 1431 807 1504 ot
833 1427 970 1502 honoris
998 1427 1051 1500 sui
1078 1428 1181 1519 atque
1208 1427 1317 1500 famae
1353 1425 1502 1519 proditor
1539 1425 1722 1520 malignus.
1769 1426 1884 1500 Habet
1910 1427 1945 1500 et

395 1552 636 1628 nonnullorum
663 1551 816 1640 assertio,
845 1549 1006 1642 quosdam
1034 1547 1193 1623 Polouiae
1220 1551 1361 1622 barones
1387 1550 1423 1620 et
1450 1546 1578 1622 milites
1604 1547 1645 1620 de
1671 1545 1775 1620 armis
1795 1548 1946 1622 Nalaneu

395 1677 430 1749 et
455 1676 622 1768 Zaramby
643 1675 676 1767 Ι),
705 1673 796 1750 necis
824 1673 970 1766 praefati
998 1671 1196 1746 Praemialai
1223 1671 1330 1765 Regis
1357 1671 1465 1745 fuisse
1492 1672 1748 1746 contubernales
1774 1670 1809 1746 et
1829 1691 1946 1746 conso·

394 1797 474 1886 cios,
503 1799 538 1870 et
565 1795 793 1889 praefatorum
820 1793 954 1868 Ottonis
980 1792 1101 1887 Longi,
1130 1795 1166 1866 et
1192 1791 1334 1866 alterius
1360 1791 1507 1883 Ottonia,
1536 1794 1638 1883 atque
1655 1791 1818 1867 Iohannis
1836 1793 1945 1865 Bran-

394 1917 655 2011 deburgensium
683 1914 913 1988 Marchiouum
942 1915 1157 1988 consiliorum
1186 1913 1369 2009 participes
1395 1915 1430 1989 et
1449 1913 1577 2008 patrati
1596 1913 1732 1988 scolaris
1750 1913 1943 1988 adiutores:

395 2037 465 2112 siue
492 2037 579 2128 qood
607 2037 683 2110 Rex
709 2035 782 2129 ipse
810 2035 1051 2125 Praemislans,
1081 2036 1175 2109 volut
1202 2034 1385 2129 uegetioris
1412 2034 1552 2130 ingenii,
1581 2036 1746 2128 quaestus
1773 2057 1886 2110 eorum
1912 2037 1950 2108 et

394 2159 489 2232 lucra
515 2158 747 2252 abrogaverat,
776 2157 836 2230 aut
864 2155 1094 2230 uerisimiliter
1121 2157 1318 2230 credebatur
1344 2157 1588 2251 abrogaturus:
1618 2156 1689 2232 sire
1716 2155 1860 2250 quadiu
1880 2177 1946 2246 eos,

395 2282 456 2354 aut
482 2301 596 2353 eorum
636 2277 756 2352 adfines
792 2299 851 2371 pro
887 2277 1088 2368 quibusdam
1123 2277 1314 2352 excessibus
1349 2277 1653 2353 animadverterat:
1691 2277 1765 2352 sive
1794 2277 1885 2369 quod
1910 2300 1949 2351 oo

394 2401 538 2491 sublato,
567 2399 684 2491 alium,
713 2397 809 2474 cuius
844 2399 957 2474 fauore
993 2400 1122 2478 statum
1158 2400 1193 2472 et
1220 2400 1373 2472 fortunas
1409 2421 1488 2473 suas
1523 2401 1660 2474 auctum
1696 2399 1739 2473 iri
1774 2399 1951 2474 succedere

394 2522 585 2616 sperabant.
613 2523 732 2613 Neque
758 2520 849 2596 euim
875 2519 965 2593 tanti
993 2519 1099 2615 Regis
1126 2519 1244 2596 occisio
1272 2519 1446 2614 provenire
1482 2521 1646 2597 credenda
1672 2523 1744 2612 est,
1774 2520 1841 2594 nisi
1869 2521 1948 2594 hos-

395 2643 482 2717 tium
509 2640 794 2718 machinationem
811 2640 1067 2716 domesticorum
1087 2642 1122 2716 et
1139 2640 1361 2716 familiarium
1379 2641 1564 2718 adiuvisset
1590 2641 1744 2717 amesaio.
1772 2643 1879 2716 Fama
1896 2640 1951 2714 iu-

398 2787 499 2858 super
524 2765 589 2854 est,
618 2783 724 2856 usque
750 2763 793 2837 ad
820 2764 973 2856 tempora
999 2761 1164 2837 Karimiri
1192 2761 1328 2838 meandi
1354 2764 1390 2838 et
1416 2762 1536 2858 optimi
1563 2763 1720 2839 Polouiae
1745 2762 1863 2858 Regis,
1891 2785 1952 2836 uo·

395 2887 479 2961 biles
505 2885 677 2960 domorum
704 2885 739 2959 et
766 2883 973 2958 familiarum
1016 2883 1264 2978 praedictarum
1300 2883 1336 2958 iu
1372 2884 1542 2960 horrorem
1582 2885 1711 2979 patrati
1749 2883 1885 2960 amieria
1911 2905 1954 2958 ea

396 3029 501 3102 poena
523 3007 562 3082 'et
589 3007 670 3080 nota
697 3005 879 3080 mulctatos
893 3003 922 3099 Ἰ)
947 3025 1032 3096 esse,
1071 3006 1110 3078 ut
1146 3027 1255 3098 neque
1290 3005 1380 3082 iuter
1415 3005 1623 3098 equestrium
1657 3005 1792 3081 ordines
1818 3005 1953 3080 aciebus

395 3127 571 3204 instructis
590 3125 823 3218 couemterent,
851 3147 959 3220 noque
986 3128 1088 3202 rubeo
1115 3127 1225 3202 colore
1253 3127 1289 3202 in
1315 3127 1466 3204 restibus
1484 3127 1536 3204 uti
1554 3128 1737 3203 auderent:
1765 3149 1851 3219 quae
1870 3127 1950 3201 tan·

396 3250 470 3326 dem
499 3271 558 3343 per
585 3248 776 3343 praefatum
802 3249 932 3342 Regem
959 3246 1171 3322 Kauimirum
1198 3268 1273 3324 cum
1289 3245 1318 3342 3)
1353 3248 1498 3324 Ruscino
1533 3249 1747 3344 Principibus
1775 3249 1949 3343 puguatu-

396 3393 482 3460 rum,
511 3369 579 3444 fuit
605 3369 733 3444 abolita
748 3369 788 3463 ί).
816 3369 1004 3444 Funestam
1031 3371 1144 3444 autem
1181 3369 1378 3444 Praemialal
1405 3368 1511 3464 Regis
1538 3391 1658 3464 corpus
1684 3369 1842 3445 exanime
1868 3369 1951 3443 duur

398 3515 442 3566 ex
468 3492 646 3586 Rogosnnc
673 3489 877 3566 Posuaniam
905 3490 1093 3580 duceretur,
1123 3489 1287 3584 plurimas
1314 3493 1384 3565 tum
1411 3490 1649 3566 emlosiaaticis
1675 3513 1777 3582 quam
1797 3490 1954 3566 saecula·

397 3612 492 3686 ribus
518 3611 670 3707 personis
696 3611 847 3688 excussit
873 3612 1052 3707 lacrymas,
1083 3611 1350 3688 lamentantibus
1377 3612 1519 3703 cunctis,
1548 3613 1619 3688 tum
1638 3612 1804 3707 optimum
1821 3612 1954 3706 Regem

397 3736 432 3808 et
458 3732 687 3827 reipublicae
714 3733 826 3828 Regni
854 3732 1013 3808 Polouiae
1040 3733 1301 3808 restauratorem
1329 3735 1432 3825 atque
1460 3735 1633 3828 parentam
1662 3736 1734 3810 tom
1761 3732 1889 3808 crudeli
1917 3735 1954 3808 et

397 3853 511 3928 subita
536 3876 616 3930 nece
642 3853 844 3946 concidisse,
872 3855 907 3927 et
934 3854 1136 3928 Polonorum
1172 3853 1353 3947 prouinciis
1392 3875 1512 3929 noram
1548 3853 1728 3929 orbitatem
1769 3853 1955 3928 induxisse.

399 3975 560 4069 Sepultus
586 3976 639 4050 est
666 3975 779 4050 autern
807 3974 842 4048 iu
870 3975 1011 4050 ecclesia
1037 3975 1226 4051 cathedrali
1254 3975 1488 4068 Poananienei,
1508 3975 1543 4049 in
1570 3977 1748 4070 sepulchro
1776 3978 1913 4070 patrum
1928 3976 1957 4069 ⁵)

398 4118 545 4186 suorum,
574 4096 708 4190 Regum
735 4095 904 4186 Polemios,
934 4096 1085 4171 Iohanne
1112 4096 1286 4190 episcopo,
1315 4095 1544 4191 praelatisque
1570 4098 1605 4173 et
1632 4096 1800 4172 canonicis
1826 4099 1956 4170 Poena·

398 4217 581 4307 aiensibus,
611 4239 672 4292 nec
698 4240 765 4291 uon
792 4216 971 4292 baronibus
998 4217 1157 4292 Polouiae
1183 4217 1255 4292 eius
1282 4218 1577 4294 cohonestantibus
1596 4218 1768 4310 exequias,
1788 4221 1824 4293 et
1841 4217 1957 4292 omnia

400 4337 568 4413 irrueralia
595 4336 685 4412 iusta
711 4335 765 4410 illi
793 4339 997 4432 legantque
1025 4338 1151 4430 ordine,
1179 4337 1279 4414 iuxta
1306 4337 1594 4434 magnificentiam
1622 4339 1876 4433 regio'corpori
1895 4340 1956 4413 de-

401 4459 519 4551 bitam,
548 4457 671 4532 soluta.
712 4457 812 4532 Vixit
838 4481 944 4533 annos
971 4459 1113 4554 triginta
1141 4461 1235 4551 octo,
1265 4481 1395 4536 meuses
1422 4463 1511 4551 tres,
1540 4459 1611 4536 dies
1638 4460 1762 4556 uiginti
1789 4462 1956 4552 quatuor;

399 4579 557 4674 regnauit
583 4601 659 4654 uero
687 4579 859 4654 rueusibus
885 4581 1025 4674 septem,
1054 4581 1172 4656 dicbus
1199 4581 1364 4657 undecim.
1410 4581 1472 4656 Vir
1497 4601 1519 4655 a
1546 4581 1706 4657 Polooica
1731 4586 1833 4676 gente
1860 4603 1955 4655 snm·

400 4700 465 4774 mis
492 4723 552 4794 per
577 4722 693 4774 omnes
719 4701 941 4776 comestores
967 4705 1002 4776 et
1028 4704 1158 4778 aetates
1185 4703 1416 4794 celebrandus,
1438 4704 1690 4797 efferendosquc
1708 4703 1875 4792 laudibus
1897 4702 1957 4796 qui

402 4822 498 4896 illam
513 4821 540 4915 ὓ)
569 4822 772 4916 prostratam
799 4823 835 4897 et
862 4845 1051 4917 exanguem
1077 4823 1185 4900 erexit
1212 4825 1247 4900 ot
1274 4823 1460 4900 vicinarum
1487 4825 1660 4919 regionum
1687 4823 1857 4898 dominam
1880 4823 1956 4898 rad·

400 4942 497 5036 didit,
525 4963 565 5018 ac
591 4940 750 5038 spiritum
776 4941 915 5018 vitalem
942 4967 1002 5039 per
1030 4945 1139 5019 multa
1165 4945 1301 5022 saecula
1329 4945 1473 5021 feliciter
1499 4945 1659 5038 victurae,
1687 4947 1796 5021 lucem
1820 4967 1957 5036 quoque

511 5235 535 5317 ¹)
558 5238 686 5298 Naleucz
710 5245 741 5299 et
762 5239 897 5300 Zarembi
920 5233 991 5302 Cod.
1014 5241 1107 5301 Rorr.
1146 5237 1226 5318 ⁹)et
1248 5241 1357 5301 mulcta
1378 5247 1496 5302 notatos
1524 5239 1595 5302 God.
1618 5242 1710 5302 Rosr.
1748 5237 1869 5318 ³)dum
1892 5255 1956 5300 cum

406 5339 478 5401 Occi.
501 5342 595 5402 Roar.
634 5337 663 5421 ⁴)
686 5349 846 5418 pugnatum
875 5343 939 5416 tuit,
972 5344 1083 5405 abolita
1114 5349 1167 5406 est.
1201 5339 1270 5406 Ood.
1294 5345 1386 5406 Roar.
1429 5341 1456 5426 ὁ)
1478 5345 1742 5420 praedecessorum
1768 5340 1841 5406 God.
1863 5344 1955 5404 mour.

406 5441 432 5521 6)
455 5446 580 5519 patriam
606 5445 676 5508 Coc.
693 5448 785 5507 Rorr.
