4192 6272
422 542 497 615 504
1023 560 1135 614 smne
1162 563 1356 618 supernus.
1716 545 1777 639 (Α.
1798 545 1844 622 D.
1864 545 1962 644 1291.)

418 749 530 842 retito,
559 719 736 824 acciderat:
765 748 818 823 cui
846 733 874 823 si
902 748 973 824 uita
1000 749 1191 840 donaretur,
1221 748 1390 843 plerisque
1417 750 1522 824 scitus
1548 753 1622 827 erat
1649 752 1878 844 inquinandus
1896 776 1960 830 see·

417 873 554 948 loribus.
583 872 780 964 Secundam,
810 871 889 962 quia
917 871 1045 945 multus
1072 870 1339 945 Christianorum
1367 873 1507 967 sanguia
1535 874 1588 947 sui
1615 873 1786 950 occasione
1813 876 1962 952 ueniebat

418 995 620 1068 fundendus.
650 993 810 1084 Tertiam,
840 994 926 1085 quod
954 992 1139 1067 vivificatio
1176 992 1272 1066 illius
1299 993 1334 1066 in
1361 994 1536 1089 uulgarem
1573 995 1717 1090 gloriam
1753 997 1842 1091 apud
1869 998 1960 1071 Polo·

417 1117 482 1192 eici
511 1119 546 1192 et
572 1115 760 1211 Hunguriei
787 1115 921 1209 generis
949 1115 1128 1210 populares
1155 1115 1317 1207 hominos,
1346 1138 1432 1206 quac
1459 1117 1616 1191 meritum
1643 1118 1899 1211 praetoritorum
1916 1121 1961 1192 f-

416 1239 526 1313 minae
552 1237 745 1314 benedictae
771 1260 907 1332 operum
937 1236 1140 1326 rnutilasset,
1169 1237 1364 1311 eormretur.

458 1605 642 1698 ssesn'gius
669 1605 874 1679 Pomoraniae
900 1607 971 1678 llus
998 1606 1228 1678 irremislcun
1255 1605 1431 1678 secundun
1457 1605 1608 1679 latoniae
1635 1607 1752 1679 Bucen
1789 1625 1920 1680 sucess-

1051 1745 1157 1800 seren
1185 1727 1345 1818 designat.

517 1969 642 2044 Vidons
669 1969 860 2064 Moenugius
880 1970 903 2064 ¹)
945 1969 1160 2044 Pomoraniae
1195 1969 1273 2042 Dux
1309 1990 1345 2044 se
1380 1967 1463 2042 filiis
1503 1969 1537 2044 et
1577 1969 1713 2045 filiabus
1748 1971 1863 2045 orbum
1892 1990 1962 2045 esso
2008 2055 2012 2060 ,

414 2089 564 2184 (uixerat
591 2089 682 2164 enim
710 2091 959 2165 incontinenter
985 2091 1019 2164 et
1046 2089 1184 2182 lubrice,
1214 2090 1354 2165 fouendo
1381 2113 1441 2184 pro
1468 2091 1653 2165 concubina
1671 2112 1829 2185 spensam
1847 2091 1960 2165 (thria-

413 2211 440 2285 ti
469 2211 759 2286 sanctimonialem
795 2213 835 2287 de
870 2212 1025 2288 coenobio
1041 2211 1071 2305 9)
1105 2210 1327 2305 Stolpiczensi
1355 2211 1496 2286 Sullam
1523 2212 1682 2307 nomine),
1721 2211 1961 2288 Pruomisla'um

413 2333 594 2408 seeundum
621 2333 758 2409 Maioris
784 2334 943 2408 Poloniao
970 2335 1106 2425 Decem,
1137 2336 1273 2428 propter
1292 2333 1506 2410 identitatem
1524 2337 1559 2409 et
1577 2333 1864 2428 propinquitatem
1885 2355 1959 2407 san-

412 2454 537 2549 guinis,
567 2454 630 2529 sibi
658 2455 815 2549 designat
842 2477 1065 2530 successorem
1081 2453 1128 2548 ³),
1158 2457 1194 2528 et
1229 2456 1259 2553 ei
1297 2455 1337 2529 do
1372 2455 1570 2550 Principatn
1606 2443 1823 2530 Pomoraniae
1859 2455 1959 2529 eadit.

412 2576 471 2651 (lui
502 2577 629 2652 milites
656 2577 870 2653 Pomoraniae
886 2577 925 2671 ⁴),
954 2577 1091 2651 iubente
1116 2577 1286 2670 Mscuugio
1303 2576 1349 2671 ⁵),
1379 2576 1555 2652 fidelitatis
1582 2580 1617 2652 et
1643 2576 1790 2673 homagii
1819 2576 1961 2671 praesti·

410 2698 528 2774 terunt
554 2699 754 2775 iuramenta.

861 3057 1070 3174 ANNUS
1104 3058 1330 3174 DOMINI
1367 3057 1499 3174 1291.

409 3307 732 3381 donatione-illicita
759 3312 794 3381 et
820 3308 944 3381 iniusta
971 3309 1142 3401 delphinas
1178 3309 1334 3381 ducissae
1371 3309 1449 3381 elin
1484 3307 1658 3381 lectionis
1694 3307 1780 3399 lligri
1817 3307 1960 3394 relictae,

410 3434 444 3502 st
471 3429 618 3502 eesstonc
645 3429 832 3502 l’rsenislsi
859 3431 989 3501 noteris
1016 3430 1168 3503 Pelusiae
1195 3430 1292 3503 ineis
1320 3429 1396 3502 edio
1425 3429 1595 3502 wladislai
1622 3429 1746 3503 tollet
1773 3429 1873 3518 lseta,
1900 3429 1959 3500 ltu-

410 3553 505 3622 estus
532 3551 754 3624 traconensis
783 3549 815 3622 in
842 3555 1042 3642 potestaten
1069 3552 1250 3625 wenceslai
1285 3551 1455 3622 letaniae
1481 3549 1578 3623 oreis
1605 3551 1711 3643 senit;
1748 3549 1840 3622 cuius
1867 3567 1959 3622 eses-

410 3670 496 3742 citns
523 3671 672 3763 sspimus
700 3671 741 3744 sl
768 3671 928 3745 lineatum
955 3671 1256 3762 sandoniriensen,
1284 3671 1360 3742 dnm
1388 3670 1539 3762 oppidum
1557 3671 1759 3744 Wisliciense
1785 3669 1960 3758 deditione,

409 3796 553 3864 castrum
579 3811 655 3866 reso
693 3793 847 3866 dilatem
883 3793 1127 3884 expugnatione
1155 3794 1315 3884 cepisset,
1343 3812 1362 3865 a
1389 3791 1641 3865 sandomirisnsi
1677 3795 1785 3865 eastre
1820 3792 1961 3882 turpiter

408 3931 464 4003 per
489 3912 615 3986 lclstcls
637 3897 800 4005 reprime,
828 3913 860 3984 in
887 3914 1073 3986 Bolenicss
1100 3913 1212 4002 redire,
1240 3911 1402 4005 pracsidio
1430 3913 1601 3987 araceum
1629 3913 1794 4005 inposite,
1821 3911 1959 4004 cogitur,

409 4037 443 4106 et
469 4033 669 4107 wladislaus
696 4035 823 4107 lolstek
850 4035 958 4107 onnia
984 4053 1040 4126 per
1065 4034 1225 4106 uolones
1253 4034 1415 4127 aequisita
1434 4037 1561 4126 praeter
1578 4033 1763 4108 drseosisus
1781 4035 1959 4125 recuperat.

512 4275 661 4350 Funesto
688 4275 807 4366 Marte,
837 4296 896 4368 por
922 4275 1076 4349 funestas
1103 4273 1368 4350 concertationes
1395 4276 1430 4350 et
1457 4275 1587 4369 praelia
1621 4273 1711 4350 inter
1750 4275 1958 4371 propinquos

407 4397 443 4469 et
468 4397 628 4490 eognatos
654 4397 855 4470 Pelonorum
891 4397 999 4470 Duces
1027 4397 1144 4489 geste,
1173 4396 1263 4490 apud
1298 4395 1548 4470 Oraeouiensem
1583 4397 1618 4470 et
1653 4396 1958 4471 Sandomiriensem

405 4517 565 4608 Ducatus,
594 4518 629 4591 st
656 4539 715 4610 pro
743 4516 878 4590 illorum
906 4517 1137 4592 consecutione
1164 4519 1198 4591 et
1216 4517 1357 4609 eruditu,
1377 4517 1533 4592 ferociter
1550 4517 1741 4608 detonante,
1762 4540 1837 4592 cum
1857 4519 1957 4594 Wla-

404 4635 533 4710 dislaus
560 4637 692 4710 Loktek
711 4637 928 4731 Onyariensis
955 4639 1043 4728 Dux,
1073 4637 1127 4712 cui
1155 4638 1221 4712 iam
1249 4637 1494 4712 Sandomiriam
1520 4638 1555 4712 et
1581 4637 1747 4712 Siradiam
1775 4639 1956 4728 obtinenti,

404 4757 477 4830 sola
503 4755 660 4832 Oracoria
687 4758 812 4848 deerat,
841 4781 861 4830 e
888 4757 1090 4833 Praemislao
1117 4757 1253 4832 Maioris
1280 4759 1438 4834 Poloniae
1474 4759 1564 4834 Duce
1591 4761 1771 4852 compota,
1800 4761 1958 4834 multifa-

403 4877 452 4952 rie
479 4877 719 4954 Praemislaum
748 4879 937 4972 praefatum
964 4879 1100 4954 Maioris
1126 4878 1284 4954 Poloniee
1311 4881 1435 4954 Ducem
1464 4903 1523 4974 pro
1542 4879 1636 4954 illius
1663 4881 1831 4972 cessione,
1851 4880 1958 4954 armis

403 4999 437 5072 et
464 4999 553 5074 bello
579 4999 776 5077 lacessitum
803 4999 845 5073 iri
872 5000 1098 5092 contenderet,
1140 4999 1296 5095 ampliori
1330 5023 1462 5094 quoqne
1497 5001 1682 5078 Ducatibns
1718 5001 1802 5096 ipsis
1839 5001 1956 5095 perni-

511 5295 535 5372 l)
557 5295 727 5375 Msezugins
751 5297 946 5372 Swantopelci
968 5297 1045 5357 filies
1071 5297 1142 5360 eoa.
1166 5297 1257 5360 Roer.
1282 5295 1309 5375 α)
1330 5299 1509 5360 monasterio
1536 5297 1606 5360 Ood.
1630 5299 1721 5360 Roas.
1746 5295 1774 5376 ³)
1795 5296 1956 5358 haeredem

402 5403 433 5458 et
454 5415 654 5462 successorem
680 5399 751 5461 Ood.
775 5401 864 5461 Reor.
890 5395 917 5476 ⁴)
933 5403 1061 5460 universi
1076 5402 1260 5476 Principatus
1275 5403 1419 5476 praedicti
1434 5403 1624 5463 Pomoraniae
1643 5401 1713 5464 Oed.
1729 5403 1822 5463 Rosa.
1848 5398 1875 5480 ὁ)
1890 5402 1954 5462 Dn—

403 5517 437 5562 ce
460 5519 559 5563 eornm
581 5503 733 5577 Msczngio
758 5498 828 5566 Coe.
852 5505 944 5565 Roas.
