4162 6288
993 531 1105 583 ursus
1132 528 1325 583 aurursus·
1670 505 1732 600 (Α.
1752 504 1799 580 D.
1820 505 1941 598 1207.)
2011 599 2014 604 ¹

842 919 1049 1033 ANNUS
1085 919 1310 1032 DOMINI
1345 917 1483 1032 1267.

350 1253 355 1262 -
398 1257 403 1266 ·
443 1205 627 1281 vertinolis
655 1203 757 1278 0111111
785 1207 928 1296 rogatus
955 1205 987 1276 iu
1014 1204 1147 1276 Paionia
1175 1208 1290 1276 eontra
1317 1207 1497 1277 Saracenos
1525 1205 1707 1277 amoram
1734 1203 1889 1294 publicat.

496 1442 604 1519 (tuido
631 1439 862 1518 bisteroiensis
889 1440 1026 1532 ordinis,
1056 1441 1199 1518 Sanctae
1222 1442 1393 1516 Romanae
1410 1440 1582 1517 Ecclesiae
1600 1440 1694 1515 tituli
1714 1440 1832 1516 Sancti
1849 1441 1941 1516 Lau·

392 1564 495 1640 rentii
521 1563 557 1637 in
574 1562 703 1636 Lucina
730 1564 907 1657 presbyter
933 1561 1122 1636 Cardinalis
1149 1565 1185 1636 et
1211 1562 1306 1636 Sedis
1332 1560 1550 1656 Apostolioae
1576 1563 1617 1637 de
1643 1563 1751 1638 latere
1776 1563 1939 1656 Legatos,

394 1686 611 1760 aGlemente
646 1685 768 1777 quarto
794 1682 968 1758 Poloniam
1004 1683 1138 1773 missus,
1176 1682 1322 1778 primum
1355 1683 1547 1758 Oracoriam
1582 1683 1706 1777 Quinto
1733 1682 1898 1758 001111111οε1
1918 1683 1942 1776 Ι)

394 1805 476 1880 Iulii
513 1804 661 1896 ueniens,
698 1827 720 1878 a
754 1804 909 1878 Boleslao
946 1802 1070 1878 Pudice
1106 1803 1314 1878 Gracoriensi
1351 1805 1386 1876 et
1420 1803 1683 1880 Sandomiriensi
1710 1805 1821 1894 Duce,
1859 1803 1942 1878 itam

395 1928 501 2001 Paulo
528 1925 737 2001 Oracoriensi
764 1925 918 2019 episcopo
947 1925 982 1997 et
1008 1923 1276 2016 processionibus
1309 1925 1458 1999 omnium
1483 1924 1712 2016 ecclesiarum,
1740 1926 1866 1999 honore
1893 1925 1942 1998 le-

395 2046 544 2142 gationis
579 2048 742 2140 oxceptus
777 2047 841 2120 est.
887 2045 940 2116 Ex
968 2044 1124 2118 Oraooria
1140 2044 1167 2137 2)
1204 2044 1463 2119 Wladislariam
1499 2045 1648 2134 divertit,
1685 2045 1742 2118 ubi
1770 2044 1942 2140 Synodum

395 2168 587 2264 generalem
622 2167 861 2261 provincialem
897 2165 933 2238 in
969 2166 1056 2240 festo
1091 2165 1342 2240 Purifioationis
1378 2167 1522 2240 Sanctae
1558 2166 1684 2241 Mariae
1719 2166 1843 2240 tonuit.
1887 2163 1942 2238 Ar

395 2311 497 2382 quam
523 2311 600 2363 oum
626 2287 802 2362 Ianussius
829 2285 1100 2380 archiepiscopus
1127 2285 1345 2377 (bremensis,
1378 2287 1505 2360 Paulus
1531 2287 1768 2378 (traconensis,
1797 2288 1942 2362 Thomas

395 2408 699 2500 wratislaviensis,
737 2407 937 2484 Wolimirus
972 2407 1280 2498 Wladislauiensis‚
1318 2407 1479 2482 Nicolaus
1514 2407 1763 2499 Posnaniensis,
1796 2409 1942 2482 Th0mas

395 2529 597 2621 Ploozonais‚
617 2528 824 2605 Wilhelmus
851 2528 1089 2619 Lubocnensis,
1113 2528 1281 2604 Hernicus
1307 2528 1506 2620 balmensis,
1535 2531 1570 2602 et
1596 2529 1658 2602 alii
1684 2529 1863 2603 Polouioae
1889 2551 1943 2604 eo·

396 2651 517 2726 elesiae
544 2649 692 2745 episcopi
719 2651 755 2724 et
780 2649 1002 2724 ecclesiastici
1022 2650 1266 2741 conuenissent,
1295 2649 1404 2725 Guido
1426 2649 1615 2724 cadinalis
1633 2652 1668 2724 et
1684 2651 1836 2744 Lagaina
1862 2672 1942 2744 apo-

397 2771 548 2863 stolicus,
592 2772 713 2846 Terrae
740 2771 884 2846 Sanctae
918 2771 1168 2865 oppressionem
1203 2772 1304 2865 longo
1340 2793 1491 2846 sermone
1526 2792 1697 2866 exponens
1733 2772 1769 2846 et
1795 2773 1945 2846 succurri

397 2892 452 2966 illi
478 2890 650 2966 celerrime
676 2890 818 2986 dignum
854 2892 1039 2983 deducens,
1076 2891 1331 2968 subventionem
1358 2913 1379 2966 a
1405 2892 1493 2966 clero
1520 2891 1679 2966 Poloniae
1705 2892 1779 2966 dari
1806 2891 1883 2982 sibi,
1910 2893 1946 2968 et

397 3013 553 3089 laicalem
579 3013 742 3108 populum
768 3013 809 3086 ad
836 3011 1112 3087 contribuendum
1136 3013 1176 3087 de
1195 3011 1417 3086 facultatibus
1439 3011 1521 3104 suis
1549 3015 1584 3087 et
1602 3013 1683 3086 anni
1701 3012 1847 3088 Iubilaei
1865 3035 1943 3110 gra-

398 3135 483 3210 tiam
510 3134 756 3228 percepturum,
785 3155 845 3228 pro
871 3133 1063 3208 huiusmodi
1090 3155 1188 3227 opere
1215 3134 1331 3208 sancto
1358 3133 1502 3208 animari
1529 3133 1702 3228 expetiit·
1726 3135 1865 3211 Crucem
1891 3135 1944 3208 in-

398 3279 498 3351 super
524 3256 641 3331 contra
667 3255 849 3331 Saracenos
872 3255 1010 3331 Terram
1028 3251 1188 3329 Sanctam
1207 3255 1419 3350 occupantes,
1447 3255 1484 3329 in
1506 3255 1661 3330 omnibus
1678 3255 1829 3332 ecclesiis
1846 3279 1943 3351 prae·

398 3377 503 3451 dicari
530 3375 716 3466 mandarit,
752 3379 788 3450 et
814 3375 953 3471 singula
979 3378 1051 3450 tam
1077 3375 1231 3470 expetita
1258 3399 1359 3467 quam
1387 3377 1548 3451 mandata
1574 3376 1742 3452 obtinuit:
1779 3377 1944 3452 constitu·

399 3499 520 3591 taeque
555 3497 694 3572 fuerunt
720 3519 780 3591 per
806 3496 949 3572 maiores
984 3495 1143 3572 ecclesias
1178 3497 1308 3589 archae,
1346 3497 1381 3571 in
1418 3519 1503 3590 quas
1536 3497 1679 3592 pecunia
1706 3520 1765 3592 per
1791 3521 1858 3589 eos,
1887 3499 1945 3590 qui

261 3627 264 3632 '
399 3617 590 3693 Iubilaeum
617 3617 737 3694 mereri
763 3617 932 3708 uolebant,
961 3617 1181 3692 inferebatur.
1223 3618 1346 3694 Omnes
1373 3617 1550 3713 pontifices
1585 3617 1762 3694 Polonicae
1788 3619 1945 3694 eeclesiae

400 3738 544 3834 benigne
580 3739 759 3835 appellans
790 3740 824 3814 et
852 3738 1088 3832 multipliciter
1114 3739 1293 3829 honorans,
1321 3738 1358 3813 in
1384 3741 1529 3814 Paulum
1555 3741 1669 3814 tamen
1696 3739 1945 3815 Graooriensem

400 3859 593 3956 episcopum
620 3861 733 3936 fauore
759 3863 794 3936 et
820 3860 933 3956 gratia
959 3861 1117 3935 utebatur
1145 3859 1363 3956 propensiori.

463 4193 525 4264 coo
552 4191 690 4264 bessiae
717 4191 789 4262 box
814 4191 1027 4282 wopsalkum
1055 4191 1246 4268 bitinacius
1271 4192 1390 4264 bucon
1418 4190 1671 4264 circumuentum
1698 4193 1883 4266 obtruncat.

504 4411 602 4485 Nona
629 4410 683 4484 die
709 4409 833 4486 mensis
869 4410 1076 4504 Septembris
1092 4409 1130 4504 ³),
1168 4413 1235 4486 Leo
1271 4412 1348 4484 Dux
1375 4409 1530 4502 Russiao,
1568 4409 1659 4484 iilius
1685 4412 1839 4488 Danielis
1866 4413 1948 4487 olim

400 4532 545 4607 Russiae
560 4528 589 4624 Δ)
616 4531 732 4627 Regis,
771 4553 846 4606 oum
874 4531 909 4604 in
936 4531 1169 4626 Prinoipatum
1196 4532 1339 4606 Russiae
1366 4533 1462 4626 patre
1489 4534 1632 4608 obeunte
1671 4533 1888 4608 successisset
1913 4535 1949 4608 et

401 4655 473 4727 tam
499 4651 619 4746 opibus
645 4673 666 4726 a
692 4652 789 4746 patre
815 4651 955 4743 relictis,
994 4674 1095 4744 quam
1123 4651 1283 4746 gentibus
1311 4653 1382 4726 suis
1409 4655 1530 4747 potens
1557 4655 1655 4743 esset,
1687 4676 1762 4728 curn
1789 4655 1947 4749 Woysal-

401 4775 444 4847 ko
459 4771 489 4866 ⁶)
515 4772 709 4867 Mendolphi
736 4773 823 4846 alias
849 4773 994 4867 Mendog
1020 4773 1091 4848 filio
1118 4775 1209 4848 Duce
1236 4773 1449 4863 Lithuaniae,
1478 4797 1537 4868 pro
1560 4773 1661 4848 terris
1679 4774 1836 4866 Rosciae,
1864 4798 1948 4868 quas

401 4893 491 4968 idem
518 4893 728 4990 Woyealkb
755 4894 808 4968 sui
835 4893 919 4968 iuris
945 4895 1054 4970 faeere
1082 4893 1265 4985 nitebatur,
1296 4895 1331 4968 in
1359 4895 1552 4968 simultates
1578 4897 1614 4970 et
1640 4895 1716 4969 odia
1743 4897 1948 4990 perveniens

400 5015 593 5109 praefatum
610 5014 776 5110 Wopsalk
791 5015 820 5109 ⁷)
839 5013 875 5088 in
893 5016 1035 5109 quodam
1054 5037 1131 5088 rure
1150 5037 1185 5090 se
1204 5015 1443 5107 continentem,
1471 5015 1736 5092 circumuentum
1756 5017 1945 5091 obtruncat.

514 5237 537 5318 ¹)
559 5239 628 5301 Idus
662 5239 733 5302 Ood.
757 5243 849 5302 Roar.
890 5238 984 5318 ⁹¹)Ex
1007 5240 1149 5302 Oraoovia
1178 5257 1247 5301 vero
1282 5238 1353 5302 000.
1376 5242 1469 5302 Roar.
1509 5239 1535 5317 3)
1558 5241 1729 5300 Decembris
1762 5241 1833 5303 Ood.
1857 5242 1946 5302 Rorr.

403 5340 431 5422 4)
453 5345 652 5406 Ruthenorum
678 5343 866 5408 0001100.
899 5341 1309 5422 5))ἵοί010100000.10001.
1341 5342 1370 5424 ⁶)
1393 5345 1592 5419 Voyschalcus
1615 5345 1674 5405 Ed.
1698 5345 1786 5420 Dipo.
1820 5341 1848 5424 ⁷)
1870 5345 1947 5419 00)·-

403 5448 550 5510 achaicum
573 5448 632 5510 Ed.
656 5444 741 5525 Lupo.
