4140 6298
163 587 224 682 (Α.
243 573 292 663 D.
314 588 439 688 1239.)
788 614 899 667 uruca
926 617 1079 670 saxeus.
1641 603 1715 676 259

161 805 222 894 pro
251 798 506 895 magnificentia
522 802 594 875 tam
612 801 728 893 soceri,
750 824 851 893 quam
878 802 1006 897 generi,
1036 803 1277 882 Wratielaviae
1304 809 1493 900 celebratis
1523 785 1717 886 Kazimirus

162 943 268 996 norae
297 943 440 1016 sponsae
455 965 460 974 ,
474 925 595 1016 captus
629 945 753 1013 amore,
791 923 826 996 in
863 924 958 998 domo
995 925 1113 1014 soceri,
1134 925 1377 1004 Wratislariae
1413 931 1553 1026 longum
1581 933 1716 1027 tempus

163 1044 367 1117 morabatur.
409 1045 455 1117 Ilt
482 1043 563 1119 lieet
590 1045 687 1138 pater
713 1045 792 1118 Dux
819 1045 993 1120 Ganradns
1018 1045 1115 1120 illum
1144 1049 1213 1122 lam
1240 1048 1371 1124 nuntiis
1399 1073 1500 1142 qnam
1527 1051 1636 1128 literis
1662 1057 1715 1129 re-'

161 1161 234 1240 <lire
260 1165 443 1240 llesoriam
471 1164 624 1256 iuberet,
649 1165 819 1240 obauditis
852 1170 967 1242 tamen
990 1169 1141 1263 paternis
1168 1170 1328 1265 imperiis,
1359 1172 1498 1263 diutins,
1532 1197 1633 1268 quam
1661 1177 1716 1250 sat

160 1289 247 1378 erat,
275 1273 384 1363 redire
409 1286 570 1362 tardauit.
603 1287 747 1363 (tradens
774 1288 949 1363 Onnradus
969 1289 994 1384 ¹)
1020 1291 1187 1366 Masoviae
1213 1293 1292 1366 Dux
1319 1294 1486 1387 permissu
1513 1297 1548 1370 et
1575 1295 1715 1371 licentia

162 1407 307 1504 praelati
346 1408 509 1483 Iohannis
544 1409 736 1484 scholastici
772 1411 867 1486 uelut
903 1409 1089 1507 paedagogi
1117 1415 1153 1488 et
1180 1413 1334 1509 magistri
1364 1437 1399 1489 se
1425 1417 1461 1489 et
1487 1439 1565 1491 suas
1593 1411 1713 1492 iussio-

109 1563 112 1568 ·
162 1551 222 1606 nes
248 1553 270 1605 a
295 1530 369 1605 filio
396 1530 568 1605 Karimiro
595 1533 827 1628 contemptum
854 1531 908 1621 iri,
938 1535 974 1607 et
1000 1534 1139 1624 ueritus,
1169 1557 1210 1611 ne
1238 1535 1274 1610 in
1301 1536 1484 1610 uindictam
1504 1537 1714 1632 captivitatis

136 1651 249 1728 idem
276 1651 444 1728 Henricus
471 1653 620 1744 aliquam
648 1652 862 1729 uexationem
890 1657 999 1730 terrae
1022 1677 1102 1730 suae
1121 1656 1246 1730 inferre
1275 1657 1471 1748 moliretur,¹
1490 1659 1715 1753 praessum)
1857 1675 1859 1677 ’

161 1773 347 1849 Iohannem
387 1774 626 1849 cancellarium
654 1777 689 1849 et
716 1775 957 1851 scholasticum
972 1774 1011 1871 ³),
1051 1777 1215 1871 promissa
1250 1778 1340 1852 omni
1378 1779 1559 1855 securitate
1596 1803 1715 1876 perse

161 1897 197 1969 et
224 1917 360 1970 uxorem
397 1918 493 1970 suam
528 1897 649 1972 blande
685 1901 839 2000 reuocat,
867 1898 964 1992 quasi
1000 1899 1178 1973 consilinm
1207 1901 1250 1975 ab
1278 1925 1316 1976 eo
1344 1902 1384 1976 de
1411 1901 1488 1974 filii
1504 1902 1714 1978 revocatione

160 2015 342 2111 petiturus.
370 2003 494 2092 Verum
522 2039 653 2092 omnem
680 2019 814 2113 culpam
843 2023 878 2093 et
905 2019 1005 2094 bilem
1035 2020 1069 2094 in
1098 2019 1298 2116 rnagistrunr
1321 2022 1505 2097 Iohannem
1533 2024 1712 2097 scholasti-

158 2160 236 2214 cum
270 2140 307 2214 et
333 2138 572 2214 cancellarium
600 2142 806 2233 retorquens
844 2141 949 2215 furori
977 2141 1168 2237 indulgens,
1197 2165 1264 2217 non
1292 2143 1454 2236 discussa,
1492 2167 1557 2218 non
1575 2144 1712 2219 exami-
1816 2229 1819 2234 ,

159 2261 243 2334 nata
269 2259 425 2352 ueritate,
462 2263 637 2336 cruentum
654 2263 680 2356 ‘l
708 2264 743 2336 et
770 2261 970 2338 detestabile
1006 2263 1138 2338 facinus
1166 2263 1201 2337 in
1228 2261 1338 2339 uirum
1366 2251 1576 2340 innocentem
1595 2263 1714 2368 ¹admi

159 2381 218 2472 eit,
247 2384 283 2457 et
310 2381 455 2476 palatini
483 2381 673 2458 Plooaensis
699 2382 838 2457 Gristini
866 2385 907 2458 de
933 2383 1111 2460 (iosudouo
1138 2385 1202 2460 uiri
1229 2385 1350 2480 optimi
1378 2389 1412 2461 et
1438 2387 1614 2462 bellatoris
1641 2386 1712 2462 exi-

160 2503 232 2595 mii,
262 2501 408 2580 iniustae
434 2504 533 2578 morti
558 2504 665 2578 aliern
692 2505 904 2581 iniustiorem
944 2506 1074 2580 addidit
1101 2510 1135 2581 et
1162 2507 1403 2583 truculentiam
1431 2531 1526 2583 suam
1553 2509 1668 2584 altiori
1684 2511 1712 2604 ⁵)

159 2625 311 2701 facinore
337 2625 572 2722 ingeminavit:
601 2627 740 2722 propter
766 2628 852 2721 quod
880 2627 1033 2705 Andreas
1059 2629 1236 2725 episcopus
1262 2629 1454 2732 Bloczensie
1481 2654 1555 2708 eum
1575 2633 1611 2708 et
1628 2655 1712 2706 uxo·

158 2769 230 2823 rem
257 2747 331 2824 eins
358 2747 492 2844 publice
515 2747 829 2825 excommunicarit.

157 3115 326 3191 contains
352 3117 516 3191 launum
542 3117 614 3191 unx
640 3121 786 3192 castrum
813 3117 1040 3210 lilgostienso
1066 3119 1377 3212 easaetenatone
1404 3121 1611 3196 lomerenico
1628 3115 1716 3198 lnce

332 3239 545 3331 interceptum
572 3243 766 3333 ternpore:
785 3243 819 3314 ot
846 3241 1098 3334 suantopelkns
1124 3241 1300 3333 corariam
1327 3243 1401 3334 igne
1432 3245 1555 3317 vastat.

262 3477 550 3556 Reconciliatione
577 3481 755 3573 celebrata,
785 3481 961 3557 Ganradus
987 3482 1156 3558 Maeoniae
1182 3484 1261 3557 Dux
1282 3484 1431 3559 castrum
1458 3483 1706 3592 Bidgoetiense,

156 3602 246 3696 quod
274 3624 295 3676 a
322 3603 603 3697 Suantopelkone
630 3603 848 3678 Pomeraniae
883 3604 975 3680 Duce
1007 3603 1234 3710 ,interceptum
1261 3605 1297 3681 et
1324 3607 1523 3700 occupatum
1550 3607 1628 3696 fuit,
1658 3629 1709 3681 re-

155 3725 308 3819 cuperat.
338 3723 597 3818 Suantopelkns
624 3745 701 3799 vero
727 3723 763 3800 in
791 3721 955 3800 ultionem
982 3724 1098 3799 amissi
1125 3725 1239 3816 castri,
1268 3747 1343 3800 cum
1371 3725 1521 3802 exercitu
1535 3727 1712 3819 aliquanto

156 3867 200 3920 ex
227 3843 342 3938 equite
368 3845 404 3920 et
430 3843 544 3939 pedite
580 3847 741 3940 congesto
780 3843 1021 3942 Ouyariensem
1056 3847 1181 3919 lenam
1216 3845 1361 3921 Ducatui
1399 3869 1458 3921 suo
1486 3847 1630 3922 uicinam
1657 3847 1711 3921 in-

155 3986 306 4061 gressus,
335 3967 560 4041 tumultuario
588 3988 677 4041 more
704 3967 784 4062 igne
811 3968 935 4058 ramat,
964 3969 1001 4041 et
1026 3967 1148 4062 oppido
1166 3967 1509 4044 Iuniuladislam'ensi
1524 3967 1553 4064 6)
1580 3971 1615 4044 et
1632 3970 1710 4064 plu·

157 4088 251 4163 ribus
277 4087 372 4164 uillis
399 4088 542 4180 exosus,
571 4089 606 4164 in
635 4089 840 4164 munitiones
867 4109 903 4165 se
929 4089 1068 4184 recepit.
1407 4155 1417 4164 „
1611 4149 1614 4156 .

162 4247 178 4263 -ν
261 4209 464 4304 (iustrum')
490 4209 644 4285 Seutholr
680 4197 911 4306 per-Polonos
945 4210 1178 4308 negligentius
1214 4211 1429 4303 custoditum,
1468 4233 1528 4306 per
1563 4213 1713 4287 Saxones

158 4331 386 4428 intercipitm.

141 4669 425 4790 ¹luneburgensis
451 4697 715 4790 archiepiscopus
749 4703 893 4772 cestrum
919 4699 1067 4772 inlucet
1094 4697 1242 4772 obsidet:
1277 4697 1372 4771 onius
1400 4699 1578 4773 exercitum
1605 4701 1713 4774 Henn-

209 4837 269 4892 ons
294 4818 370 4892 lim
397 4819 528 4893 latoris
546 4819 701 4894 roloniae
717 4823 752 4893 et
772 4821 897 4894 sicsine
914 4821 986 4894 oux
1005 4839 1191 4935 aggressus,
1212 4819 1355 4913 ,teuniter
1373 4821 1476 4913 lugat,
1503 4821 1660 4914 uereque.

261 5059 542 5158 Maydburgensis
568 5061 839 5159 archiepiscopus
864 5061 1149 5157 villebrordum)
1175 5059 1256 5138 forti
1283 5062 1424 5139 collecto
1450 5061 1611 5155 exercitu,
1633 5085 1711 5138 con·

267 5355 291 5436 ¹)
313 5357 483 5434 praedictus
502 5359 657 5442 llonradus
684 5360 756 5420 cod.
773 5359 865 5421 Roer.
904 5357 931 5438 Ω)
953 5361 1135 5436 praedictum
1166 5356 1238 5421 (iod.
1260 5361 1353 5420 Roer.
1393 5333 1420 5436 ³⁵)
1444 5363 1475 5418 et
1504 5333 1712 5450 scholasticum

157 5463 236 5526 dcem
250 5464 286 5524 in
304 5459 378 5525 Ood.
402 5459 476 5523 Aut.
507 5458 535 5541 ⁴)
558 5463 678 5524 crudele
703 5462 775 5525 Ood.
798 5463 890 5526 Roer.
921 5459 950 5544 ⁵)
973 5465 1068 5526 altero
1091 5463 1152 5523 Ed.
1174 5462 1269 5524 Dotr.
1301 5458 1329 5540 ⁶)
1351 5462 1629 5530 Inouladisluriensi
1650 5463 1712 5529 Ed.

156 5567 252 5631 Door.
293 5563 455 5649 &Eodem
477 5585 554 5642 anno
577 5573 704 5650 castrum
731 5566 801 5642 Coei,
825 5569 923 5643 Roer,
957 5564 1226 5657 ⁸)Hildebrandas
1248 5567 1368 5636 rectius,
