4140 6298
373 533 447 608 258
509 647 511 652 Ι
1003 554 1116 608 arnna
1142 553 1295 608 smnus.
1655 530 1717 627 (Α.
1737 531 1785 612 Β.
1803 529 1926 648 lm.)

371 763 493 819 sorore
509 763 670 840 gepmana
697 741 824 836 fuerat)
859 741 895 816 in
922 743 1047 838 populo
1073 741 1230 818 Polonioo
1261 741 1432 818 rideretur
1467 741 1665 834 surrexisse,
1701 743 1748 818 ab·
1772 741 1928 818 omnihus

372 863 553 976 mundanis
581 864 764 938 abhorrens
791 861 925 956 offleiis,
964 865 998 938 et
1026 865 1068 940 ab
1096 863 1186 938 omni
1213 863 1343 939 arabitu
1363 863 1386 960 ¹)
1412 885 1543 956 auersa,
1580 864 1643 940 hoo
1669 887 1774 940 uuum
1801 885 1923 940 oonou·

372 965 516 1080 piscarie,
546 985 594 1059 nil
623 986 759 1079 praeter
794 985 953 1060 eoelestia
973 986 1177 1083 ,desiderare
1193 985 1232 1080 ²).
1278 987 1448 1061 Feruntur
1474 989 1590 1062 autern
1616 989 1713 1062 ambo
1741 985 1777 1060 in
1804 1009 1926 1061 aarum

372 1106 522 1200 uirgines
550 1103 783 1202 permansisse,
812 1108 848 1181 et
875 1106 985 1202 prima
1014 1107 1209 1202 nuptiarum
1238 1107 1303 1198 die,
1333 1107 1478 1203 primum
1505 1107 1639 1200 quidem
1667 1108 1709 1184 ad
1736 1129 1843 1182 unum
1865 1130 1927 1182 an·

372 1227 464 1318 nrim,
494 1251 559 1322 quo
586 1229 693 1324 lapso,
710 1229 765 1304 ad
792 1229 937 1304 alterum
958 1231 992 1306 et
1010 1229 1128 1306 denua
1144 1228 1192 1304 ..in
1218 1229 1465 1324 tertiumque
1491 1230 1635 1322 ellluxo,
1658 1229 1749 1306 lelioi
1772 1225 1926 1324 Kinga³l

370 1352 532 1446 operante
560 1351 608 1424 ,et
635 1349 833 1446 instigante,
863 1350 898 1424 in
925 1374 1023 1426 omne
1049 1373 1166 1426 aarum
1203 1351 1346 1454 Domino
1380 1351 1464 1427 eoeli
1501 1352 1704 1428 caelibatum
1730 1353 1926 1446 spontanea

370 1472 500 1547 uouisse
529 1474 564 1546 et
592 1494 762 1548 seruasse:
790 1496 926 1568 exque
953 1474 1131 1548 Bolaslaus
1158 1474 1236 1548 Dux
1264 1473 1410 1548 Pudieus
1437 1473 1561 1548 merarit
1587 1473 1765 1569 appellari.
1802 1472 1926 1566 Splon-

372 1593 487 1668 didam
525 1597 638 1669 aulem
674 1595 927 1669 matrimonium
963 1595 1137 1670 cunradus
1171 1595 1339 1670 Maeoniae
1376 1596 1454 1669 Dux
1489 1596 1607 1671 ridens
1643 1597 1798 1690 nepotem
1826 1616 1926 1668 suum

371 1716 566 1790 Boleslaum
594 1716 758 1791 Pudieum
784 1703 954 1808 sortitum,
991 1719 1155 1793 lacessere
1182 1717 1279 1792 illum
1308 1717 1455 1807 destitit,
1492 1719 1527 1792 et
1554 1717 1751 1812 paeilieatus
1778 1717 1832 1790 eat
1859 1715 1926 1790 illi.

373 2085 539 2161 erotema
565 2086 636 2160 uox
657 2057 825 2160 lusoriae
851 2057 1024 2206 lohannern
1051 2088 1193 2182 llzaplra
1219 2085 1520 2162 wladislaviensem
1547 2089 1582 2160 al
1603 2086 1817 2176 l’loonoma·¹
1835 2085 1926 2168 solo,-

373 2210 528 2282 lrallonn
556 2207 710 2302 surpemli
730 2212 805 2310 anta
824 2208 997 2313 aratoriam
1025 2210 1136 2284 small
1162 2209 1318 2284 llorninlol
1336 2209 1369 2280 ln
1388 2209 1523 2282 eloilala
1541 2207 1708 2282 llooreml
1729 2207 1926 2300 proauum

372 2337 406 2406 el
432 2336 600 2424 propterea
628 2332 669 2404 al
697 2331 850 2422 episeopo
878 2332 1045 2406 lloorenrl
1072 2333 1143 2434 llu
1170 2332 1240 2424 ipra
1268 2351 1341 2404 auu
1367 2349 1469 2406 uero
1500 2349 1561 2405 aar
1588 2331 1715 2423 prauae
1742 2347 1926 2405 aroanna·

1046 2485 1049 2494 ·
1080 2454 1216 2528 nlealur.
1912 2470 1917 2480 ·

476 2695 637 2770 liutomis
665 2695 765 2770 bellis
791 2696 966 2772 (ineratus
993 2695 1161 2796 Maeoniae
1187 2697 1266 2770 Dux
1293 2697 1470 2792 paululum
1498 2695 1696 2790 quietalis,
1711 2695 1746 2769 in
1775 2677 1926 2790 proprios

372 2819 407 2892 et
434 2817 631 2922 domesticos
659 2819 769 2894 furere
796 2819 917 2914 eoepit,
946 2822 981 2892 et
1008 2819 1172 2895 diabolico
1199 2820 1342 2892 rexatus
1370 2818 1547 2907 instinctu,
1577 2840 1647 2894 rem
1674 2817 1873 2906 horribilem
1891 2817 1926 2890 et

372 2939 607 3015 detestabilem
636 2943 845 3044 perpet-rans,
877 2941 1061 3016 Iohannem
1089 2942 1237 3037 Oaaplya
1251 2940 1278 3035 ⁴)
1305 2941 1527 3036 appellatum,
1564 2942 1599 3016 et
1626 2939 1661 3014 in
1688 2939 1762 3013 iure
1788 2938 1925 3016 canoni

373 3084 411 3136 eo
437 3062 595 3156 peritum,
634 3061 871 3138 cancellarium
901 3065 1052 3138 Duealus
1078 3063 1147 3156 sui,
1177 3041 1425 3138 scholasticum
1443 3061 1762 3138 Wladislariensem
1789 3064 1825 3136 et
1847 3061 1926 3134 Plo-

370 3204 536 3288 anensem,
566 3184 600 3258 in
618 3183 744 3259 ordine
778 3169 1024 3262 eonstitulum'
1041 3184 1281 3282 presbyterali,
1310 3186 1345 3280 et
1372 3184 1517 3262 liliorum
1551 3206 1687 3258 suorum
1714 3182 1864 3259 Boleslai
1891 3185 1926 3256 at

372 3305 536 3380 Karimiri
565 3295 788 3402 pedagogum,
825 3307 1002 3384 temerarie
1044 3331 1104 3403 per
1129 3306 1335 3404 Samaritam
1364 3306 1472 3380 lilium
1510 3305 1661 3401 captivat
1695 3306 1730 3378 et
1757 3303 1925 3396 squallido

372 3449 502 3503 oareere
530 3428 646 3504 diebus
673 3429 806 3520 aliquot
833 3433 1048 3520 maceratum,
1086 3413 1220 3504 landem
1250 3429 1297 3503 in
1312 3431 1426 3504 eouleo
1453 3429 1593 3520 mutum,
1630 3427 1726 3504 velut
1753 3429 1863 3514 furem
1891 3425 1925 3498 in

373 3549 544 3644 publioum
563 3550 873 3646 patibulumegit,
905 3551 1093 3648 extinctum
1121 3573 1254 3646 quoque
1280 3552 1314 3626 et
1341 3573 1385 3624 ex
1412 3549 1515 3645 priori
1543 3549 1725 3644 suspendio
1740 3549 1925 3636 sublatum,

373 3674 408 3745 et
435 3693 508 3746 oum
537 3671 647 3766 aliqui¹
672 3674 796 3748 fratres
823 3672 1095 3774 Praedicatorum
1123 3672 1312 3770 depositum
1338 3671 1375 3770 in
1404 3671 1576 3764 civitatem
1604 3671 1733 3748 ferrent
1757 3669 1924 3764 sepelien-

373 3795 463 3885 dum,
500 3791 627 3888 Agaaia
658 3794 800 3870 Duoissa
833 3795 935 3892 plena
966 3794 1058 3870 furia
1090 3794 1140 3870 eia
1171 3795 1335 3884 ablatum,
1368 3817 1435 3868 non
1466 3815 1566 3869 seous
1592 3815 1694 3886 quam
1725 3792 1836 3868 altera
1871 3791 1924 3881 Ie]-

372 3915 468 3990 aabel
494 3917 696 4010 sanguinem
723 3917 965 3992 sacerdotalem
992 3916 1123 4008 sitiens,
1153 3937 1254 4012 super
1280 3938 1414 3990 currum
1443 3914 1597 4010 positum,
1616 3917 1651 3990 et
1669 3914 1798 3990 duobus
1823 3913 1927 4002 bobus

372 4039 518 4130 reatum,
548 4038 584 4112 in
611 4039 719 4113 altero
746 4061 863 4114 rursus
891 4038 1055 4134 patibulo,
1081 4037 1242 4137 studiose
1269 4038 1311 4112 ad
1340 4037 1374 4134 id
1401 4035 1491 4114 cirea
1516 4035 1693 4130 eeclesiam¹
1716 4035 1835 4126 Sanoli
1862 4037 1924 4121 Be,-

373 4159 499 4234 nedioti
516 4158 543 4254 ⁵)
579 4159 763 4250 fabricato,
801 4183 905 4256 supra
939 4159 1086 4238 Wislam
1122 4183 1141 4234 e
1175 4159 1314 4254 regione
1351 4158 1511 4254 ecelesiae
1546 4157 1740 4252 Ploauensia
1777 4156 1923 4248 maiam,

373 4303 585 4376 suspensum,
616 4283 654 4356 ut
681 4285 772 4358 esset
797 4283 868 4358 tam
896 4271 1107 4358 tremendum
1142 4303 1243 4374 quam
1271 4281 1531 4378 ignominiosum
1567 4279 1810 4375 speetaeulunr,
1848 4279 1925 4372 alli·

373 4402 482 4496 gavit.
522 4402 632 4497 ¹(luem
660 4405 767 4480 frater
793 4403 962 4480 Martinus
990 4403 1088 4499 prior
1107 4403 1299 4478 Ploozensis
1336 4403 1463 4478 ordinis
1490 4401 1774 4493 Praedicatorum,
1795 4399 1925 4496 missis

373 4523 552 4614 fratribus,
578 4525 620 4598 ‹le
633 4525 785 4620 patibulo
812 4527 956 4602 meando
983 4525 1185 4622 depositum,
1213 4525 1247 4600 iu
1275 4525 1417 4600 ecelesia
1444 4523 1562 4600 maiori
1590 4522 1761 4600 ordinarit
1776 4521 1924 4618 sepeliat

373 4644 563 4741 Lenissima
589 4667 690 4722 causa
708 4648 972 4744 reputandam
991 4649 1060 4723 tarn
1080 4647 1280 4722 horrendam
1307 4645 1534 4743 tyrannidem,
1560 4645 1623 4720 albi
1652 4648 1687 4724 et
1714 4644 1829 4720 domui
1846 4666 1926 4736 suaa

374 4768 614 4864 sempiternam
642 4768 860 4864 ignominiam
890 4770 1092 4860 inusturam,
1120 4771 1303 4866 pennotus.
1348 4767 1542 4844 Kaaimirus
1576 4766 1741 4862 siquidem
1755 4767 1860 4861 ¹aller
1886 4765 1924 4840 li·

373 4891 495 4966 liorum
523 4890 669 4986 praefati
696 4891 842 4986 Dneis⁶l
869 4891 1034 4983 (lauradi,
1072 4915 1159 4966 anno
1194 4892 1309 4966 eodem
1344 4890 1512 4986 virginem
1548 4889 1780 4966 Constantiam
1820 4888 1925 4970 liliam

374 5011 513 5088 Hauriei
541 5011 594 5120 Pii
623 5011 916 5090 Wratislauiensis
952 5011 1066 5104 Ilurcis,
1104 5013 1229 5088 dudum
1261 5011 1324 5085 sihi
1352 5034 1413 5108 per
1439 5013 1572 5086 beatam
1587 5067 1592 5082 .
1608 5011 1774 5086 feminam
1798 5009 1923 5086 Hadri·

373 5134 445 5230 gim
472 5133 626 5209 relictam
651 5134 790 5211 Henriei
810 5156 886 5210 oum
904 5135 1009 5210 barba
1027 5134 1274 5229 desponsatam,
1303 5135 1478 5228 acceperat
1507 5155 1643 5208 uxorem
1660 5131 1701 5226 π).
1729 5132 1776 5206 Et
1793 5131 1922 5228 nuptiis

483 5411 506 5492 ¹)
528 5415 687 5492 ambitione
703 5415 763 5480 Ed.
778 5413 873 5474 Dohr.
899 5410 1128 5490 'ldesideravil
1144 5411 1204 5473 Ed.
1220 5413 1315 5473 Dohr.
1344 5409 1371 5490 ³)
1387 5411 1563 5486 Kunegunrli
1578 5410 1638 5482 Ed.
1654 5411 1750 5473 Dobr.
1775 5407 1802 5490 ⁴)
1818 5411 1925 5486 Czapla

374 5519 435 5582 Ed.
458 5519 552 5580 Dohr.
578 5516 604 5595 ⁵)
619 5520 767 5580 Dominici
784 5517 857 5582 Gaul.
873 5519 965 5581 Roar.
990 5515 1016 5598 ⁶)
1033 5517 1183 5579 Masoriae
1198 5517 1289 5578 Ducis
1305 5517 1365 5578 Ea
1381 5517 1475 5578 Dohr.
1509 5513 1581 5594 ⁷)in
1596 5533 1726 5580 uxorem.
1737 5515 1922 5580 volt-Roas.
