4162 6288
159 537 222 634 (Α.
241 537 290 614 n.
310 535 428 633 1272.)
769 557 881 612 nnana
907 555 1101 612 ennomus.
1268 567 1271 575 ·
1629 535 1705 610 425

159 868 332 942 boleulmu
358 867 452 955 dius,
487 866 591 938 niueo
626 866 822 938 lrrenirleu
858 866 1069 939 luununienui
1095 867 1180 937 buce
1208 883 1280 937 curn
1308 865 1428 955 copiis,
1463 883 1590 936 ornnem
1617 884 1708 936 orem

291 987 606 1079 madeburgensem
633 991 761 1076 uerat,
789 986 915 1079 deeque
943 992 1053 1060 cestre
1080 987 1243 1060 Sbrrelcne
1270 991 1304 1059 eb
1329 987 1453 1059 llrdren
1480 987 1578 1077 cepit.

264 1226 384 1322 Quiete
420 1226 588 1301 militibus
622 1228 665 1300 ad
701 1227 909 1321 expedienda
929 1228 953 1320 ¹)
988 1247 1091 1317 mma,
1133 1227 1344 1318 canendoque
1379 1247 1527 1320 corpore,
1564 1227 1707 1317 quatuor

160 1347 328 1423 nnnsinm
355 1369 522 1436 concessa,
560 1349 738 1422 Boloslaus
766 1347 847 1422 Pius
873 1348 1086 1423 (lalissiensis
1112 1349 1191 1421 Dux
1226 1349 1368 1422 alteram
1397 1369 1514 1421 rursum
1554 1347 1708 1421 omnibus

161 1468 287 1563 passim
313 1468 414 1543 terris
441 1490 521 1543 sune
548 1469 686 1543 ditionis
713 1469 960 1564 expeditionem
989 1469 1023 1543 in
1051 1470 1200 1543 Saxones
1226 1472 1262 1542 ot
1283 1469 1601 1563 Brandeburgenses
1618 1469 1707 1542 blar-

159 1589 308 1682 ehionm,
337 1589 496 1664 iniuriam
524 1590 753 1683 occupationis
780 1591 883 1664 castri
910 1591 1064 1682 Santbok
1091 1591 1338 1683 prosecutnms,
1368 1589 1499 1662 indicit.
1527 1589 1580 1663 Ad
1608 1611 1708 1681 quam
1755 1615 1756 1620 ι

160 1710 266 1785 Sexto
301 1709 466 1786 delendas
502 1711 605 1800 Iunii,
647 1710 752 1804 copiis
786 1709 997 1802 equestribus
1032 1713 1068 1784 ot
1103 1711 1314 1804 pedestribus
1349 1709 1636 1799 conuenientibus,
1661 1709 1709 1780 ire

160 1833 374 1926 aspernatus,
404 1831 439 1904 in
466 1832 574 1905 locum
603 1853 701 1905 suum
733 1831 975 1906 Praemislaum
1010 1831 1134 1906 Ducem
1168 1830 1439 1920 Posnaniensem,
1469 1834 1623 1923 nepotem
1651 1851 1707 1902 su·

162 1973 221 2026 um
249 1950 567 2026 sextumdecimum
596 1951 663 2024 iam
690 1953 845 2046 egentem
873 1973 1009 2041 annum,
1040 1953 1207 2043 surrogat.
1238 1950 1359 2024 Onnum
1382 1951 1496 2024 tamen
1512 1949 1708 2023 traducendi

161 2074 197 2146 et
223 2071 363 2166 regendi
399 2071 579 2160 exercitus,
617 2074 651 2145 et
686 2094 818 2146 omnem
854 2072 990 2146 iubendi
1026 2073 1240 2164 potestatem,
1277 2071 1520 2164 Prnedpolkoni
1558 2069 1709 2164 palatino

161 2191 382 2268 Posnaniensi
432 2195 468 2266 et
495 2192 651 2282 Iohanni,
688 2192 747 2284 qui
782 2193 818 2267 et
844 2193 951 2268 Ianek
986 2193 1190 2286 appellatus,
1228 2193 1413 2266 castellano
1440 2191 1647 2281 Oelissiensi,
1675 2193 1710 2262 ct

26 2309 30 2316 ’
162 2313 301 2408 ingenio
327 2315 363 2387 ot
389 2335 491 2386 manu
527 2313 704 2407 promptis,
733 2315 768 2388 ot
794 2335 936 2406 quorum
967 2312 1156 2386 aestimatio
1183 2313 1272 2406 apud
1300 2315 1446 2386 caetmos
1481 2311 1709 2406 superemine-

161 2434 232 2526 bat,
261 2434 453 2510 demandat.
499 2434 564 2506 His
605 2434 719 2526 itaquo
759 2434 899 2507 ducibus
925 2433 1093 2508 exercitus
1129 2434 1306 2508 Polonicus
1341 2437 1495 2508 terrase
1522 2432 1711 2507 saxonibus

161 2556 355 2649 occupatus,
384 2555 476 2630 ultra
502 2555 634 2628 Drdcen
661 2555 757 2646 sitas,
787 2555 971 2649 ingressus,
1000 2557 1148 2629 castrum
1176 2555 1343 2629 Strnelcne
1370 2555 1547 2628 nouiteru
1581 2554 1708 2627 Ganra-

161 2677 207 2750 do
231 2674 424 2751 blurchiono
442 2675 743 2771 'andeburgensi
771 2676 1005 2766 fabrefactum,
1044 2677 1130 2768 quod
1168 2675 1312 2770 primum
1349 2677 1457 2750 terras
1488 2675 1630 2749 hostiles
1658 2675 1708 2746 in·

163 2796 396 2890 gradientibus
422 2798 627 2886 occurrebat,
661 2818 856 2892 oppugnare
892 2818 1084 2892 aggressus,
1122 2797 1250 2891 impetu
1278 2799 1313 2870 ot
1340 2798 1467 2871 feruore
1493 2795 1711 2890 expugnandi
1822 2841 1824 2844 -

163 2917 300 3012 ingenti
326 2917 487 3009 adhibito,
525 2919 627 3012 cupit.
674 2920 719 2991 at
746 2919 817 2993 fero
843 2940 957 2992 omnes
985 2919 1135 2993 Saxones
1162 2919 1205 2992 ud
1232 2918 1434 3012 praesidium
1472 2918 1544 2992 illic
1575 2917 1711 2994 relictos

164 3037 287 3128 caedit,
315 3037 568 3132 interimitque:
605 3039 721 3132 paucis
756 3039 829 3114 rita
862 3039 993 3114 tributa
1019 3041 1083 3129 est,
1120 3039 1242 3130 quibus
1270 3042 1309 3113 ut
1336 3041 1539 3134 parceretur,
1563 3037 1710 3112 Prnemi-
1863 3029 1865 3034 ’

165 3159 259 3232 elane
286 3158 524 3234 Posnanionsis
551 3159 629 3232 Dux
656 3161 808 3234 furentes
835 3159 963 3234 milites
1000 3160 1136 3234 assidua
1163 3161 1439 3254 interpellatione
1466 3181 1566 3254 aegre
1580 3158 1607 3252 ²)
1635 3181 1711 3253 per-

164 3279 259 3353 uicit.
305 3281 346 3353 Ιιι
373 3280 465 3355 tacta
491 3279 610 3356 deinde
638 3283 673 3354 et
699 3281 734 3355 in
775 3303 874 3376 agros
911 3281 989 3376 igne
1015 3283 1051 3354 et
1077 3281 1196 3374 spoliis
1232 3281 1396 3357 saeuitum
1432 3283 1494 3372 eet,
1534 3282 1569 3354 et
1604 3279 1712 3353 omnis

165 3421 225 3475 ora
250 3401 417 3476 Senoniae
452 3401 539 3476 citro
573 3402 696 3476 Odram
731 3402 810 3493 site,
848 3403 1020 3477 hostiliter
1046 3405 1081 3478 et
1107 3405 1186 3476 usta
1201 3399 1229 3496 ³)
1264 3405 1299 3478 eb
1325 3403 1542 3497 populatione
1577 3404 1712 3476 uenatu.

166 3523 209 3596 In
236 3522 411 3597 Polonism
446 3523 590 3614 denique
625 3545 700 3598 oum
737 3525 860 3618 praeda
895 3537 1050 3618 pecorum
1077 3527 1113 3599 et
1139 3525 1322 3618 spoliorum
1358 3545 1542 3614 reversuro,
1579 3525 1614 3598 et
1646 3523 1713 3597 inm

166 3643 318 3718 exercitu
346 3644 444 3718 iuxta
471 3646 620 3720 castrum
647 3645 791 3740 Wyelen
806 3645 835 3739 ⁴)
862 3647 985 3740 agento
1013 3645 1150 3736 statiua,
1178 3645 1369 3736 nuntiatur,
1407 3647 1554 3720 castmm
1581 3645 1712 3718 Drdzen

167 3787 270 3860 paruo
298 3765 446 3839 militum
473 3767 579 3841 teneri
608 3766 786 3860 pracsidio,
814 3789 835 3840 a
861 3765 1056 3840 Kassubitis
1082 3787 1224 3859 quoque,
1252 3767 1309 3860 qui
1337 3767 1374 3839 in
1401 3767 1558 3841 Polonico
1585 3765 1713 3839 exerci-

164 3887 340 3978 tuerent,
377 3887 513 3982 nauigio
548 3889 695 3961 castrum
723 3887 893 3982 aggressis
919 3880 954 3961 et
980 3887 1125 3981 primam
1152 3890 1283 3981 portam
1311 3889 1451 3978 adortis,
1489 3889 1568 4002 igno
1608 3909 1711 3982 appo·

167 4007 233 4080 sito
260 4006 433 4082 incensum
460 4029 553 4083 osse:
592 4008 769 4100 militibus,
807 4009 929 4101 quibus
968 4008 1034 4082 iem
1069 4008 1256 4082 discedendi
1286 4009 1321 4080 in
1349 4011 1488 4102 penetm
1524 4009 1615 4082 facta
1640 4011 1714 4082 erat

168 4149 228 4221 per
263 4129 365 4202 duces
392 4128 541 4218 licentia,
570 4152 611 4202 cn
639 4129 759 4204 itinere
793 4129 968 4220 reuocatis,
1006 4131 1049 4202 ad
1076 4131 1225 4204 castrum
1252 4130 1384 4204 Drdeen
1412 4129 1560 4204 admouit
1586 4130 1714 4204 exerci-

166 4250 254 4322 tum.
282 4249 348 4323 Sed
376 4249 526 4327 Saxones
552 4250 595 4322 ed
623 4250 826 4342 praesidium
854 4251 949 4324 illius
975 4250 1096 4340 relicti,
1126 4253 1288 4339 extreme,
1325 4272 1410 4342 quae
1437 4253 1472 4324 et
1498 4251 1569 4324 suis
1595 4251 1632 4324 in
1658 4273 1713 4324 ca·

167 4370 240 4444 stro
267 4369 434 4446 Strcelcee
461 4370 661 4460 acciderant,
691 4393 727 4445 se
754 4393 911 4465 passuros
938 4375 1046 4446 castro
1073 4371 1261 4464 conquisito
1288 4372 1398 4462 ueriti,
1431 4372 1537 4447 uitam
1564 4375 1710 4446 tantum·

168 4491 266 4564 modo
292 4493 328 4565 et
353 4490 545 4566 libertatem
583 4493 683 4585 pacti,
722 4493 927 4566 Praemielao
954 4495 1038 4567 Duci
1066 4494 1106 4566 de
1133 4495 1243 4566 castro
1274 4494 1405 4566 Drdcen
1433 4495 1635 4570 deditionem
1663 4497 1714 4568 sa-

168 4611 284 4684 ciuut:
313 4613 401 4703 quod
427 4611 531 4700 illico,
560 4613 800 4687 excedentibus
827 4615 867 4687 dc
894 4614 954 4687 illo
981 4614 1183 4704 Senonibus,
1211 4615 1246 4687 et
1274 4637 1315 4687 ne
1341 4614 1558 4706 violarentur,
1587 4615 1714 4708 specia-

169 4731 260 4806 libus
287 4731 454 4805 militibus
482 4734 524 4806 ad
551 4735 712 4807 terminos
737 4736 904 4808 terrarum
922 4734 1106 4824 conductis,
1135 4756 1156 4807 a
1183 4735 1273 4808 Duce
1301 4735 1503 4809 Praemislno
1530 4737 1626 4810 firmo
1654 4737 1716 4820 mi-

168 4853 271 4927 litum
298 4853 464 4948 praesidio
492 4855 638 4928 locatum
666 4858 729 4928 est.
759 4855 837 4927 Dux
865 4856 936 4948 ipso
963 4855 1187 4928 Prcemislaus
1214 4855 1462 4945 Posnaniensis,
1478 4857 1634 4950 tyrocinii
1662 4859 1714 4930 sui

169 4973 332 5069 primitiis
358 4975 497 5050 duorrrm
525 4979 711 5050 castrorum
738 4975 981 5068 conquisitione
1008 4975 1193 5070 insignitis,
1222 4977 1264 5050 ad
1291 4977 1441 5050 obeunda
1467 4979 1600 5052 caetera
1626 4979 1714 5052 belle

168 5117 329 5190 prospero
356 5117 509 5171 successu
537 5095 704 5188 initiatus,
733 5119 836 5172 ouans
862 5097 974 5171 rediit.

279 5372 303 5451 ¹)
326 5373 538 5447 expediendum
572 5373 644 5434 Cod.
674 5375 767 5434 Rorr.
806 5372 833 5450 ⁹)
855 5375 904 5432 nix
934 5374 994 5432 Ed.
1017 5370 1103 5447 Lips.
1143 5370 1172 5442 ³)
1196 5378 1299 5432 exusta
1325 5371 1384 5431 Ed.
1409 5371 1495 5448 Lips.
1535 5369 1564 5451 4)
1587 5373 1717 5434 Wiclinn

173 5475 245 5538 God.
269 5477 362 5538 Rorr.

220 5610 242 5653 d.
255 5609 348 5662 Diuum.
362 5609 448 5653 ΗΜ.
462 5609 541 5654 Polou.
555 5611 581 5653 ’1.
596 5611 628 5651 Π.
758 5634 764 5644 ·
1529 5599 1563 5645 54
