4208 6282
147 547 203 644 (Α.
222 546 268 622 Β.
289 547 401 643 llas.)
765 568 877 623 nnana
904 570 1058 626 sunnon.
1616 554 1688 628 141

146 757 277 832 tandem
304 757 344 832 ut
370 756 407 830 in
433 781 471 832 oo
498 758 671 850 seruando,
708 757 992 853 custodiendoque
1011 759 1036 853 ¹)
1068 761 1190 851 essent,
1227 760 1262 835 et
1276 759 1305 854 ²)
1332 759 1369 834 in
1395 757 1492 834 illius
1518 757 1691 856 praeuari-

145 879 307 954 cationem
334 877 444 974 non³)
471 878 592 955 fierent
618 881 770 974 procliui,
800 882 842 955 ab
860 904 926 956 uuo
952 904 1084 974 quoque
1103 880 1283 957 iuramenti
1301 881 1549 958 sacramentum
1567 879 1690 976 exigit.

145 1001 314 1076 Oumadus
336 1023 413 1076 uero
432 1000 541 1075 minor
559 1002 644 1076 natu
659 1000 701 1095 ⁴),
726 1001 873 1078 Oristino
899 1002 1052 1098 palatino
1077 1002 1246 1079 Maeoniae
1271 1005 1480 1098 cooperante,
1507 1002 1692 1081 Maeoniam

143 1125 177 1198 et
201 1121 374 1198 Guiauiam
401 1145 477 1198 cum
503 1123 575 1198 suis
602 1123 819 1218 pertinentiis
845 1147 889 1200 ex
916 1124 1049 1220 integro
1075 1124 1237 1220 suscepit.

242 1243 386 1320 Russiae
412 1245 598 1341 Principes,
626 1248 795 1322 conventu
821 1247 911 1341 apud
938 1247 1104 1342 Kpouiam
1130 1248 1310 1339 celebrato,
1337 1247 1586 1343 expeditionem
1613 1270 1691 1326 con·

145 1369 195 1442 tra
220 1367 408 1442 Poloucnos
423 1366 462 1461 3),
490 1367 645 1462 regiones
671 1391 786 1442 eorum
813 1367 949 1444 assidua
976 1368 1162 1464 irruptione
1188 1370 1374 1460 vastantes,
1407 1368 1573 1446 indicunt.
1619 1371 1691 1446 Ita-

142 1510 205 1582 que
221 1487 473 1582 quamprimum
490 1491 627 1583 tempus
653 1489 816 1565 aestivale
842 1490 991 1582 aduenit,
1020 1491 1271 1566 Suauthoslaus
1288 1490 1527 1566 Wsneuoldica
1542 1491 1572 1586 3)
1598 1492 1691 1586 Kye-

141 1608 263 1685 riensis
290 1611 380 1700 Dux,
418 1609 529 1684 Rurik
564 1609 796 1685 Rostislauion
810 1610 850 1705 3),
888 1612 978 1686 ΗΙοῦ
1005 1611 1309 1704 Suauthoslauicn‚
1346 1613 1436 1688 Hleb
1469 1611 1693 1708 lurpouicnp

141 1730 375 1823 Turoviensis,
403 1731 626 1807 Wlodimirus
653 1731 854 1823 Hlebouicu,
891 1732 1068 1808 Metislaus
1094 1733 1336 1827 Romanouicu,
1368 1734 1522 1808 Inaslans
1548 1732 1694 1808 Dauido·

140 1851 218 1928 uicz
244 1856 282 1927 et
307 1853 538 1930 Wsaeuoldus
574 1853 790 1929 listislauicn
825 1856 935 1930 Duces
949 1854 988 1948 3),
1022 1855 1105 1930 item
1133 1855 1260 1930 milites
1286 1855 1529 1947 Halicnionses,
1559 1854 1693 1931 Wlaoli·

142 1973 315 2050 ruirieuses
342 1976 378 2050 ot
403 1975 590 2050 lruouenscs
626 1999 687 2069 per
713 1976 903 2050 Romanum
929 1976 1056 2051 Ducem
1082 1976 1394 2052 Wladimiriensem
1419 1975 1629 2067 transmissi,
1657 1975 1695 2052 in

139 2100 265 2171 terram
293 2097 545 2172 Poloucnonum
572 2097 766 2187 adveniunt,
795 2099 831 2173 et
857 2096 1016 2172 uicesima
1042 2097 1134 2172 Iunii
1169 2098 1223 2174 die
1250 2121 1327 2174 cnm
1353 2097 1532 2174 Poloucuis
1559 2098 1595 2172 in
1623 2119 1720 2174 ma·-

141 2217 231 2293 nima
269 2220 306 2292 et
340 2218 420 2292 forti
457 2218 677 2293 multitudine
712 2219 749 2293 in
784 2241 958 2293 occursum
993 2242 1108 2294 corum
1146 2219 1304 2294 euntibus
1339 2219 1528 2314 congressi,
1566 2219 1694 2296 Polou·

141 2362 212 2414 onos
239 2339 283 2414 de
309 2361 371 2413 sua
405 2339 532 2414 uirtute
568 2340 775 2435 gloriantes,
814 2342 913 2416 caede
948 2362 1073 2436 magna
1108 2339 1144 2416 in
1180 2341 1315 2416 brachio
1351 2341 1414 2416 Dei
1446 2340 1634 2437 confligunt
1659 2343 1695 2416 et

142 2461 372 2556 prosteruunt,
402 2460 586 2554 multisque
621 2461 726 2536 caesis
762 2464 823 2536 aut
849 2461 977 2556 captis,
1015 2461 1131 2556 paucis
1166 2485 1243 2538 uero
1278 2461 1537 2558 effugientibus,
1575 2461 1696 2537 castris

142 2603 255 2658 corum
283 2583 321 2656 et
347 2581 577 2658 tabernaculis
613 2582 726 2676 potiti,
765 2583 898 2678 praedis
925 2585 960 2658 et
985 2583 1104 2678 spoliis
1134 2583 1259 2676 onusti,
1296 2583 1440 2660 uictores
1475 2605 1551 2660 cum
1586 2581 1697 2679 gloria

142 2704 374 2780 reuertuntur.

243 2824 415 2902 Henricus
441 2824 618 2920 opiscopus
644 2825 828 2920 Progensis
854 2827 889 2902 et
916 2827 995 2902 Dux
1021 2826 1203 2903 Bohomiae
1234 2826 1488 2903 exercitualiter
1513 2825 1696 2904 Morariam

142 2945 328 3041 ingressus,
357 2943 497 3019 affinem
515 2967 614 3020 suurn
631 2945 859 3020 Wladislaum
886 2947 926 3022 de
953 2969 992 3021 ea
1017 2947 1190 3036 excludit;
1220 2946 1339 3023 deiude
1365 2949 1437 3021 tam
1463 2969 1507 3022 ex
1523 2946 1695 3039 Bohomis,

143 3089 242 3160 quam
269 3065 420 3141 Morauis
447 3064 628 3142 maioribus
660 3066 766 3161 copiis
792 3067 962 3160 adunatis,
1000 3066 1095 3143 iussu
1122 3067 1263 3144 Henrici
1289 3047 1520 3164 Imperatoris,
1549 3067 1609 3160 qui
1634 3066 1697 3143 Α]-

145 3189 234 3264 berto
262 3187 452 3264 Marohioui
479 3188 609 3263 Sirbiae
629 3187 670 3282 ¹⁰)
698 3187 850 3264 infensus
868 3190 991 3282 fuerat,
1020 3189 1165 3266 Sirbiam
1192 3191 1377 3287 ingressos,
1405 3212 1480 3266 eam
1506 3191 1630 3283 uastat,
1662 3191 1698 3264 et

143 3311 251 3384 multa
278 3309 393 3384 relatu
420 3307 562 3404 indigna
588 3332 655 3383 non
674 3311 783 3384 solum
802 3309 837 3384 in
857 3311 1046 3386 saeculares
1072 3313 1107 3386 et
1133 3312 1295 3406 agrostm
1323 3313 1381 3388 sed
1407 3310 1511 3387 etiam
1540 3309 1576 3384 in
1593 3311 1698 3388 ecole-

142 3431 309 3524 siasticos,
341 3430 610 3506 monasteriaco
637 3453 749 3506 seruos
775 3431 837 3508 Dei
865 3432 1059 3508 committit.

243 3556 370 3628 Parem
397 3555 432 3627 et
459 3551 656 3648 ampliorem
691 3555 818 3628 faunam
845 3556 881 3629 et
906 3554 1071 3649 gloriam,
1109 3577 1211 3648 quam
1246 3553 1392 3630 Russiae
1427 3555 1538 3631 Duces
1570 3553 1607 3628 in
1633 3555 1697 3629 Po-

143 3678 350 3752 loucnonum
375 3673 566 3750 vastatione
593 3675 763 3750 consecuti
799 3676 946 3767 fuerant,
984 3676 1065 3750 Ihor
1084 3675 1128 3771 ”)
1155 3675 1299 3752 Russiae
1324 3677 1404 3750 Dux
1431 3675 1495 3751 sibi
1524 3697 1696 3771 compara-

142 3802 254 3889 turus,
294 3819 374 3873 cum
411 3797 539 3872 duobus
575 3796 659 3870 filiis
695 3799 730 3871 et
765 3797 1088 3892 Nouogrodeusibus
1108 3797 1151 3893 ¹²)
1182 3799 1224 3872 de
1252 3797 1398 3893 Speuior
1433 3798 1469 3874 et
1496 3799 1602 3872 fratre
1637 3819 1698 3872 suo

142 3920 353 3996 Wszeuolrlo
389 3918 554 3994 Olhouicn
591 3922 626 3993 et
662 3919 829 3994 militibus
867 3920 908 3995 de
943 3920 1132 4014 (lairnyeou
1152 3917 1196 4014 ’3)
1230 3919 1326 3994 uadit
1357 3920 1473 3995 contra
1499 3920 1698 3994 Poloucnos.

142 4043 187 4116 Ε)
212 4041 373 4134 quamuis
400 4040 568 4116 notabiles
603 4062 718 4116 eorum
755 4041 868 4136 copias
903 4041 1175 4136 prostravissent,
1212 4063 1280 4116 una
1314 4042 1428 4116 tamen
1456 4039 1598 4116 uictoria
1632 4063 1701 4115 non
1791 4068 1793 4072 ¹

142 4163 307 4254 conteuti,
337 4161 588 4238 constituerunt
614 4161 663 4238 ire
689 4163 782 4236 ultra
808 4163 934 4238 flumen
960 4164 1046 4254 Don,
1075 4185 1172 4238 omne
1193 4185 1301 4258 genus
1327 4163 1578 4238 Poloucuonum
1606 4161 1699 4238 dole-

142 4283 221 4376 turi,
250 4287 288 4360 et
317 4285 415 4358 tanto
442 4282 663 4379 insigniorem
690 4283 840 4358 habituri
867 4284 1012 4376 laudem,
1041 4287 1169 4378 quanto
1195 4283 1392 4379 longiorem,
1420 4286 1456 4359 et
1473 4305 1574 4378 quam
1600 4305 1701 4358 nemo

142 4409 220 4480 aute
247 4407 332 4480 illos
359 4407 491 4481 tentare
519 4427 622 4480 ausus
649 4406 773 4496 fuerat,
803 4405 998 4502 exegissent
1018 4405 1120 4480 uiam.
1149 4405 1292 4482 Interim
1310 4407 1424 4482 autern
1445 4403 1488 4499 ”)
1514 4405 1700 4480 Polouono·

143 4549 221 4602 num
251 4527 378 4623 iugens
413 4526 596 4602 multitudo
625 4527 673 4602 eis
700 4549 803 4622 prope
829 4528 902 4602 Don
940 4549 1128 4620 occurrens,
1157 4529 1295 4603 cunctos
1322 4526 1476 4602 conflixit
1501 4528 1537 4601 et
1563 4525 1701 4618 delerit,

142 4649 312 4724 nemiuem
342 4671 386 4723 ex
412 4670 452 4722 oa
472 4647 514 4742 ¹⁵)
541 4649 635 4722 clade
661 4649 878 4742 superstitem
905 4669 978 4724 esse
1005 4648 1130 4724 sinens.
1163 4650 1205 4722 lu
1232 4648 1377 4724 Russiae
1403 4649 1566 4743 posthaec
1592 4649 1703 4724 terras

142 4769 228 4845 circa
255 4769 450 4846 Pereaslau
476 4768 682 4864 irrumpunt,
719 4771 754 4844 et
781 4769 893 4844 omnia
919 4771 1031 4845 castra
1057 4769 1093 4844 in
1120 4770 1258 4846 flumine
1285 4771 1369 4845 Sula
1400 4769 1700 4865 comprehendunt.

250 4978 275 5058 ¹)
301 4978 554 5052 custodiendoque
585 4983 753 5038 constantes
787 4977 858 5039 Ood.
881 4979 975 5038 Rorr.
1014 4975 1100 5055 ¹)ne
1121 4978 1183 5039 Ed.
1206 4978 1302 5040 Βοῦν.
1341 4974 1370 5056 3)
1393 4978 1490 5038 animo
1520 4977 1580 5037 Ed.
1604 4976 1700 5038 Βοῦν.

144 5078 170 5160 ⁴)
192 5083 291 5144 minor
314 5089 387 5143 natu
409 5083 551 5142 Kazimiri
580 5081 658 5141 filius
693 5079 765 5142 θοοῦ.
788 5083 880 5143 Rorr.
920 5078 946 5160 3)
968 5083 1173 5143 Polowconum
1199 5083 1258 5144 Ed.
1280 5083 1374 5143 Βοῦν.
1413 5079 1441 5160 3)
1462 5080 1703 5142 Wsueuoldowic

146 5184 216 5250 Geel.
240 5189 336 5248 Ronr.
377 5183 406 5264 3)
429 5186 619 5248 Roscislauic
638 5186 698 5246 Eoi.
721 5187 815 5247 Dotr.
855 5183 1271 5264 ⁸)1urgionieoEol.1>ocr.
1310 5183 1458 5264 ’)Βοοοο
1480 5185 1606 5245 Russiae
1631 5181 1702 5248 eoa.

143 5291 233 5351 Roer.
270 5289 313 5368 ¹⁰)
338 5291 460 5352 Serbiaa
485 5289 672 5354 οοᾱ.1ἰονν.
707 5288 748 5368 3’)
771 5291 821 5350 Ior
843 5291 904 5352 Eo.
927 5291 1021 5351 Dotr.
1057 5287 1099 5370 ¹²)
1122 5309 1187 5352 com
1210 5291 1323 5352 dnobus
1346 5290 1415 5351 filiis
1439 5289 1500 5349 suis
1523 5289 1583 5349 Ed.
1606 5289 1701 5350 Βοῦν.

148 5391 187 5472 ’3)
209 5393 395 5458 czemioiou
418 5401 449 5456 et
470 5393 635 5470 Nouogrod
657 5393 717 5456 Ed.
741 5393 835 5457 Βοῦν.
878 5389 918 5472 ’3)
942 5400 1039 5456 tamen
1063 5395 1123 5457 Ed.
1146 5395 1241 5456 Βοῦν.
1279 5391 1320 5473 ’3)
1341 5395 1397 5454 hac
1419 5393 1481 5454 Ed.
1503 5392 1598 5454 Βοῦν.
