4140 6298
972 554 1084 609 omna
1110 555 1304 610 auruncus.
1641 534 1704 631 (Α.
1724 532 1773 612 D.
1791 537 1913 638 ¹245.)

826 963 1036 1078 ANNUS
1070 963 1296 1078 DOMINI
1331 965 1469 1080 1245.

362 1245 535 1338 lriuileglu
562 1245 751 1320 libertatum
776 1247 988 1321 ecclesiarum
1015 1247 1211 1322 tununensis
1234 1252 1269 1322 et
1294 1247 1532 1339 Poonamounis,
1559 1249 1700 1324 maxine
1729 1249 1816 1344 quod
1833 1251 1913 1325 laec

363 1369 417 1441 iu
444 1367 544 1442 etlam
571 1366 709 1441 cudendi
737 1372 900 1442 monetam
926 1368 1067 1457 baberet,
1094 1369 1232 1442 barones
1257 1371 1410 1443 Poloniae
1436 1371 1555 1444 tollere
1583 1375 1642 1444 ut
1668 1373 1786 1444 salbon
1813 1372 1913 1446 ini-

365 1506 462 1563 usto
488 1491 611 1564 bactra
638 1489 851 1579 contendunt,
878 1490 1020 1563 boribus
1047 1509 1086 1563 eo
1114 1491 1220 1582 nugis
1247 1491 1309 1563 las
1337 1491 1428 1584 ipsas
1454 1492 1626 1566 llbertutes
1655 1493 1813 1567 ccclesiae
1840 1511 1912 1568 con

1014 1611 1247 1685 ‘tumentibus

467 1849 521 1926 Ad
557 1849 750 1925 libertatem
786 1849 935 1926 ecclesiis
967 1850 1154 1926 dumnensi
1191 1854 1226 1927 et
1263 1851 1484 1928 Posnaniensi
1511 1849 1571 1948 per
1596 1853 1824 1930 wladislaum
1851 1855 1912 1928 Ot·

363 1971 455 2047 tonis
482 1971 592 2046 ducali
619 1969 853 2047 munificentia
879 1971 1053 2068 largitam,
1091 1972 1355 2066 rescindendam,
1383 1976 1523 2049 barorms
1550 1976 1586 2048 et
1612 1973 1779 2050 militares
1804 1975 1912 2050 llaio

364 2093 412 2168 ris
438 2093 598 2169 Poloniae
624 2091 772 2168 uniuersi
799 2093 869 2169 solo
896 2093 1001 2170 liuore
1028 2094 1107 2186 acti,
1136 2094 1342 2190 conspirant,
1381 2095 1578 2190 magnisque
1605 2095 1703 2172 illam
1728 2095 1851 2171 studiis
1877 2098 1914 2171 et

364 2213 696 2310 interpellationibus
731 2215 820 2310 apud
856 2215 1101 2291 Praemislaum
1138 2219 1173 2293 et
1209 2217 1403 2292 Beleslaum
1437 2215 1574 2291 Maioris
1609 2216 1769 2293 Poloniae
1804 2218 1913 2292 Duces

364 2337 545 2432 precantur
571 2335 710 2411 cassari.
755 2335 847 2431 Quae
873 2337 938 2412 etsi
964 2337 1053 2412 nulli
1079 2360 1193 2413 eorum
1228 2339 1389 2415 afferebat
1424 2337 1667 2434 praeiudicium
1700 2338 1754 2414 uel
1789 2359 1912 2433 graua-

364 2480 452 2551 men,
480 2457 734 2534 offendebantur
760 2459 874 2533 umen
903 2480 1004 2551 quam
1030 2460 1188 2552 maxime,
1216 2458 1462 2536 ecclesiasticas
1488 2461 1605 2551 sortes,
1633 2459 1735 2535 uillas
1761 2461 1912 2554 elprae

364 2579 420 2653 dia
442 2578 570 2658 liberas
596 2600 680 2671 esse,
708 2577 780 2654 suis
806 2579 1069 2656 consistentibus
1096 2583 1159 2656 sub
1185 2580 1282 2676 graui
1307 2580 1470 2658 seruitute
1495 2583 1531 2656 el
1547 2581 1698 2656 tributis.
1725 2578 1843 2656 Altius
1858 2583 1912 2656 te·

365 2723 442 2775 mon
467 2699 706 2777 Poemeniensis
739 2699 899 2777 ecclesiae
934 2701 1088 2777 libertati
1123 2705 1222 2778 eraut
1256 2701 1393 2793 infesti,
1431 2701 1467 2777 in
1502 2723 1604 2796 quam
1638 2702 1804 2778 nonnulla
1838 2701 1914 2776 iura

275 2807 279 2814 ’
363 2821 499 2898 ducalis
534 2819 575 2898 de
607 2823 742 2898 moneta
774 2821 846 2896 iure
875 2845 934 2898 suo
961 2824 996 2898 et
1023 2823 1172 2919 imagine
1208 2824 1414 2915 fabricanda,
1453 2826 1551 2899 erant
1581 2823 1766 2900 transfusa.
1811 2825 1911 2899 Prae-

364 2942 505 3018 mislaus
531 2964 609 3019 uero
639 2945 674 3018 et
701 2943 880 3019 Beleslaus
913 2943 1051 3020 Maioris
1085 2944 1245 3021 Poloniae
1281 2945 1409 3036 Duces,
1446 2946 1607 3020 baronum
1641 2947 1677 3020 et
1712 2944 1912 3020 militarium

363 3086 499 3141 suonmr
525 3063 632 3140 nullis
659 3063 918 3159 precationibus,
954 3065 1060 3140 nullis
1091 3065 1268 3141 instantiis
1295 3065 1410 3161 frangi
1435 3067 1470 3142 et
1496 3067 1539 3141 ad
1566 3065 1773 3161 propositum
1799 3085 1913 3142 eorum

293 3189 296 3194 “
365 3185 492 3261 molliri
517 3186 691 3280 poteraut:
719 3187 818 3282 turpe
845 3185 923 3279 rati,
951 3185 1120 3282 Principis
1147 3187 1182 3264 et
1209 3187 1361 3283 parentis
1387 3185 1440 3262 sui
1467 3185 1684 3282 priuilegium
1711 3186 1746 3260 in
1773 3185 1836 3261 Dei
1852 3186 1913 3261 ho-

364 3329 479 3383 norem
505 3308 540 3382 et
566 3305 829 3382 ecclesiasticam
863 3307 1058 3384 libertatem
1094 3311 1287 3384 emeuatuur
1308 3309 1351 3403 ¹),
1387 3307 1554 3384 uiolatum
1581 3307 1635 3401 iri,
1671 3329 1746 3384 cum
1775 3307 1913 3386 uiolatio

363 3429 439 3524 ipsa
464 3430 500 3505 et
525 3427 707 3504 Divinituti
733 3427 972 3505 coutumeliam
997 3431 1033 3506 et
1059 3428 1144 3524 ipsis
1170 3429 1320 3506 inureret
1355 3429 1497 3506 dedecus
1533 3428 1785 3526 sempiternum.
1828 3428 1912 3504 Gon·

364 3549 486 3626 lutatis
512 3548 626 3643 ituque
652 3551 688 3626 et
713 3549 847 3626 reiectis
873 3573 987 3626 eornm
1014 3549 1145 3626 friuolis
1172 3551 1368 3643 instantiis,
1406 3550 1601 3626 libertatem
1627 3549 1777 3628 ecclesiis
1804 3572 1825 3624 a
1850 3573 1909 3646 ge·

364 3672 473 3748 nitore
499 3693 614 3747 eorum
641 3671 831 3750 Wladislao
858 3671 994 3748 Ottonis
1020 3672 1189 3764 donatam,
1226 3696 1269 3749 ne
1294 3695 1316 3748 a
1342 3694 1510 3766 quoquam
1537 3672 1651 3768 posset
1677 3671 1714 3747 in
1741 3673 1912 3768 posterum

363 3793 511 3870 reuocari
537 3791 573 3866 in
601 3793 808 3890 ambiguum,
847 3793 918 3868 suis
946 3793 1149 3889 specialibus
1175 3793 1287 3869 literis
1314 3795 1349 3870 et
1375 3792 1539 3871 innovant
1564 3795 1600 3870 et
1626 3794 1852 3884 corroborant,
1880 3794 1912 3868 et

364 3915 401 3991 in
426 3914 510 3991 ioris
537 3915 714 3992 civitatum
736 3917 772 3991 et
796 3915 1012 3990 castellorum
1039 3937 1239 4010 praeconum
1265 3935 1343 3990 uoce
1370 3913 1487 3990 iubent
1513 3914 1610 3990 illam
1636 3913 1768 3990 firmum
1788 3917 1824 3988 et
1843 3913 1912 3988 illi·

363 4037 479 4112 batam
505 4035 645 4128 conseri,
673 4037 716 4111 ab
743 4035 964 4130 omnibusque
999 4036 1070 4110 suis
1107 4035 1253 4112 subditis
1288 4035 1488 4112 intemerate
1523 4034 1695 4111 custodiri.
1740 4035 1912 4111 &noento

363 4157 483 4235 deinde
509 4157 661 4254 generali
680 4157 715 4231 et
734 4156 828 4232 curia
845 4157 977 4232 solenni
1003 4157 1093 4252 apud
1120 4157 1290 4234 [lucenam
1316 4155 1454 4249 indicta,
1483 4156 1708 4234 Praemielaus
1733 4155 1812 4230 Dux
1830 4156 1914 4231 natu

363 4277 470 4354 maior
496 4279 637 4355 fratrem
663 4299 762 4354 suum
787 4277 982 4354 Beleslaum
1008 4275 1173 4354 iuniorem
1200 4277 1236 4353 in
1260 4278 1407 4355 crastino
1425 4277 1518 4354 beati
1534 4276 1722 4371 Adalberti,
1750 4275 1912 4355 indues·

363 4399 461 4476 nensi
487 4399 639 4492 ecclesia,
667 4399 816 4476 Fuloono
844 4399 1093 4495 archiepiscopo
1120 4398 1258 4475 missam
1284 4399 1470 4476 solenniter
1495 4399 1707 4491 deccntmte,
1735 4400 1798 4473 sub
1816 4419 1912 4494 prae·

363 4519 474 4598 sentia
499 4520 694 4616 Boguphali
720 4519 959 4621 Posnaniensis
994 4520 1143 4616 episcopi
1169 4523 1205 4596 et
1230 4521 1415 4596 multorum
1450 4519 1609 4596 Poloniae
1634 4518 1772 4595 Maioris
1797 4539 1912 4614 prore·

363 4664 450 4735 rum,
478 4641 622 4718 militari
649 4641 758 4718 cinxit
786 4643 913 4735 balteo,
942 4644 976 4718 et
1003 4641 1106 4719 uariis
1131 4642 1222 4717 ludis
1248 4644 1351 4734 atque
1377 4641 1507 4720 choreis
1537 4640 1738 4734 celebratis,
1766 4639 1911 4718 athletis

363 4762 499 4841 duculia
523 4761 670 4860 largitus
696 4764 750 4840 est
775 4785 926 4839 munera.

470 5023 497 5109 ¹)
520 5025 659 5088 donatum
690 5020 762 5088 eoo.
784 5023 879 5088 Roas.
