4208 6282
167 521 228 626 (A
242 520 294 596 Β.
314 517 425 632 llas.)
780 543 894 596 unane
920 541 1074 597 snxnns.
1396 601 1398 606 ,
1628 525 1707 595 145

165 733 233 807 tum
258 729 311 806 die
337 729 466 806 bellum
492 749 627 824 gessere
653 729 782 805 bellum
808 727 942 805 anienis.
974 729 1074 804 Solus
1099 729 1307 824 Myeczslaus
1332 729 1559 824 Lpsskonogy
1578 729 1603 822 ¹)
1629 729 1708 802 Dux

128 879 131 888 ’
164 853 273 930 eodem
299 851 364 942 dis,
393 849 535 928 caeteris
562 850 830 946 diffugientibus,
859 850 895 924 in
921 849 1116 926 certaminis
1142 851 1213 926 loco
1240 849 1437 946 permansit,
1466 851 1625 942 solusque
1646 849 1710 924 soli

164 972 223 1050 sibi
249 971 390 1048 semisse
415 970 590 1049 uictoriam
617 971 839 1066 gloriabatur.

261 1093 376 1168 Partis
414 1092 590 1189 utriusque
630 1092 782 1170 exercitu
796 1091 825 1187 ¹)
864 1115 909 1167 ex
943 1091 1136 1167 certaminis
1171 1092 1244 1168 loco
1283 1092 1450 1168 defluente
1490 1094 1525 1167 et
1564 1092 1706 1187 dilapso,

163 1215 366 1311 Mpocuslaus
384 1213 573 1309 opoliensis
592 1215 629 1290 et
647 1211 920 1289 Rathiboriensis
946 1214 1036 1304 Dux,
1065 1213 1123 1304 qui
1150 1214 1185 1289 et
1211 1213 1285 1308 ipse
1311 1215 1426 1308 partes
1443 1214 1622 1309 Mpecnslai
1648 1215 1707 1290 Se·
1814 1231 1816 1234 ·

38 1364 45 1374 ·
163 1335 214 1410 nie
239 1335 344 1412 Ducis
369 1335 509 1412 Maioris
535 1334 694 1412 Poloniae
730 1335 908 1410 iuvaturus
923 1332 962 1430 ³),
990 1335 1121 1410 tardius
1149 1357 1315 1430 egressus,
1353 1336 1480 1430 praelio
1509 1359 1574 1409 non
1603 1335 1708 1410 inter-

162 1457 283 1550 fuerat,
311 1479 387 1533 curu
413 1458 535 1554 nepote
561 1479 622 1532 suo
648 1457 799 1532 Icroslao
832 1455 982 1532 Boleslai
1016 1455 1091 1530 Alti
1121 1455 1412 1532 Wretislauiensis
1427 1459 1455 1550 ¹)
1482 1456 1564 1549 filio,
1593 1461 1628 1532 et
1655 1480 1708 1532 co-

163 1577 226 1674 piis
252 1578 307 1653 sui
332 1577 538 1675 exercitus)
565 1577 712 1670 advenit,
741 1599 874 1670 eosque,
903 1577 961 1670 qui
989 1579 1030 1652 de
1056 1577 1237 1673 lipecuslai
1264 1577 1361 1652 Senis
1389 1577 1539 1652 exercitu
1566 1578 1709 1673 diffuge-

162 1701 247 1794 rant,
276 1699 492 1796 recolligens,
520 1699 557 1774 in
583 1699 778 1776 certaminis
802 1699 875 1775 loco
902 1698 1063 1791 consedit,
1100 1721 1140 1774 ac
1165 1698 1274 1794 signis
1301 1698 1422 1776 erectis
1448 1699 1545 1792 quasi
1573 1699 1710 1776 victoris

162 1821 196 1896 in
227 1843 353 1898 morem
389 1821 555 1899 constitit.
600 1821 662 1897 Oui
697 1823 733 1897 et
767 1843 841 1896 eam
875 1820 985 1916 ipsam
1020 1820 1265 1896 exultationem
1300 1820 1502 1896 Genericius
1537 1809 1710 1916 palatinus

162 1942 463 2035 Sandomiriensis,
490 1944 533 2018 ad
560 1966 660 2037 quem
686 1943 809 2036 reliqui
836 1941 1019 2018 disturbati
1045 1942 1313 2018 ermonionsinn
1340 1943 1509 2018 exercitus
1535 1965 1571 2018 se
1597 1943 1709 2038 appli-
1746 2009 1752 2019 ,

161 2066 330 2156 mussant,
366 2066 555 2161 erepturus,
592 2065 691 2140 nulla
725 2085 862 2139 suorum
889 2063 1061 2159 paucitate
1087 2067 1123 2140 et
1148 2065 1275 2140 recenti
1311 2065 1405 2140 clade
1436 2065 1666 2160 perculsorum
1681 2064 1720 2159 ⁶).

160 2185 247 2262 inita
273 2185 416 2280 ratione,
444 2207 632 2279 occurrens,
660 2185 821 2262 acerrime
847 2188 991 2281 pugnat,
1020 2189 1055 2262 et
1081 2185 1268 2281 potioribus
1294 2187 1334 2262 ds
1361 2185 1433 2260 suis
1459 2185 1604 2278 amissis,
1635 2208 1709 2262 cae·

161 2307 242 2384 teris
267 2308 353 2405 fuga
379 2307 487 2404 lapsis
501 2307 550 2403 ⁷),
582 2307 824 2386 numerositate
850 2307 1000 2382 hostium
1027 2309 1226 2402 superatus,
1255 2308 1292 2382 in
1318 2308 1460 2384 hostiles
1487 2329 1626 2400 manus,
1655 2310 1710 2382 fu·

158 2451 239 2525 gers
265 2431 366 2525 turpe
392 2433 500 2534 ratus,
528 2428 625 2505 uiuus
651 2429 755 2522 uouit,
784 2431 820 2504 et
843 2428 980 2524 longam
1006 2428 1240 2524 captiuitatem
1267 2430 1357 2524 apud
1377 2430 1501 2524 hostes,
1529 2433 1711 2522 antequam

162 2551 470 2642 manumitteretur,
499 2551 655 2647 pertulit.
683 2549 874 2646 Opoliensis
900 2551 980 2626 Dux
1005 2551 1212 2646 lipecnslaus
1239 2573 1315 2626 cum
1332 2555 1453 2647 nepote
1471 2574 1531 2628 suo
1549 2553 1710 2644 Iaroslao,

160 2695 202 2748 ne
218 2672 347 2750 iterum
374 2673 685 2750 adracouiensibus
712 2672 879 2748 militibus
905 2672 1140 2765 insectaretur,
1168 2673 1308 2763 ueritus,
1337 2697 1380 2748 ex
1407 2674 1527 2769 praelii
1554 2675 1626 2750 loco
1645 2673 1711 2749 Go-

160 2794 332 2871 uoricium
363 2795 555 2890 palatinum
591 2793 898 2870 Sandomiriensem
924 2796 960 2870 et
985 2796 1167 2870 nonnullos
1202 2795 1288 2870 alios
1322 2795 1554 2871 onmvionses
1585 2795 1712 2870 milites

18 2977 22 2984 .
160 2915 325 3012 captivos,
352 2916 529 3013 spoliaque
555 2915 657 2990 relati
683 2914 851 3010 triumphi
877 2937 989 2992 secum
1016 2917 1137 3008 ferens,
1176 2916 1329 3008 dissedit,
1357 2919 1392 2992 et
1418 2919 1461 2992 ab
1487 2917 1710 3012 exploratori-

159 3039 232 3130 bus,
262 3037 463 3131 nuntiisque
499 3037 637 3130 doctus,
674 3038 899 3133 llyecuslaum
935 3037 1057 3113 Senem
1089 3037 1240 3133 graviter
1276 3039 1488 3117 uulneratum
1523 3038 1642 3115 lectica
1676 3038 1712 3122 in

160 3158 366 3236 Poenaniam
392 3157 527 3251 deferri,
556 3157 742 3235 exercitum
763 3160 798 3234 et
816 3157 888 3254 ipse
903 3158 932 3254 ⁸)
959 3180 1057 3234 suum
1084 3181 1124 3236 ac
1145 3161 1284 3256 nepotes
1298 3159 1328 3254 ¹)
1354 3160 1391 3234 in
1408 3159 1552 3236 Slesiam
1570 3159 1711 3236 reducit.

208 3526 308 3602 lmen
336 3526 510 3621 opiscopus
536 3526 670 3618 cognita
696 3529 808 3618 abana
835 3527 933 3617 loom,
958 3526 1126 3602 llicolaun
1153 3527 1285 3601 tratrem
1313 3544 1416 3617 auum,
1443 3528 1660 3620 lucensium

440 3652 641 3742 senaculum,
666 3652 798 3724 revocat
824 3652 860 3724 ct
886 3666 993 3722 arcem
1019 3649 1263 3723 cracoviensem
1291 3648 1439 3741 providit.

264 3887 446 3964 Sollicitus
471 3888 512 3963 de
538 3888 654 3964 futuro
688 3887 772 3964 belli
806 3887 944 3964 ineundi
980 3889 1102 3964 euentu
1137 3889 1243 3964 l'ulco
1278 3887 1505 3964 dracouiansis
1536 3889 1713 3985 episcopus

158 4008 297 4088 invilla
323 4031 387 4088 sua
412 4011 622 4086 Dneruaszna
642 4009 685 4106 ¹¹)
711 4011 840 4087 duobus
865 4010 1070 4086 milliaribus
1096 4011 1291 4088 scondictu
1318 4011 1465 4087 distante
1482 4012 1648 4105 substitit,
1678 4021 1713 4086 et

156 4131 248 4208 inter
274 4153 374 4228 spem
400 4132 504 4224 atquo
534 4133 664 4208 metum
683 4131 825 4228 positus,
853 4131 1139 4208 obsecrationibus
1164 4131 1353 4208 lacrimosis
1372 4133 1416 4227 ¹¹)
1441 4133 1512 4208 suis
1539 4133 1713 4216 uictoriam

157 4254 274 4332 cedere
301 4255 515 4350 precabatur.
548 4253 698 4330 Advenit
723 4253 855 4330 interea
880 4253 1006 4348 aliquis
1033 4277 1077 4328 ex
1103 4254 1232 4350 praelio
1257 4254 1405 4349 fugiens,
1433 4259 1469 4330 et
1495 4255 1645 4349 pontifici
1672 4257 1714 4338 de

156 4374 253 4450 exitu
280 4374 367 4451 belli
394 4373 491 4451 aride
517 4373 705 4451 sciscitanti
733 4375 932 4470 respondet:
970 4397 1094 4471 magna
1130 4375 1231 4451 caede
1267 4375 1499 4452 (traoorisnses
1524 4379 1560 4451 et
1586 4377 1712 4450 Sando-

157 4496 341 4572 mirismses
366 4498 403 4572 et
428 4497 618 4572 Romanum
644 4497 770 4572 Ducem
788 4496 1023 4574 Wlndimiriae
1050 4518 1126 4572 curn
1152 4497 1356 4582 exercitibus
1373 4519 1487 4572 eorum
1506 4519 1565 4591 per
1583 4499 1713 4593 Mysos-

156 4619 268 4694 slsnm
297 4618 423 4695 Senem
448 4617 586 4708 Maioris
612 4617 772 4694 Poloniae
798 4619 925 4694 Ducem
951 4618 1114 4694 contritos
1139 4641 1223 4711 esse,
1251 4620 1376 4696 ettam
1403 4618 1585 4713 palatinos,
1613 4641 1714 4712 quam

156 4739 353 4816 somnum
379 4760 457 4815 cum
474 4738 675 4835 primoribus
701 4739 738 4814 in
765 4739 836 4816 scie
853 4739 1023 4832 cecidisse,
1050 4741 1341 4836 llyecnslaumque
1369 4740 1715 4844 Senemtriurnphali

156 4845 283 4959 pompa
316 4849 521 4957 insignitum
548 4863 584 4938 st
610 4860 730 4956 spoliis
756 4864 859 4955 atque
885 4861 994 4958 signis
1020 4862 1265 4938 debellatorum
1283 4883 1304 4938 a
1322 4883 1358 4938 se
1375 4861 1523 4938 hostium
1543 4864 1713 4953 onustum,

268 5069 295 5148 ¹)
323 5069 375 5132 Sic
395 5071 431 5131 ia
452 5071 592 5132 comeum
617 5068 709 5132 Oodd.
731 5085 854 5131 νννοννν
874 5068 983 5142 forsan
1007 5087 1065 5147 pro
1086 5070 1265 5132 wladislaus
1294 5069 1463 5144 Laskonogi
1491 5069 1569 5130 filins
1597 5067 1714 5145 Mycon-

157 5174 213 5238 slai
236 5175 340 5237 Senis.
379 5171 561 5253 ¹)Utroque
591 5176 723 5236 exercitu
752 5175 813 5235 Ed.
840 5175 935 5236 Dobr.
974 5171 1176 5254 ³)invasnrus
1206 5175 1267 5237 Ec.
1289 5175 1378 5251 Ltpe.
1417 5169 1444 5252 ι)
1465 5173 1716 5234 Wrstislaviensis

156 5278 252 5342 Dacis
274 5279 340 5341 Ed.
361 5278 458 5341 Dobr.
499 5275 525 5356 β)
548 5285 580 5340 et
596 5280 663 5339 suis
686 5279 779 5353 copiis
808 5279 870 5340 md.
892 5279 988 5340 Dobr.
1027 5276 1055 5357 ⁶)
1076 5281 1230 5354 perculsus
1263 5277 1335 5340 Ood.
1357 5280 1451 5338 Βοῦν.
1490 5275 1716 5356 ⁷)didugienti·

156 5383 212 5446 bus
232 5383 301 5446 Ed.
324 5383 420 5446 Βοῦν.
458 5379 669 5461 ¹¹)exercitum
691 5399 761 5444 voro
783 5383 844 5446 Ed.
866 5383 960 5444 Dobr.
999 5380 1432 5463 benemerentibus.
1473 5379 1514 5460 ¹⁰)
1535 5381 1717 5460 Dzierzasna

161 5483 233 5552 God.
257 5487 356 5551 Rosr.
398 5484 439 5564 ¹¹)
461 5491 493 5548 et
513 5486 663 5548 lachrimis
684 5483 746 5548 Ed.
769 5487 865 5551 Βοῦν.

207 5621 231 5668 ν.
246 5619 625 5678 numerumnunerum,
1529 5609 1560 5662 ra
