4172 6278
388 537 461 609 180
1018 555 1130 606 nonne
1157 555 1309 607 snxrns.
1669 531 1733 627 (Α.
1753 529 1801 608 D.
1821 533 1939 632 1207.)

386 746 501 835 dsunt,
530 745 565 820 et
591 743 765 819 hostiliter
801 743 1047 835 conuenientes,
1085 742 1243 818 videlieet
1278 742 1444 838 Georgius
1471 741 1758 819 Wladimirionsis
1785 745 1821 820 et
1848 745 1938 820 Iuro·

387 869 480 942 sleus
506 865 789 941 Pereaslerionsis
825 868 867 939 ab
896 888 973 956 runa,
1013 865 1096 939 item
1123 864 1356 957 Wlodimirus,
1394 864 1636 940 Constantinus
1672 867 1708 940 et
1743 866 1939 942 blsonislaus

387 992 496 1063 Duces
523 989 737 1063 Smolnensos
772 991 807 1064 et
838 989 1121 1064 Nowohrodensos
1143 991 1176 1082 ¹),
1217 989 1339 1062 fratros
1375 987 1538 1083 genuani,
1572 987 1725 1082 partibus
1752 991 1795 1063 ab
1821 990 1937 1080 altaro,

387 1112 581 1186 duodeoima
607 1110 738 1205 Aprilis
752 1111 816 1200 die,
847 1133 1002 1185 uruorone
1029 1110 1064 1183 in
1093 1109 1229 1205 propria
1255 1109 1383 1184 viscera
1410 1132 1516 1201 verso,
1545 1109 1743 1206 confligunt.
1780 1112 1827 1184 lit
1855 1113 1940 1185 mul·

388 1235 434 1308 tis
463 1233 661 1307 mortalibus
688 1233 847 1326 utrinque
875 1233 990 1324 eaesis,
1021 1232 1130 1327 captis
1157 1236 1217 1306 aut
1249 1231 1284 1305 in
1305 1231 1403 1306 undis
1426 1231 1619 1324 submersis,
1649 1233 1751 1308 eessit
1778 1233 1938 1308 musun-

388 1356 471 1445 tino,
500 1355 700 1431 Wlodimiro
728 1359 762 1430 et
789 1355 962 1429 Msenislao
992 1355 1149 1429 uictoria:
1187 1354 1245 1446 qui
1273 1354 1454 1448 Georgium
1483 1355 1790 1431 Wladimiriensom
1818 1357 1940 1431 Iluoem

389 1479 424 1552 in
443 1478 694 1555 Wladimiriam
714 1478 948 1572 diffugientom
968 1478 1086 1568 secuti,
1116 1477 1424 1552 Wladimiriensom
1452 1499 1562 1552 aream
1590 1478 1760 1553 obsidione
1787 1477 1941 1574 oingunt.

389 1603 515 1675 Videns
542 1604 655 1674 autem
684 1601 849 1696 Georgius
876 1603 1013 1695 propter
1040 1601 1206 1675 defectum
1235 1599 1383 1673 militum
1411 1622 1447 1675 se
1473 1603 1620 1675 rastrum
1641 1599 1728 1676 tueri
1748 1623 1814 1675 non
1834 1623 1940 1695 posse,

390 1725 475 1798 exiit
503 1724 543 1797 ad
572 1723 715 1798 viotores
742 1725 861 1814 Durae,
892 1726 1009 1818 petens
1037 1745 1171 1817 paoem:
1200 1725 1235 1798 et
1262 1744 1416 1797 oonoessa
1442 1724 1494 1798 est
1521 1721 1551 1798 ei
1578 1745 1647 1818 pax
1674 1745 1715 1798 oa
1742 1722 1941 1814 eonditione,

391 1850 430 1919 nt
457 1847 497 1920 de
524 1848 633 1920 oastro
661 1846 822 1932 excedat;
848 1868 913 1938 quo
940 1845 1131 1936 excedente,
1163 1845 1280 1918 datum
1308 1846 1360 1919 est
1386 1845 1617 1919 Constantino.
1663 1844 1861 1920 Exercitum
1888 1846 1942 1919 de-

391 1967 468 2041 indo
495 1967 637 2041 riotores
664 1968 772 2040 Duoes
801 1969 917 2041 eontra
944 1967 1130 2041 laroslaum
1149 1966 1184 2040 in
1203 1967 1388 2042 Pereaslau
1416 1968 1492 2061 post
1520 1967 1636 2062 frigam
1664 1989 1700 2042 se
1718 1966 1943 2042 continentem

391 2091 530 2179 duount,
568 2088 626 2180 qui
655 2088 747 2164 illioo
775 2111 795 2162 a
823 2089 1004 2164 uiatoribus
1037 2112 1149 2184 paoem
1189 2088 1330 2183 petirit;
1367 2111 1471 2180 qnam
1497 2111 1573 2164 oum
1600 2088 1718 2182 aequis
1745 2089 1942 2163 conditioni·

392 2216 464 2302 bus,
494 2215 529 2286 ot
556 2212 643 2304 quod
671 2211 735 2284 sibi
764 2213 949 2286 Pereaslau
977 2211 1122 2286 retinere
1151 2211 1278 2303 lioeret,
1308 2211 1533 2306 impetrasset,
1563 2211 1710 2306 plurium
1737 2234 1876 2286 munera
1893 2235 1943 2286 re·

393 2333 583 2409 conciliatis
619 2333 812 2407 transmisit
846 2333 1007 2410 Duoibue.
1055 2335 1157 2410 Gnoso
1184 2336 1340 2409 feruntur
1368 2357 1406 2408 eo
1434 2333 1561 2429 praelio
1589 2334 1823 2409 Rutbenorum
1852 2334 1942 2430 plos-

393 2479 494 2550 quam
523 2456 633 2530 decom
663 2455 784 2530 millia.

846 2819 1054 2932 ANNUS
1089 2819 1314 2932 DOMINI
1351 2817 1490 2933 1207.

645 3071 763 3143 lestko
792 3089 864 3143 orn
891 3072 991 3144 tratre
1019 3089 1079 3144 suo
1108 3069 1254 3144 Gnnrndo
1282 3071 1426 3163 partitor
1452 3071 1695 3164 petunoninn.

412 3367 414 3373 -
499 3313 694 3388 Monarobia
730 3314 931 3388 Polonorum
967 3316 1002 3389 et
1029 3313 1237 3389 Graooviensi
1273 3313 1471 3411 Prinoipatu
1506 3315 1549 3390 ad
1585 3316 1790 3390 lestkonem
1825 3315 1947 3391 Album

395 3435 636 3510 Karimiridom
666 3437 764 3530 plene
791 3437 979 3526 devolutis,
1008 3437 1183 3510 Gunradus
1211 3438 1295 3510 natu
1324 3436 1477 3531 iunior'2)
1504 3435 1689 3532 portionem
1730 3437 1950 3513 haereditatis

397 3559 558 3652 paternae
577 3557 641 3632 sibi
660 3559 861 3651 sequestrari
881 3559 1072 3654 effingit-are
1090 3559 1211 3653 eoepit.
1240 3559 1455 3654 preborum
1483 3558 1647 3652 siquidem
1674 3561 1822 3635 aetatem
1840 3563 1949 3635 trans-

397 3701 545 3774 gressus,
576 3678 660 3753 iuris
687 3703 759 3754 esso
795 3679 847 3753 sui
876 3683 1072 3754 aestuabat:
1111 3681 1152 3754 ad
1181 3681 1269 3772 quod
1296 3705 1361 3754 non
1390 3681 1499 3755 solum
1526 3680 1674 3756 naturali
1702 3682 1874 3757 ferebatur
1901 3683 1949 3756 al·

397 3802 552 3892 faotione,
582 3803 641 3875 sed
669 3801 807 3896 insopor
834 3803 1025 3894 aliquorum
1052 3825 1225 3897 procerum
1254 3803 1425 3877 fortunam
1460 3825 1553 3878 suam
1583 3803 1701 3878 extolli
1730 3803 1949 3878 ambientium

398 3924 879 4018 instigabaturpersuasione.
926 3925 1098 3999 Gonrentu
1135 3925 1249 4017 itaque
1286 3927 1327 3999 ob
1363 3947 1435 3998 eam
1472 3947 1541 4000 rom
1578 3925 1668 4020 apud
1695 3925 1949 4015 Sandomiriam

399 4049 536 4140 proptor
571 4045 732 4119 Duoissae
767 4046 949 4120 Lestlonis
985 4049 1019 4120 et
1055 4047 1202 4120 Grunradi
1241 4047 1359 4120 matris
1375 4045 1404 4140 ³)
1441 4047 1667 4142 praesentiam
1705 4043 1842 4138 melloto,
1880 4069 1951 4122 oum

398 4169 503 4242 Fuloo
540 4167 785 4258 cracoviensis,
825 4169 859 4242 et
895 4167 1029 4243 Getbko
1066 4169 1256 4243 Ploonensis
1292 4168 1451 4264 episcopi,
1490 4168 1659 4265 primique
1694 4163 1739 4244 err
1773 4169 1952 4245 baronibus

399 4289 547 4364 omnium
574 4289 831 4385 Prinoipatunm
868 4291 1118 4382 eonvenissent‚
1157 4291 1260 4365 uariis
1293 4291 1494 4366 tractatibus
1531 4313 1590 4386 por
1617 4291 1732 4386 plnres
1759 4291 1831 4367 dies
1859 4291 1951 4367 habi·

399 4413 456 4502 ris,
485 4411 603 4486 divisio
640 4413 774 4487 tandem
817 4413 1073 4508 Prirroipatuum
1101 4416 1136 4488 et
1163 4417 1328 4487 terrarum
1356 4413 1445 4488 inter
1471 4415 1674 4489 Lestlrouem
1703 4417 1739 4490 et
1765 4413 1952 4489 Gunradum

400 4555 598 4630 gerularum
615 4537 641 4629 ⁴)
671 4536 702 4607 in
733 4537 822 4610 buuo
855 4537 987 4610 modum
1020 4537 1189 4610 celebrata
1215 4539 1251 4610 et
1277 4536 1408 4610 sancita
1434 4539 1505 4611 est:
1544 4539 1583 4610 ut
1609 4531 1735 4611 Lestlro
1762 4535 1873 4612 Albus
1899 4557 1953 4611 ve·

402 4658 456 4730 lut
485 4658 664 4732 blormroha
683 4661 717 4732 et
740 4662 822 4731 natu
842 4657 956 4750 rnaior,
986 4658 1249 4750 Graooriensom,
1279 4657 1594 4750 Sandomiriensom‚
1623 4659 1875 4750 Imblinensem,
1903 4659 1954 4732 Si-

400 4780 601 4869 redioneem,
629 4781 879 4855 lia-noioiensem
900 4783 935 4855 et
953 4780 1172 4856 Pomerenioe
1200 4783 1309 4856 terras
1337 4785 1372 4856 et
1400 4783 1550 4856 Ducatus
1577 4781 1745 4870 obtirreat3
1774 4781 1957 4858 illusoriam

403 4905 537 4998 propter
564 4901 823 4996 amplitudinem
851 4903 1019 4994 diffusam,
1049 4927 1124 4978 curu
1152 4903 1353 4992 Gbelmonsi‚
1383 4902 1570 4978 Guiariensi
1600 4907 1634 4977 et
1662 4903 1861 4978 Dobriuensi
1890 4907 1956 4978 ler-

401 5025 448 5098 ris
475 5025 649 5097 Gunradus
677 5027 759 5098 natu
788 5025 899 5099 iunior
914 5027 941 5119 ⁵)
979 5049 1037 5120 pro
1065 5049 1126 5099 sua
1153 5028 1243 5100 sorte
1270 5029 1305 5100 et
1333 5025 1485 5120 portione
1512 5025 1668 5119 arripiat.
1711 5027 1806 5099 Haeo
1840 5025 1957 5100 divisio

401 5168 475 5220 oum
504 5149 545 5220 ab
575 5149 714 5240 utroque
743 5147 899 5242 Prinoipe
928 5151 1065 5242 arrepta
1092 5150 1127 5223 et
1155 5150 1341 5244 approbata
1367 5149 1465 5240 foret,
1496 5147 1598 5223 etiam
1625 5147 1752 5223 verbali
1781 5147 1957 5243 sponsione

537 5325 631 5330 --—-
640 5323 817 5332 --—-—-.---

511 5425 533 5504 ¹)
557 5429 803 5502 Nouogrodenses
830 5427 901 5489 Cori.
926 5429 1019 5488 Rorr.
1060 5427 1086 5506 ⁹)
1109 5431 1203 5488 minor·
1230 5428 1300 5496 God.
1325 5429 1418 5493 Rorr.
1458 5426 1611 5512 ³)matris
1636 5429 1713 5490 deest
1735 5429 1771 5500 ia
1798 5427 1868 5490 eoo.
1886 5427 1959 5494 Aut.

405 5527 432 5620 ⁴)
455 5549 608 5617 germanos
637 5533 707 5593 Cod.
731 5535 824 5594 Rorr.
864 5530 889 5619 ⁵)
913 5535 1007 5594 minor
1034 5533 1104 5594 (lod.
1128 5535 1220 5604 Itoar.
