4208 6282
154 573 212 667 (Α.
232 571 279 647 Β.
299 571 412 671 1187.)
775 596 887 648 nunna
914 597 1067 650 saurus.
1628 576 1701 650 125

153 781 237 857 siam
263 781 428 877 pervenit.
456 781 679 878 casurumque
705 786 741 858 et
767 785 935 860 Donatum
961 807 1060 860 suurn
1080 783 1327 861 Halioniensem
1345 784 1484 860 tentans
1504 783 1701 880 irrumpere,

153 905 193 979 ab
218 904 406 999 Hungeris,
434 927 575 999 qnorum
603 905 637 980 in
665 908 773 981 oestro
804 906 924 982 Halios
945 907 968 1002 ¹)
1003 906 1153 982 ualidum
1191 905 1395 1001 praesidium
1431 929 1507 983 ourn
1533 906 1605 982 filio
1633 907 1701 982 Re·

152 1025 204 1122 gis
219 1025 247 1121 ²)
274 1026 409 1102 Andrea
436 1029 519 1120 erat,
556 1029 725 1122 repulsus,
762 1028 901 1104 inoertis
937 1028 1126 1120 itineribus,
1164 1052 1229 1104 non
1257 1029 1383 1102 habens
1409 1029 1534 1120 sedern,
1573 1028 1608 1102 in
1635 1051 1703 1121 qua

152 1147 351 1225 consisteret
367 1148 406 1243 ³),
436 1171 495 1244 per
522 1149 757 1225 Rutbenorum
784 1149 949 1245 regiones,
987 1151 1082 1225 uelut
1107 1172 1214 1245 uagus
1240 1151 1274 1225 et
1302 1150 1476 1245 profugus,
1514 1153 1701 1226 rotabatur.

152 1269 301 1345 Golleota
327 1271 369 1344 ad
395 1292 471 1344 eum
498 1273 572 1346 erat
599 1273 697 1366 rapto
719 1271 836 1347 uivere
863 1274 1084 1363 assuetorum,
1113 1273 1173 1346 aut
1200 1292 1275 1346 aere
1294 1271 1404 1346 alieno
1431 1273 1466 1347 et
1492 1294 1551 1366 pro
1578 1273 1704 1349 seelera

152 1391 387 1467 damnatorum
413 1414 544 1484 manus,
574 1415 650 1468 oum
677 1415 743 1486 qua
769 1395 803 1469 et
830 1394 1065 1468 Ruthenorum
1092 1393 1345 1468 oiroumvioinas
1366 1391 1532 1487 regiones,
1560 1394 1704 1488 praedas

152 1535 269 1608 agens,
297 1513 502 1602 infestabat;
531 1515 586 1589 sed
613 1537 675 1590 nee
693 1515 895 1590 Polonorum
914 1515 1006 1610 regio
1025 1517 1067 1589 ab
1085 1514 1157 1591 eins
1176 1514 1353 1610 tyrannide
1371 1514 1478 1590 tutior
1496 1514 1575 1589 fnit.
1610 1515 1706 1592 Oiroa

151 1637 277 1711 festum
304 1635 470 1729 siquidem
488 1634 740 1731 Assumptionis
766 1636 930 1712 Dominae
953 1640 1088 1712 nostrae
1103 1636 1131 1731 ⁴)
1158 1637 1332 1712 Poloniam
1352 1637 1490 1732 frugum
1508 1637 1705 1712 oolleotione

151 1761 185 1834 et
212 1757 410 1852 messura⁵)
437 1760 633 1853 oooupatem
661 1758 859 1854 irrumpens
898 1781 1027 1834 omnem
1055 1759 1140 1834 eitra
1155 1758 1184 1853 6)
1219 1758 1433 1834 Prbmisliam
1468 1759 1706 1835 oonsistentem

151 1901 255 1971 oram,
276 1881 340 1954 sub
359 1878 485 1955 ditione
502 1881 586 1956 tuno
604 1881 805 1955 Polonorum
824 1881 1045 1956 constitutam
1072 1879 1212 1971 invadit,
1242 1882 1276 1956 et
1295 1878 1442 1974 singulis
1460 1880 1619 1955 hostilem
1637 1879 1706 1955 uirn

151 2001 314 2092 inferens,
334 2001 474 2095 templa,
495 2001 627 2096 oppido,
656 2001 756 2092 rinos,
785 2001 887 2076 uillas
914 2001 1040 2096 spoliat
1059 2002 1118 2075 aut
1137 2001 1261 2092 exurit,
1291 2003 1461 2075 matronas
1487 1999 1653 2096 ingenuas
1671 2003 1708 2077 et

151 2121 318 2198 nobilium
340 2145 480 2217 sponsas
506 2125 542 2198 et
564 2126 673 2214 natas,
702 2124 887 2218 agrestium
906 2145 1036 2217 quoque
1054 2123 1265 2216 aliquantam
1285 2122 1538 2197 multitudinem
1556 2123 1708 2218 captivat

149 2245 183 2319 et
200 2265 320 2320 uersus
336 2243 442 2340 Kyou
459 2245 619 2339 praedem
636 2244 828 2320 huiusmodi
845 2244 999 2321 eeleriter
1016 2245 1238 2339 transportat,
1267 2266 1371 2338 eaque
1389 2243 1592 2335 venundata,
1613 2244 1702 2319 infe·

151 2365 252 2441 lioem
271 2387 368 2440 suam
387 2369 422 2441 et
441 2387 577 2441 suorum
596 2368 768 2442 sustentat
785 2370 820 2442 et
838 2368 955 2461 explet
973 2368 1108 2442 famem.
1145 2368 1221 2440 Non
1247 2365 1331 2440 tulit
1352 2365 1546 2440 Karimirus
1564 2366 1706 2440 Polono-

150 2511 225 2562 rum
243 2489 325 2562 Dux
343 2490 379 2564 et
396 2489 578 2566 Monareha
595 2510 730 2562 suorum
750 2488 983 2583 captiuitatem
1002 2491 1037 2563 et
1055 2489 1194 2579 oladem,
1224 2487 1282 2562 sed
1302 2487 1380 2562 dato
1399 2486 1536 2562 Niooleo
1554 2486 1707 2581 palatino

150 2609 364 2685 dreooriensi
390 2609 553 2702 exercitu,
590 2610 830 2686 Wledimirum
859 2634 901 2685 ex
928 2599 1112 2706 Kyoviensi
1139 2632 1207 2701 ora,
1245 2631 1413 2701 nusquam
1440 2609 1622 2684 oonsistere
1648 2611 1709 2683 aut

151 2732 312 2826 oongredi
339 2754 469 2824 ausum,
497 2732 670 2827 propellit,
698 2754 842 2826 suosque
869 2732 1019 2828 captiuos
1047 2731 1171 2827 partim
1199 2730 1312 2822 armis,
1342 2731 1467 2825 partim
1495 2729 1603 2825 pretio
1639 2731 1708 2806 sol-

150 2853 246 2948 vitu
275 2855 312 2928 et
338 2853 374 2927 in
401 2854 594 2930 libertatern
629 2854 793 2930 restituit.
841 2856 916 2930 Non
943 2854 1072 2948 quieuit
1108 2857 1220 2929 tumen
1251 2851 1446 2928 Wladimiri
1483 2851 1709 2927 Halioniensis

150 2973 256 3050 Duois
283 2973 405 3066 rabies,
434 2977 493 3050 sed
519 2975 555 3050 in
582 2976 686 3050 siluas
714 2974 886 3071 Alpesque
913 2976 1023 3052 invius
1050 2998 1125 3051 oum
1153 2975 1224 3049 suis
1251 2998 1286 3050 ee
1312 2976 1530 3066 transferens,
1559 2973 1631 3047 illis
1650 2996 1709 3068 pro

151 3095 322 3192 praesidio
348 3099 519 3189 utebatur,
557 3097 815 3193 rugientemque
851 3121 946 3174 suam
974 3101 1009 3174 et
1035 3120 1170 3173 suornm
1206 3095 1350 3173 esuriem
1386 3094 1572 3172 vicinarum
1598 3093 1708 3191 regio·

152 3241 233 3293 num
262 3217 385 3314 spoliis
411 3217 601 3295 sustinebat
616 3218 656 3314 ⁸).

495 3585 588 3677 ongo
615 3585 723 3678 gentis
750 3585 956 3660 τῦοηοῐίοοο
983 3589 1017 3658 et
1045 3583 1207 3678 quomodo
1234 3582 1380 3660 oraverit.

257 3826 503 3900 Thertarorum
530 3826 658 3920 gens⁹)
685 3829 721 3902 et
747 3825 840 3902 natio
868 3824 1107 3918 enarmonia,
1136 3825 1258 3919 quibus
1286 3826 1357 3899 tam
1385 3823 1421 3898 in
1448 3824 1563 3898 uultus
1589 3822 1710 3897 simili-

152 3947 285 4037 tudine,
315 3968 418 4039 quarn
436 3946 473 4021 in
490 3948 630 4042 linguae
659 3947 837 4023 identitate
863 3947 1098 4040 eommunioat,
1127 3949 1238 4022 ortum
1265 3945 1400 4034 duoens,
1430 3943 1549 4038 prisois
1577 3943 1712 4035 quidem

151 4068 366 4164 temporibus
393 4067 465 4143 orbi
492 4067 610 4164 ignota
636 4069 758 4165 erupit.
787 4069 879 4164 Quae
897 4091 972 4144 orum
996 4092 1099 4164 prope
1126 4067 1298 4142 uilitatem
1325 4067 1548 4157 Goroozoram,
1577 4066 1618 4138 ad
1637 4066 1712 4159 pla·

151 4213 231 4286 garn
259 4190 506 4283 aquilonarem,
536 4190 572 4264 in
586 4191 829 4285 campestribus
856 4193 980 4284 absque
1008 4191 1091 4266 uiois
1113 4192 1148 4265 et
1166 4189 1315 4280 urbibus,
1344 4187 1433 4282 Regi
1461 4187 1624 4276 Buobam,
1653 4185 1712 4279 qui

152 4313 327 4386 lohannes
362 4313 544 4406 Presbyter
578 4314 773 4406 appellatur
792 4313 845 4406 ¹⁰),
883 4312 1050 4386 tributum
1088 4312 1236 4402 solusne,
1273 4309 1472 4398 habitasset,
1510 4307 1546 4380 in
1577 4309 1713 4401 gentem

153 4434 343 4508 maximam
370 4455 405 4508 se
431 4433 548 4508 uidene
575 4435 773 4524 exoreuisse,
811 4433 983 4528 proprium
1019 4434 1148 4527 Regem
1176 4433 1216 4507 de
1243 4454 1303 4506 sua
1330 4430 1436 4525 stirpe
1463 4427 1626 4504 Thinohis
1653 4451 1712 4503 no-

154 4556 256 4647 mine,
287 4554 399 4630 virum
414 4577 556 4649 magnae
583 4555 779 4646 industriae,
808 4555 873 4631 sibi
901 4557 1004 4646 areat,
1034 4555 1129 4630 ouius
1156 4555 1279 4629 dueatu
1297 4552 1426 4628 uioinas
1444 4550 1597 4646 regiones
1616 4550 1711 4625 inra-

152 4677 236 4750 dens
264 4676 334 4750 sibi
361 4676 508 4768 subiioit,
537 4677 572 4751 in
601 4699 740 4771 eamque
767 4677 929 4752 uirtutem
956 4676 1233 4752 eonvenientibus
1265 4674 1423 4767 undique,
1461 4673 1521 4764 qui
1548 4672 1583 4745 in
1609 4671 1714 4746 uariis

152 4798 354 4894 regionibus
372 4797 571 4890 serviebant,
601 4800 643 4873 ed
662 4801 787 4874 fernam
814 4799 892 4874 noui
918 4798 1036 4893 Regis,
1065 4796 1252 4888 Thartaris,
1281 4795 1397 4886 erevit,
1426 4797 1466 4868 ut
1483 4793 1589 4888 Regis
1607 4814 1712 4886 quon-

153 4921 231 4996 dam
260 4919 318 4994 sni
340 4920 383 5013 ¹¹)
410 4918 528 5012 filiarn,
557 4920 670 4994 missis
697 4920 839 5012 nuntiis,
868 4943 952 4995 novo
980 4919 1069 5016 Regi
1096 4919 1314 5013 deposuerant
1333 4915 1377 5011 Η)
1404 4915 1440 4989 in
1468 4937 1617 5015 uxorem.
1650 4914 1715 5008 Qui

153 5065 270 5118 eorum
300 5041 501 5136 petitionem
528 5065 676 5136 perosus,
714 5045 792 5117 dum
828 5042 907 5116 illos
934 5043 976 5117 ad
1003 5042 1142 5116 solitum
1179 5039 1346 5114 tributum
1379 5059 1498 5132 eogere
1525 5036 1713 5127 statuisset,

263 5234 289 5312 ¹)
313 5234 478 5294 Helieiensi
500 5235 560 5295 Ed.
581 5235 676 5295 Βοῦν.
710 5232 736 5312 ²)
760 5253 824 5295 cum
839 5235 920 5308 Rege
944 5234 1003 5294 Ed.
1026 5234 1121 5294 Βοῦν.
1154 5229 1181 5312 ³)
1203 5231 1378 5306 persisteret
1399 5227 1459 5288 Ed.
1481 5228 1577 5287 Βοῦν.
1616 5222 1643 5303 ⁴)
1658 5227 1714 5286 As·

153 5339 335 5415 sumptionis
357 5338 471 5398 Mariae
493 5339 553 5400 Ed.
575 5340 670 5399 Dobr.
703 5335 729 5416 5)
752 5356 848 5399 messe
874 5337 945 5399 θοοῦ.
968 5339 1061 5399 Roer.
1101 5334 1130 5416 ὅ)
1154 5333 1430 5395 circumcurrens
1471 5328 1632 5408 ⁷)exoluit
1653 5330 1713 5390 Ed.

153 5446 249 5505 Βοῦν.
281 5439 601 5520 ἣοοοῦοοίοῦοῦΒοῦ.
624 5443 720 5503 Βοῦν.
752 5439 779 5524 ⁹)
802 5459 894 5517 genus
917 5443 977 5501 Ed.
1000 5443 1094 5502 Βοῦν.
1129 5437 1169 5517 1⁰)
1192 5439 1377 5513 apellabatur
1395 5434 1467 5496 θοοῦ.
1490 5435 1583 5496 Beer.
1624 5431 1664 5511 ¹¹)
1681 5437 1715 5494 ut

153 5550 248 5626 ipsius
271 5547 354 5624 regis
377 5547 521 5624 quendam
542 5547 660 5610 Ioannis
682 5547 852 5625 Presbyteri
874 5547 934 5608 Ed.
957 5546 1051 5608 Βοῦν.
1094 5541 1134 5623 ¹²)
1157 5544 1332 5619 deposceret
1356 5538 1428 5603 θοοῦ.
1450 5540 1544 5601 Βονν.
