4140 6298
390 567 464 638 318
791 564 794 569 ’
992 583 1109 634 areca·
1131 583 1325 636 66666666.
1666 559 1727 653 (Α.
1749 544 1795 635 D.
1816 557 1936 655 1249.)

389 771 436 846 616
462 769 623 846 Poloniae
650 769 836 845 Ducatibus
863 769 1074 861 eliciendum,
1104 771 1140 844 61
1166 771 1208 843 ad
1236 771 1433 844 tradendum
1462 772 1612 845 Ducatus
1632 769 1657 863 ¹)
1683 769 1854 864 praefatos
1873 769 1937 843 ¹Bo-

389 895 494 968 leelao
521 891 741 988 Legnicnonsi
757 891 785 985 2)
812 891 1041 986 conspirasse:
1070 915 1153 984 quos
1180 891 1215 966 16
1234 893 1345 968 castro
1372 891 1560 968 Gnesnensi
1587 891 1762 985 aliquanto
1788 891 1964 987 tempore·

389 1015 508 1093 166616
536 1014 665 1092 6616616
692 1012 804 1090 tenurit
831 1011 1042 1094 constrictos.

388 1384 557 1460 lloloalaua
585 1386 703 1462 161666
730 1385 958 1478 tauniacensis
984 1387 1055 1460 ltux
1082 1385 1197 1458 lterum
1226 1387 1359 1459 matrem
1383 1404 1477 1457 66666
1494 1383 1660 1458 flantium
1680 1387 1853 1477 oppugnat,
1881 1383 1938 1455 661

1072 1525 1132 1579 666
1161 1507 1257 1580 malo.

494 1751 671 1825 Boleslaus
699 1749 822 1825 1161666
847 1748 1087 1844 legniozenais
1113 1751 1193 1824 Ilux
1220 1751 1355 1842 sortem,
1384 1772 1470 1842 quae
1497 1748 1562 1824 6111
1589 1747 1734 1844 primum
1757 1748 1936 1844 obtigerat,
2058 1795 2059 1852 t

390 1874 426 1947 et
452 1873 492 1947 de
519 1895 586 1964 qua
611 1874 731 1967 sponte
757 1895 818 1946 sua
845 1871 990 1946 Hernico
1017 1894 1177 1967 germano
1196 1895 1255 1947 suo
1273 1873 1429 1964 cesserat,
1458 1871 1627 1945 Ducatum
1653 1870 1811 1946 uidelicet
1838 1871 1937 1946 1166-
2054 1883 2059 1924 2

390 1992 621 2069 tislaulensem
648 1993 875 2088 repetiturus,
905 1993 1094 2068 saxonibus
1121 1995 1155 2068 61
1182 1993 1395 2084 1661661616,
1425 1992 1633 2087 caeterisque
1660 1992 1849 2088 peregrinis
1877 1991 1939 2065 mi·
2051 2041 2059 2086 4

390 2115 522 2207 litibus,
551 2137 633 2208 quos
661 2115 770 2211 pretio
798 2115 833 2191 in
862 2116 915 2190 sui
943 2115 1101 2190 solatium
1118 2113 1145 2210 ³)
1173 2117 1391 2208 conduxerat,
1420 2115 1567 2206 adiutus,
1606 2117 1749 2190 alteram
1777 2115 1812 2188 in
1840 2115 1939 2190 Wra-

391 2236 620 2313 tislauiensem
646 2239 773 2313 terram
801 2237 875 2332 agit
902 2237 1163 2332 expeditionem.
1191 2238 1238 2311 Et
1255 2238 1360 2312 fratre
1388 2258 1447 2311 suo
1474 2235 1621 2312 Henrico
1640 2237 1849 2312 detrectante
1868 2257 1938 2309 cer·

391 2362 505 2434 16666
532 2361 567 2434 61
593 2361 704 2434 caetra
730 2359 964 2434 tantummodo
991 2381 1030 2434 66
1057 2357 1260 2434 munitiones
1288 2358 1375 2434 tueri
1403 2359 1570 2450 66616616,
1612 2359 1787 2433 Β61661666
1813 2355 1938 2452 Legni·

392 2480 520 2556 cnensis
536 2481 575 2575 ⁴),
603 2481 726 2556 1661666
753 2483 788 2556 61
814 2503 1028 2555 6666666666
1064 2481 1189 2556 ducens
1216 2480 1413 2571 exercitum,
1450 2479 1573 2574 oppida
1599 2483 1635 2555 61
1661 2502 1740 2553 rura
1766 2479 1940 2554 66616161

392 2602 552 2694 incendit,
581 2605 617 2678 61
643 2603 803 2698 praedam
839 2625 997 2698 magnam
1035 2625 1189 2697 pecorum
1216 2601 1487 2696 etcaptiuorum
1514 2601 1699 2677 interram
1734 2600 1939 2696 1666616666-

392 2747 462 2800 666
489 2723 638 2799 abducit.
684 2725 928 2800 1166661666
955 2726 1158 2819 pervastata,
1196 2724 1300 2799 etiam
1336 2724 1509 2799 civitatem
1541 2722 1861 2801 wratislaviensem
1888 2745 1939 2798 so·

392 2845 500 2921 cunda
526 2845 697 2922 obsidione
725 2845 941 2941 constringit.
986 2845 1174 2938 Aliquanto
1202 2847 1315 2920 autem
1341 2847 1494 2940 tempore
1520 2845 1557 2919 16
1583 2845 1655 2920 6166
1686 2844 1858 2919 obsidione
1885 2844 1940 2919 de·

392 2970 542 3042 moratus
557 2967 598 3063 ⁵),
627 2967 782 3063 pluribus
810 2967 942 3042 damnis
971 2991 1029 3063 por
1056 2966 1249 3063 eruptiones
1276 2967 1311 3042 et
1337 2967 1528 3043 invasiones
1554 2989 1679 3058 eorum,
1713 2965 1770 3060 qui
1798 2966 1940 3061 pabula·

392 3092 467 3165 tum
494 3112 530 3164 66
556 3090 784 3180 66616661661,
822 3090 984 3186 exceptis,
1023 3089 1058 3164 16
1085 3089 1346 3184 [regniacensem
1381 3090 1550 3164 Ducatum
1584 3089 1730 3164 fremens
1756 3089 1792 3163 61
1818 3087 1939 3177 tristis,

393 3213 481 3306 quod
508 3213 638 3287 duabus
664 3211 936 3307 expeditionibus
963 3211 1051 3286 nihil
1079 3233 1235 3306 prospero
1270 3210 1432 3306 gessisset
1446 3211 1486 3306 6),
1524 3211 1636 3286 rediit.
1682 3211 1789 3302 Quem
1817 3209 1853 3284 16
1881 3211 1943 3285 Im·

393 3333 547 3429 gniczam
574 3333 771 3410 redeuntem
800 3335 940 3409 barones
967 3334 1019 3408 661
1047 3337 1082 3408 61
1109 3333 1237 3408 6111166
1261 3333 1436 3429 captivant
1462 3335 1497 3408 et
1524 3332 1755 3420 incarcerant;
1784 3333 1944 3426 posthaec

394 3457 435 3530 do
462 3454 658 3530 sinceritate
694 3454 849 3530 facienda
884 3455 1096 3550 sponsionem
1132 3455 1279 3548 faciens,
1317 3454 1477 3528 dimissus
1512 3454 1548 3528 in
1580 3454 1793 3545 libertatem,
1832 3455 1945 3528 caetra

393 3577 585 3652 Teutonicis
612 3577 736 3668 tradit,
765 3580 805 3652 ut
831 3576 971 3652 liberius
1007 3575 1159 3672 proprios
1190 3578 1359 3668 vastaret,
1397 3599 1492 3651 suam
1518 3575 1755 3672 captivitatem
1782 3575 1944 3671 satagens

394 3700 505 3773 ultum
533 3698 587 3772 iri.
632 3701 744 3773 Donat
780 3699 919 3794 insuper
953 3701 1102 3773 castrum
1139 3700 1297 3774 Lubusch
1334 3697 1584 3794 archiepiscopo
1616 3697 1880 3793 Mapdburgensi
1906 3719 1945 3772 66
1986 3757 1989 3762 .

394 3821 595 3911 6661111666,
624 3823 664 3895 61
691 3820 755 3895 6111
784 3821 818 3895 16
846 3819 1443 3917 666111661666661116166161167).
1471 3820 1599 3916 Quibus
1617 3818 1774 3914 cognitie,
1795 3819 1944 3894 Praemi-

395 3944 488 4016 slaus
516 3942 755 4017 Posnauiensis
781 3945 860 4016 Dux
888 3965 1109 4038 gemmeum,
1138 3941 1196 4036 qui
1224 3965 1369 4019 sororem
1395 3965 1491 4017 suam
1518 3963 1715 4036 germanam
1737 3941 1886 4016 babebat
1912 3941 1946 4014 16

394 4065 593 4155 consortem,
632 4063 742 4159 ipsum
770 4065 865 4140 uolut
891 4064 1090 4139 delirantem
1118 4064 1266 4139 detinuit
1292 4065 1327 4140 61
1354 4067 1416 4139 661
1443 4065 1585 4139 1666616
1621 4061 1774 4139 custodia
1800 4061 1947 4138 seruauit

395 4183 616 4279 captivatum.

498 4306 659 4381 Nicolaus
694 4305 876 4400 Pragonsis
912 4306 1089 4402 episcopus
1126 4308 1212 4402 apud
1250 4306 1486 4382 Wenceslaum
1526 4305 1739 4380 Monoculum
1766 4303 1948 4392 Bohemiao

395 4429 524 4521 Regem
552 4449 612 4522 per
639 4427 788 4501 aemulos
815 4429 927 4503 16666
954 4431 990 4504 61
1017 4429 1161 4502 6661616
1190 4428 1243 4503 661
1270 4428 1458 4518 666666166,
1498 4427 1586 4520 quod
1613 4428 1647 4500 61
1675 4426 1747 4521 ipso
1773 4448 1851 4500 cum
1879 4425 1946 4500 filio

396 4548 502 4642 Regis
521 4548 704 4623 Promislao
737 4549 901 4624 sensisset
928 4553 962 4624 61
990 4551 1100 4645 ipsum
1120 4551 1163 4626 ad
1181 4551 1411 4626 rebellandum
1439 4547 1530 4643 patri
1557 4549 1772 4623 subornasset
1785 4547 1825 4642 ⁸),
1855 4547 1946 4622 16666
2058 4527 2059 4534 ¹

396 4669 588 4747 Wenceslai
615 4669 721 4765 Regis
749 4673 869 4766 captus
893 4673 958 4747 est.
987 4674 1129 4767 Propter
1155 4672 1243 4766 quod
1270 4670 1488 4746 interdictum
1515 4669 1779 4746 ecclesiasticum
1807 4669 1845 4744 16
1872 4668 1944 4744 661-

396 4813 493 4867 uersa
521 4791 686 4886 Pragensi
713 4791 845 4884 diocesi,
865 4815 1048 4885 'quousque
1068 4793 1103 4867 16
1120 4793 1313 4868 libertatem
1335 4791 1447 4882 rediit,
1477 4792 1544 4866 1611
1566 4793 1791 4866 obseruatum.

500 4913 615 4986 Bruno
643 4913 1168 5010 01666666666166616666661),
1198 4913 1367 5009 dignitate
1394 4913 1573 4989 sacordotii
1592 4911 1760 5008 neglecta,
1789 4911 1946 5007 oppidum

397 5033 667 5126 Rathiborienso,
697 5037 738 5112 ob
757 5037 918 5129 quasdam
938 5037 1131 5112 simultates
1159 5038 1193 5111 61
1216 5033 1415 5110 16161611166
1442 5057 1517 5112 666
1544 5033 1734 5112 Wladislao
1761 5035 1853 5110 Duoe
1880 5035 1945 5109 Ra·

506 5333 963 5413 11116661666666Ει1.16’66.
995 5333 1121 5412 ⁹)Duci
1142 5334 1317 5408 Legnicensi
1342 5327 1413 5396 Ccd.
1436 5333 1528 5394 Roer.
1560 5329 1747 5410 θ1666111666
1766 5325 1944 5392 1166111666.

400 5435 427 5518 ⁴)
448 5441 638 5515 Legnioensis
660 5439 727 5499 Dux
754 5435 826 5501 Ood.
848 5441 941 5500 Roar.
975 5435 1004 5517 ⁵)
1020 5443 1214 5500 commoratus
1240 5437 1427 5501 0661116166.
1452 5433 1605 5514 ‘papissae
1630 5432 1701 5496 Ood.
1726 5435 1820 5496 Roar.
1853 5433 1944 5513 ⁷)aa

396 5545 476 5610 uilia
505 5543 576 5615 (lod.
598 5545 691 5612 Recr.
731 5541 1217 5643 8,166166116666610661116166.
1255 5539 1621 5631 1166166666661666116
1646 5537 1816 5613 06616161,
