4192 6272
406 551 480 626 486
1030 567 1141 620 umnn
1168 567 1361 620 snenruus.
1683 545 1744 641 (Α.
1765 547 1811 624 D.
1831 548 1952 643 1287.)
2085 537 2087 568 ⁴

405 759 451 848 te,
480 759 522 832 ab
537 754 652 846 ⁴armis
678 754 855 844 abstinuit,
884 776 1023 848 sperans
1049 777 1084 830 se
1111 755 1197 844 dolo,
1225 777 1291 827 non
1319 755 1418 846 ferro,
1447 753 1605 830 iniuriam
1641 777 1736 830 suam
1770 756 1952 848 aliquando

377 889 379 894 '
405 879 568 952 ulturum.
595 875 707 951 Huius
734 875 870 969 insuper
896 875 976 948 anni
1003 877 1165 972 tempore,
1193 874 1352 949 uicesima
1378 876 1496 950 octava
1522 877 1576 950 dio
1602 877 1727 950 mensis
1745 877 1950 967 Decembris,

405 997 597 1093 praedictus
623 995 848 1071 Praemislaus
874 996 1039 1070 secundus
1065 995 1202 1070 Maioris
1229 994 1387 1070 Poloniae
1413 997 1512 1087 llus,
1549 997 1629 1070 dum
1664 999 1753 1092 apud
1780 997 1952 1072 (incanam
2086 1093 2087 1098 Ἰ

405 1119 541 1212 ageret,
578 1117 768 1191 cunradum
810 1116 1003 1212 episcopum
1035 1118 1071 1190 et
1106 1137 1202 1190 suam
1238 1115 1413 1191 ecclesiam
1454 1119 1705 1192 Lubuczensem
1744 1117 1952 1192 notabilibus

405 1237 622 1324 libertatibus
647 1238 761 1330 donat,
790 1260 829 1312 ac
866 1239 951 1312 bona
990 1237 1139 1312 eiusdem
1175 1236 1335 1312 ecclesiae
1370 1238 1595 1312 lubuczensis
1631 1241 1693 1312 sub
1726 1261 1785 1313 suo
1820 1237 1952 1312 Princi-

363 1457 366 1465 .
406 1359 489 1453 patu
516 1357 746 1450 consistentia,
775 1361 816 1433 ab
843 1357 933 1433 omni
961 1357 1123 1433 seruitute
1151 1359 1185 1433 et
1212 1357 1354 1452 angaria
1381 1359 1540 1432 Polouica
1567 1357 1675 1436 libera
1701 1380 1771 1434 asso
1790 1359 1951 1434 decernit.

465 1722 567 1797 licini
594 1723 722 1796 duriori
748 1722 997 1824 bobrninensorn
1025 1721 1192 1796 civitaten
1220 1723 1366 1812 spoliant
1393 1726 1427 1795 ct
1454 1723 1582 1800 incolas¹
1606 1723 1696 1806 illius
1718 1721 1891 1797 trucident.

509 1963 769 2039 Dobrzineusom
796 1965 931 2054 terram,
963 1986 1063 2054 quam
1091 1962 1280 2038 Somouitus
1316 1965 1394 2037 Dux
1421 1963 1580 2056 quintus,
1619 1965 1654 2036 et
1680 1963 1823 2037 ultimus
1849 1963 1952 2036 Kaui·

407 2085 484 2159 miri
511 2084 739 2179 Ouyaniensis,
767 2084 995 2159 Lanciciensis
1022 2087 1057 2159 et
1083 2083 1283 2158 Siradieusis
1319 2084 1421 2158 Ducis
1462 2083 1555 2158 filius
1590 2077 1882 2176 (quemadmodum
1917 2083 1953 2156 in

406 2205 632 2300 superioribus
658 2205 885 2299 narravimus)
912 2205 948 2278 in
974 2207 1097 2280 sortem
1116 2207 1301 2299 acceperat,
1321 2205 1494 2294 Lithuani,
1515 2203 1689 2294 Prutheni‚
1711 2203 1905 2298 Samagitae
1916 2203 1952 2295 ¹),

407 2329 623 2418 caeteraeque
649 2326 795 2420 gentiles
824 2328 858 2400 et
884 2327 1047 2400 barbarae
1073 2325 1227 2400 nationes
1254 2325 1380 2400 furtiuo
1406 2328 1441 2400 et
1467 2325 1584 2400 silenti
1615 2324 1749 2419 agmine
1767 2324 1949 2419 ingressae,
2055 2393 2058 2396 .

408 2447 551 2543 primum
580 2447 803 2542 principalem
829 2446 1001 2521 civitatem
1029 2445 1194 2537 Dabrum,
1232 2445 1285 2520 die
1312 2445 1504 2535 Dominioo,
1543 2445 1671 2520 civibus
1707 2445 1795 2518 nihil
1830 2445 1954 2519 hostile

406 2568 657 2662 suspicantibus
701 2569 736 2642 et
771 2567 959 2642 diuinorum
999 2566 1186 2641 officiorum
1220 2567 1391 2640 auditione
1426 2565 1617 2661 occupatis,
1654 2565 1952 2659 comprehendunt.

408 2688 561 2782 Spoliata
588 2687 706 2763 deinde
724 2689 759 2763 et
785 2687 923 2762 incensa
949 2687 1098 2778 civitate,
1135 2686 1313 2762 trucidatis
1339 2687 1476 2762 senibus
1503 2688 1537 2762 et
1564 2685 1781 2776 lactantibus,
1808 2687 1954 2760 caeteros

406 2811 442 2884 ot
468 2809 504 2882 in
530 2807 668 2885 civitate
695 2810 730 2885 ot
756 2808 791 2882 in
819 2829 895 2883 rure
921 2809 1186 2902 comprehensos,
1215 2807 1251 2882 in
1277 2807 1503 2883 miserabilem
1521 2806 1753 2901 captiuitatem
1772 2805 1952 2880 abducunt.

408 2931 585 3006 (laesorum
613 2931 649 3005 et
675 2929 858 3006 occisorum
899 2949 1059 3005 rumonus
1086 2930 1128 3004 ad
1154 2928 1223 3004 tria
1248 2928 1422 3004 homimum
1458 2929 1636 3020 utriusque
1671 2949 1773 3004 sexus
1808 2923 1953 3000 creditus

409 3053 463 3128 est
488 3051 676 3128 ascendisse
703 3049 826 3126 millia.

408 3418 528 3490 lestko
554 3417 647 3508 lligor
673 3417 744 3488 linx
770 3415 961 3508 praedicata
987 3419 1022 3488 ot
1049 3433 1207 3488 concussa
1233 3433 1253 3486 a
1280 3413 1360 3486 dedo
1386 3414 1577 3505 dposdolioa
1605 3412 1702 3484 druco
1740 3430 1777 3484 aa
1805 3415 1839 3484 od
1865 3429 1954 3482 axor-

409 3539 510 3610 citum
538 3555 633 3609 sunm
660 3538 823 3626 ingentem
850 3537 993 3627 signent,
1020 3537 1115 3626 quasi
1142 3539 1255 3607 contra
1282 3535 1438 3606 barbaros
1457 3538 1667 3625 pugnaturus,
1686 3532 1862 3606 decorians
1879 3532 1957 3602 nul
2086 3551 2087 3612 l

408 3659 455 3731 lis
482 3657 635 3730 caedibus
663 3661 697 3730 et
724 3655 839 3748 spoliis
868 3657 994 3749 adooit;
1022 3655 1055 3727 id
1082 3661 1200 3743 tamon,
1227 3656 1292 3726 boo
1320 3655 1411 3726 illius
1438 3654 1747 3746 praeuaricationem
1765 3653 1955 3739 ulciscendo,

1007 3776 1093 3848 land
1120 3777 1248 3868 impuno
1274 3777 1362 3849 tulit.

513 4019 695 4093 Recentcrn
722 4017 982 4092 Dobruinensem
1010 4017 1139 4092 cladem
1166 4018 1201 4090 et
1228 4015 1462 4105 vastationem,
1482 4035 1562 4088 suas
1581 4013 1720 4107 insuper
1739 4013 1868 4088 ueteres
1886 4012 1957 4105 etl)

411 4141 600 4214 transactas
627 4137 817 4213 invasiones
844 4141 880 4212 et
907 4137 1067 4227 iniurias,
1096 4159 1182 4228 quae
1209 4140 1243 4211 et
1270 4135 1469 4210 Lublinensi
1496 4137 1531 4208 et
1558 4133 1819 4208 sandomirionsi
1861 4132 1958 4207 terris

410 4281 431 4333 a
457 4259 648 4348 Lidhuanis,
678 4259 861 4332 Prutheuis
888 4261 924 4332 et
950 4257 1145 4352 Semagitis,
1175 4257 1381 4348 caeterisque
1408 4255 1561 4330 barbaris
1588 4255 1830 4342 inferebantur,
1860 4255 1956 4326 lest-

412 4382 455 4454 ko
481 4381 587 4474 Niger
627 4378 867 4470 Gracoviensis,
910 4377 1191 4453 Sandomiriensis
1226 4380 1261 4452 et
1288 4376 1491 4452 Sircdiensis
1518 4377 1596 4448 Dux
1623 4377 1734 4448 ultum
1761 4376 1797 4447 ot
1824 4373 1956 4448 restric-

413 4503 486 4573 turn
513 4500 555 4572 iri
583 4521 619 4574 so
645 4500 821 4591 simulans,
850 4500 1041 4593 generalem
1069 4498 1315 4592 expeditionem
1343 4498 1496 4571 omnibus
1531 4495 1601 4569 suis
1628 4493 1879 4588 Principatibus
1907 4494 1956 4566 in·

413 4620 514 4712 dicit,
543 4621 578 4694 ot
603 4621 675 4693 tarn
701 4641 747 4711 so,
776 4641 877 4712 quam
905 4619 1033 4693 milites
1060 4641 1138 4692 suos
1164 4621 1199 4692 et
1226 4618 1414 4708 satellites,
1444 4618 1547 4692 Grues
1584 4618 1626 4690 ab
1652 4613 1850 4708 Apostolica
1876 4613 1958 4688 Sede

413 4744 529 4817 contra
556 4740 754 4830 nithuams,
783 4741 972 4814 Protbonos
998 4742 1033 4814 et
1060 4741 1209 4814 caeteros
1236 4741 1395 4813 barbaros
1431 4736 1624 4830 praedicata
1650 4737 1685 4808 et
1711 4755 1887 4824 concessa,
1915 4733 1959 4806 si·

413 4863 497 4958 gnei
524 4863 558 4936 et
585 4860 779 4951 communit,
818 4861 915 4952 quasi
951 4861 987 4933 iu
1025 4860 1235 4934 barbaricum
1275 4860 1402 4934 bellum
1437 4879 1513 4932 cum
1549 4856 1654 4950 copiis
1691 4854 1901 4948 pedestribus
1927 4855 1960 4927 et

412 4981 624 5076 equestribus
651 4981 872 5075 proiecturus.
914 4980 1080 5075 (dongasto
1107 4981 1221 5073 itaque
1247 4983 1283 5054 ot
1309 4977 1472 5054 recensito
1499 4976 1660 5066 exercitu,
1690 4975 1843 5049 barbaris
1862 4974 1958 5048 ornis-

414 5103 473 5195 sis,
502 5103 538 5176 iu
565 5101 754 5176 Gatholicos
781 5101 830 5178 ire
857 5093 980 5196 pergit,
1009 5104 1044 5177 et
1071 5103 1196 5176 terram
1223 5099 1391 5175 Masoviae
1417 5099 1520 5173 Ducis
1546 5096 1702 5188 cunradi,
1722 5095 1833 5170 hostis
1851 5097 1887 5170 et
1903 5095 1958 5170 ud·

415 5222 553 5306 versarii
582 5223 646 5315 sui,
674 5222 791 5302 fratris
820 5222 985 5318 patruelis
1012 5221 1185 5318 germani,
1224 5221 1282 5314 qui
1317 5221 1416 5297 illum
1453 5220 1493 5298 do
1519 5217 1704 5296 Ducatibus
1740 5214 1959 5304 Oracosiensi,

416 5395 827 5420 μο--ι-ι--υι-ηι-ψ-ι

525 5483 548 5573 ¹)
572 5485 738 5570 Samogitce
761 5482 819 5555 Ed.
842 5483 928 5560 Lips,
953 5479 979 5562 ⁹)
1002 5487 1090 5564 atque
1115 5479 1185 5548 Ood.
1209 5482 1300 5542 Reor.
