4172 6278
383 521 473 593 Ι168
1026 539 1139 594 arnna
1165 539 1318 594 snxnus.
1678 515 1740 612 (Α.
1761 517 1946 622 D.fl20³;)

397 726 595 804 electionem
623 727 663 803 de
690 747 726 801 se
751 725 877 801 iactam
897 727 1139 820 astruentibus,
1168 727 1378 804 Wladislaus
1403 725 1649 822 Myacaslavvicn
1677 748 1872 822 expressam
1889 749 1946 802 vo·

393 849 566 924 ‘laniatam
591 847 774 924 hosthanis
808 845 900 940 Albi,
938 871 980 922 ne
1006 871 1042 924 se
1068 850 1103 924 et
1130 848 1277 944 patriam
1304 848 1396 925 civili
1429 848 1517 924 bello
1552 848 1749 940 involveret,
1788 849 1945 938 sciturus,

398 969 536 1044 nuntios
571 967 795 1060 transmittit,
833 991 893 1064 per
918 991 1002 1062 qnos
1038 971 1073 1044 et
1108 969 1314 1064 legationem
1350 969 1618 1045 Oramviensinm
1654 973 1814 1045 baronum
1842 971 1886 1044 ad
1911 993 1947 1046 se

398 1092 523 1166 factam
551 1089 721 1182 insinuat,
757 1091 793 1166 et
819 1113 862 1164 an
889 1092 1016 1166 iactum
1043 1091 1217 1166 electionis
1244 1093 1285 1166 de
1312 1115 1351 1167 eo
1370 1091 1394 1186 ¹)
1425 1092 1467 1166 ad
1494 1091 1744 1168 cracoviensem
1771 1091 1945 1186 Principa-

398 1213 471 1287 tum
499 1212 717 1307 prosoqnine,
746 1235 790 1287 an
817 1213 964 1288 salubre
979 1211 1008 1306 ²)
1033 1212 1128 1304 velit,
1157 1211 1357 1307 diligentins
1386 1213 1554 1308 explorat,
1583 1215 1723 1288 efferens
1749 1234 1784 1288 sa
1811 1236 1871 1308 pro
1890 1215 1946 1288 dc-

397 1332 469 1408 bito
487 1334 648 1424 fraterne,
678 1333 832 1424 quamvis
858 1335 894 1408 et
920 1355 955 1409 se
982 1332 1081 1407 iuxta
1095 1331 1123 1427 3)
1150 1333 1250 1408 illnm
1276 1335 1347 1408 tam
1375 1333 1549 1408 electionis
1567 1356 1667 1425 quam
1687 1336 1847 1428 paternae
1866 1335 1946 1410 hae-

398 1453 555 1530 reditatis
582 1456 737 1549 respectu
763 1454 941 1549 contingat
968 1455 1002 1528 in
1030 1455 1183 1549 praefato
1209 1454 1420 1530 cracoviensi
1446 1455 1646 1550 Principatn
1676 1455 1852 1546 successio,
1881 1455 1945 1529 invi

398 1577 434 1650 st
460 1575 630 1651 voluntati
657 1597 737 1651 suae
764 1598 830 1651 non
856 1576 1122 1652 adversaturum.
1155 1577 1220 1666 His
1247 1577 1372 1651 Lestlvo
1398 1575 1517 1667 Albus,
1547 1577 1687 1652 consilio
1713 1577 1842 1669 habito,
1869 1597 1948 1651 con-

397 1699 454 1772 tra
480 1695 628 1772 emnium
655 1696 923 1772 consiliariorum
959 1698 1038 1773 veta
1072 1698 1270 1792 respondet:
1308 1697 1504 1774 electionem
1531 1697 1573 1771 ad
1599 1698 1849 1773 Crotoniensem
1876 1699 1946 1771 Dn-

398 1820 513 1895 catum
539 1819 580 1893 de
607 1839 643 1892 se
670 1819 806 1909 foetam
844 1819 968 1893 dudum
996 1821 1133 1914 propter
1164 1818 1387 1895 conditionem
1414 1819 1455 1894 de
1481 1818 1652 1894 exiliente
1679 1819 1860 1894 dovoricio
1887 1842 1948 1913 pa·

389 1939 505 2013 -latino
534 1939 796 2014 Sandomiriensi
823 1940 1013 2035 appositam
1040 1941 1226 2028 refutasse;
1263 1961 1353 2016 nnnc
1379 1961 1520 2034 quoque,
1548 1940 1615 2014 nisi
1641 1941 1756 2016 cadem
1784 1942 1949 2035 purgatur

398 2059 556 2152 conditio,
584 2059 734 2135 eiusdem
759 2059 947 2135 voluntatis
974 2061 1076 2153 atque
1102 2061 1228 2136 toneris
1254 2082 1337 2152 esse,
1365 2084 1427 2137 nec
1454 2083 1550 2156 posse
1576 2061 1707 2152 adduci,
1736 2064 1869 2136 etcum
1889 2083 1947 2156 pa-

398 2180 500 2256 latini
527 2180 580 2256 sui
606 2181 765 2256 dedecore
792 2183 828 2256 et
854 2181 991 2273 iniuria,
1021 2182 1073 2256 sui
1100 2183 1210 2258 fasces
1236 2183 1362 2276 augeat
1388 2182 1615 2277 Principutns.
1643 2181 1771 2277 rigeret
1797 2182 1946 2276 proinde,

399 2303 488 2396 qued
514 2325 574 2397 pre
592 2324 628 2378 se
646 2304 682 2378 et
698 2303 885 2398 Republica
899 2301 928 2396 ⁴)
954 2303 1168 2397 profuturnm
1194 2303 1390 2378 aestimaret
1404 2304 1444 2396 ⁶),
1472 2325 1581 2396 neque
1598 2325 1645 2394 se,
1674 2325 1782 2397 neque
1808 2303 1949 2378 danem

399 2445 497 2498 suum
524 2423 727 2514 cunradum,
752 2423 825 2498 eius
861 2424 903 2498 ad
929 2423 1177 2499 cracoviensem
1213 2423 1448 2518 Principatum
1484 2445 1658 2499 ascensum
1694 2423 1947 2518 impediturum.

398 2545 494 2620 Haec
518 2544 688 2640 responsio
715 2567 737 2620 a
762 2545 932 2620 Lestlrcne
957 2543 1044 2620 Albo
1071 2545 1212 2621 iuvenili
1240 2545 1351 2640 petius
1377 2545 1504 2636 ardore,
1533 2567 1635 2636 quam
1661 2547 1793 2620 maturo
1811 2545 1949 2620 oonsilio

399 2668 501 2756 iacta,
538 2666 693 2761 pluribus
727 2665 965 2742 ecclesiasticis
1000 2668 1035 2742 et
1067 2667 1296 2742 saecularibus
1328 2667 1425 2742 illam
1461 2688 1664 2762 magnopere
1699 2667 1947 2755 execrantibus,

399 2787 546 2883 gemitus
573 2789 608 2863 et
634 2787 816 2862 lachrimas
842 2787 1012 2880 excussit,
1046 2788 1238 2863 dolentibus
1263 2791 1299 2862 et
1324 2788 1597 2880 vociferantibus,
1626 2788 1817 2882 prosapiam
1843 2787 1948 2862 Knai·

400 2908 478 2983 miri
503 2907 608 2983 Ducis
634 2907 754 3003 optimi
781 2931 802 2983 a
829 2908 919 2982 iusta
945 2909 1158 2984 Monarchiae
1184 2909 1391 2984 successione
1417 2908 1564 2984 excludi.
1597 2909 1807 2984 Wladislaus
1834 2908 1948 3001 itnqno

399 3029 646 3125 liyocuslavica
673 3029 715 3103 de
741 3030 917 3104 voluntate
943 3029 1123 3106 Lestkonis
1150 3029 1230 3105 Albi
1257 3029 1536 3105 Sardemiriensis
1563 3029 1665 3103 Ducis
1684 3029 1805 3104 certior
1826 3030 1946 3118 factus,

399 3149 502 3226 etiam
525 3149 628 3226 Ducis
654 3149 843 3245 Opoliensis
870 3153 905 3228 et
931 3150 1201 3226 Rathiboriensis
1227 3153 1263 3226 et
1288 3151 1427 3226 Henrioi
1453 3150 1746 3228 Wratislaviensis
1782 3150 1847 3226 sibi
1874 3150 1947 3224 ani-

392 3295 470 3347 mos
497 3271 667 3364 conciliat,
696 3293 837 3364 quorum
865 3271 930 3347 atsi
957 3296 1023 3346 non
1052 3293 1251 3368 magnopere
1277 3272 1404 3347 sciebat
1431 3272 1495 3346 sibi
1523 3273 1677 3367 prodesse
1704 3272 1863 3362 faverem,
1891 3294 1946 3346 vo·

399 3394 493 3470 labat
518 3394 645 3484 tamen,
674 3395 715 3467 nt
740 3392 793 3468 vir
818 3393 964 3488 prudens
992 3395 1028 3468 et
1054 3393 1252 3484 industrius,
1281 3394 1400 3468 tollere
1427 3392 1600 3468 invidiam.
1641 3392 1770 3487 Quibus
1796 3392 1948 3468 omnibns

400 3514 572 3611 perfectis,
608 3513 820 3591 Wladislans
854 3515 1102 3610 Myecnslavicn
1138 3515 1174 3589 in
1210 3515 1402 3590 (lraooviam
1437 3515 1605 3607 ascendii,
1642 3518 1677 3590 et
1713 3517 1755 3589 ab
1782 3514 1948 3590 universis

399 3637 592 3732 proceribus
619 3636 792 3730 exceptus,
831 3635 980 3710 emnium
1015 3636 1168 3712 concordi
1204 3637 1318 3712 favore
1344 3638 1380 3711 et
1405 3658 1570 3711 consensu
1605 3637 1788 3712 Monereha
1824 3637 1946 3725 factus,

399 3757 650 3834 dracovionscm
677 3757 808 3852 accepit
835 3757 1086 3852 Principalem:
1118 3757 1155 3831 in
1181 3780 1247 3851 qno
1274 3780 1310 3833 sa
1337 3757 1422 3833 mira
1451 3757 1660 3852 benignitate
1687 3757 1843 3834 omnibns
1869 3779 1947 3852 gra·

399 3880 523 3956 tiosnm
550 3879 669 3974 gessit,
697 3880 860 3974 praebens
887 3879 1139 3972 quibuscunque
1165 3879 1210 3954 ad
1236 3901 1272 3955 se
1297 3880 1415 3954 faciles
1441 3879 1565 3972 aditus,
1597 3901 1716 3954 musas
1742 3880 1833 3954 iuste
1859 3879 1947 3956 deci·

399 4002 482 4078 dcns
508 4001 674 4092 examine,
712 3999 854 4076 iniurias
890 4003 932 4076 ab
968 3999 1209 4076 infirmioribus
1244 4002 1456 4096 propulsans,
1487 4003 1523 4076 et
1548 4000 1759 4096 singulorum
1786 4000 1889 4075 iustis
1914 4003 1950 4074 et

399 4121 550 4200 honmtie
576 4121 798 4218 petitionibus
824 4122 1099 4198 condescendens.
1131 4121 1310 4215 Universa,
1342 4145 1427 4215 qnae
1444 4123 1568 4200 habere
1586 4125 1730 4219 poterat,
1758 4123 1795 4196 in
1822 4123 1949 4197 milites

399 4244 560 4320 munifica
585 4243 792 4318 liberalitato
818 4243 1021 4337 offundebat,
1049 4245 1191 4320 formam
1209 4247 1244 4320 et
1262 4244 1497 4321 fortitudinem
1524 4249 1645 4320 nactus
1671 4247 1834 4320 anatona
1853 4267 1947 4339 egre-

398 4366 503 4462 giam;
531 4367 659 4442 formae
685 4366 801 4440 tamen
824 4365 889 4460 ipsi
907 4388 1041 4441 crurum
1067 4367 1224 4442 obstabat
1250 4366 1323 4442 alta
1348 4365 1510 4458 inemtas,
1538 4369 1579 4442 ob
1597 4388 1698 4459 quarn
1711 4369 1752 4441 et
1770 4366 1842 4461 ipso
1859 4367 1946 4461 [rya-

399 4487 542 4583 skenegi
557 4486 586 4582 6)
612 4485 877 4582 appellationem
904 4487 1059 4582 fueratb
1085 4487 1238 4563 sortitus.

399 4667 812 4689 ss-——ss-uu—-u-——n

396 4795 398 4800 ·
497 4753 532 4860 11)
555 4789 586 4843 ct
607 4797 645 4844 an
666 4780 777 4844 Lestko
799 4779 907 4843 laeum
929 4779 966 4844 de
989 4799 1022 4843 se
1044 4783 1218 4844 electionem
1243 4779 1313 4844 Ood.
1336 4779 1428 4844 Reor.
1459 4777 1554 4861 ⁹)vel
1569 4781 1735 4858 relinquere
1763 4781 1834 4844 eoa.
1857 4781 1946 4860 Roas.

400 4881 533 4965 ’linxta
555 4893 644 4961 atqne
670 4886 742 4948 (led.¹
764 4889 855 4949 Rosr.
894 4884 921 4965 ⁴)
944 4887 1022 4963 qnod
1050 4889 1107 4948 sibi
1129 4893 1160 4947 et
1180 4887 1371 4962 Reipublicae
1396 4887 1466 4949 Oed.
1488 4889 1581 4949 Reae.
1622 4885 1648 4966 ⁶)
1671 4889 1855 4949 existimaret
1880 4887 1946 4948 Ged.

399 4991 492 5054 Roar.
530 4988 560 5072 ⁶)
582 4991 750 5067 Laskonogi
775 4991 846 5054 ond.
869 4994 962 5054 Rear.
1003 4989 1098 5070 ⁷)est
1120 4992 1180 5052 Ed.
1203 4992 1297 5052 Debr.
1549 5007 1551 5012 ‘
1802 4993 1804 4998 ’
