<?xml version="1.0" encoding="UTF-8"?>
<!DOCTYPE html PUBLIC "-//W3C//DTD XHTML 1.0 Transitional//EN"
    "http://www.w3.org/TR/xhtml1/DTD/xhtml1-transitional.dtd">
<html xmlns="http://www.w3.org/1999/xhtml" xml:lang="en" lang="en">
 <head>
  <title>
</title>
<meta http-equiv="Content-Type" content="text/html;charset=utf-8" />
  <meta name='ocr-system' content='tesseract 3.04.00' />
  <meta name='ocr-capabilities' content='ocr_page ocr_carea ocr_par ocr_line ocrx_word'/>
</head>
<body>
  <div class='ocr_page' id='page_1' title='image "./operaomnia02paulgoog_0357.png"; bbox 0 0 4140 6298; ppageno 0'>
   <div class='ocr_carea' id='block_1_1' title="bbox 111 525 1651 622">
    <p class='ocr_par' dir='ltr' id='par_1_1' title="bbox 111 525 1651 622">
     <span class='ocr_line' id='line_1_1' title="bbox 111 525 1651 622; baseline -0.003 -20"><span class='ocrx_word' id='word_1_1' title='bbox 111 527 167 622; x_wconf 86' lang='grc' dir='ltr'><strong>(Α.</strong></span> <span class='ocrx_word' id='word_1_2' title='bbox 187 525 232 600; x_wconf 86' lang='lat' dir='ltr'><strong>D.</strong></span> <span class='ocrx_word' id='word_1_3' title='bbox 253 525 370 618; x_wconf 77' lang='lat'><strong>1253.)</strong></span> <span class='ocrx_word' id='word_1_4' title='bbox 713 545 824 596; x_wconf 81' lang='lat' dir='ltr'><strong>ursus</strong></span> <span class='ocrx_word' id='word_1_5' title='bbox 852 543 1046 596; x_wconf 79' lang='lat' dir='ltr'><strong>sarrrmus.</strong></span> <span class='ocrx_word' id='word_1_6' title='bbox 1238 529 1241 532; x_wconf 73' lang='grc'><strong><em>’</em></strong></span> <span class='ocrx_word' id='word_1_7' title='bbox 1579 525 1651 598; x_wconf 88' lang='grc'><strong>341</strong></span> 
     </span>
    </p>
   </div>
   <div class='ocr_carea' id='block_1_2' title="bbox 114 730 1658 1317">
    <p class='ocr_par' dir='ltr' id='par_1_2' title="bbox 114 730 1658 1317">
     <span class='ocr_line' id='line_1_2' title="bbox 115 730 1655 830; baseline -0.004 -18"><span class='ocrx_word' id='word_1_8' title='bbox 115 757 204 826; x_wconf 89' lang='lat' dir='ltr'><strong>,ecoe</strong></span> <span class='ocrx_word' id='word_1_9' title='bbox 228 732 397 830; x_wconf 82' lang='lat' dir='ltr'><strong>gloriosus</strong></span> <span class='ocrx_word' id='word_1_10' title='bbox 423 732 458 806; x_wconf 91' lang='lat' dir='ltr'><strong>in</strong></span> <span class='ocrx_word' id='word_1_11' title='bbox 486 731 621 808; x_wconf 85' lang='lat' dir='ltr'><strong>Sanctis</strong></span> <span class='ocrx_word' id='word_1_12' title='bbox 650 731 722 807; x_wconf 90' lang='lat' dir='ltr'><strong>suis</strong></span> <span class='ocrx_word' id='word_1_13' title='bbox 749 731 924 824; x_wconf 83' lang='lat' dir='ltr'><strong>Dominus,</strong></span> <span class='ocrx_word' id='word_1_14' title='bbox 952 733 1069 808; x_wconf 84' lang='lat' dir='ltr'><strong>uolens</strong></span> <span class='ocrx_word' id='word_1_15' title='bbox 1096 730 1245 808; x_wconf 87' lang='lat' dir='ltr'><strong>eiusdem</strong></span> <span class='ocrx_word' id='word_1_16' title='bbox 1267 732 1381 808; x_wconf 89' lang='lat' dir='ltr'><strong>Patris</strong></span> <span class='ocrx_word' id='word_1_17' title='bbox 1408 731 1655 829; x_wconf 80' lang='lat' dir='ltr'><strong>plenitudinem</strong></span> 
     </span>
     <span class='ocr_line' id='line_1_3' title="bbox 114 853 1655 954; baseline 0 -24"><span class='ocrx_word' id='word_1_18' title='bbox 114 855 257 954; x_wconf 82' lang='lat' dir='ltr'><strong>,gloriae</strong></span> <span class='ocrx_word' id='word_1_19' title='bbox 285 853 418 930; x_wconf 89' lang='lat' dir='ltr'><strong>indiciis</strong></span> <span class='ocrx_word' id='word_1_20' title='bbox 443 853 632 948; x_wconf 76' lang='lat' dir='ltr'><strong>exprimere</strong></span> <span class='ocrx_word' id='word_1_21' title='bbox 660 853 862 946; x_wconf 78' lang='lat' dir='ltr'><strong>manifestis,</strong></span> <span class='ocrx_word' id='word_1_22' title='bbox 891 857 928 930; x_wconf 90' lang='lat' dir='ltr'><strong>et</strong></span> <span class='ocrx_word' id='word_1_23' title='bbox 956 853 1177 949; x_wconf 84' lang='lat' dir='ltr'><strong>praestolanti</strong></span> <span class='ocrx_word' id='word_1_24' title='bbox 1204 854 1375 932; x_wconf 81' lang='lat' dir='ltr'><strong>Ecclesiae</strong></span> <span class='ocrx_word' id='word_1_25' title='bbox 1401 856 1501 950; x_wconf 82' lang='lat' dir='ltr'><strong>grata</strong></span> <span class='ocrx_word' id='word_1_26' title='bbox 1526 853 1655 930; x_wconf 87' lang='lat' dir='ltr'><strong>conier-</strong></span> 
     </span>
     <span class='ocr_line' id='line_1_4' title="bbox 115 975 1655 1073; baseline -0.001 -21"><span class='ocrx_word' id='word_1_27' title='bbox 115 1003 166 1068; x_wconf 91' lang='lat' dir='ltr'><strong>,re</strong></span> <span class='ocrx_word' id='word_1_28' title='bbox 192 1000 292 1073; x_wconf 90' lang='lat' dir='ltr'><strong>super</strong></span> <span class='ocrx_word' id='word_1_29' title='bbox 317 978 381 1052; x_wconf 91' lang='lat' dir='ltr'><strong>hoc</strong></span> <span class='ocrx_word' id='word_1_30' title='bbox 406 975 625 1052; x_wconf 77' lang='lat' dir='ltr'><strong>recreationis</strong></span> <span class='ocrx_word' id='word_1_31' title='bbox 650 975 808 1067; x_wconf 89' lang='lat' dir='ltr'><strong>remedia,</strong></span> <span class='ocrx_word' id='word_1_32' title='bbox 846 977 898 1052; x_wconf 92' lang='lat' dir='ltr'><strong>tot</strong></span> <span class='ocrx_word' id='word_1_33' title='bbox 924 978 960 1052; x_wconf 93' lang='lat' dir='ltr'><strong>et</strong></span> <span class='ocrx_word' id='word_1_34' title='bbox 986 975 1095 1050; x_wconf 89' lang='lat' dir='ltr'><strong>tantis</strong></span> <span class='ocrx_word' id='word_1_35' title='bbox 1122 975 1204 1052; x_wconf 85' lang='lat' dir='ltr'><strong>fecit</strong></span> <span class='ocrx_word' id='word_1_36' title='bbox 1231 975 1343 1071; x_wconf 89' lang='lat' dir='ltr'><strong>ipsum</strong></span> <span class='ocrx_word' id='word_1_37' title='bbox 1379 975 1517 1051; x_wconf 88' lang='lat' dir='ltr'><strong>famosis</strong></span> <span class='ocrx_word' id='word_1_38' title='bbox 1555 975 1655 1050; x_wconf 88' lang='lat' dir='ltr'><strong>mira·</strong></span> 
     </span>
     <span class='ocr_line' id='line_1_5' title="bbox 115 1097 1658 1194; baseline -0.003 -17"><span class='ocrx_word' id='word_1_39' title='bbox 115 1100 216 1191; x_wconf 90' lang='lat' dir='ltr'><strong>,culis</strong></span> <span class='ocrx_word' id='word_1_40' title='bbox 234 1120 418 1190; x_wconf 89' lang='lat' dir='ltr'><strong>coruscare,</strong></span> <span class='ocrx_word' id='word_1_41' title='bbox 448 1097 631 1190; x_wconf 89' lang='lat' dir='ltr'><strong>dequibus</strong></span> <span class='ocrx_word' id='word_1_42' title='bbox 657 1100 749 1172; x_wconf 85' lang='lat' dir='ltr'><strong>iacta</strong></span> <span class='ocrx_word' id='word_1_43' title='bbox 775 1097 872 1173; x_wconf 90' lang='lat' dir='ltr'><strong>nobis</strong></span> <span class='ocrx_word' id='word_1_44' title='bbox 898 1099 933 1174; x_wconf 88' lang='lat' dir='ltr'><strong>et</strong></span> <span class='ocrx_word' id='word_1_45' title='bbox 960 1098 1122 1173; x_wconf 84' lang='lat' dir='ltr'><strong>iratribus</strong></span> <span class='ocrx_word' id='word_1_46' title='bbox 1149 1099 1285 1188; x_wconf 90' lang='lat' dir='ltr'><strong>nostris,</strong></span> <span class='ocrx_word' id='word_1_47' title='bbox 1316 1099 1415 1192; x_wconf 91' lang='lat' dir='ltr'><strong>prout</strong></span> <span class='ocrx_word' id='word_1_48' title='bbox 1441 1097 1568 1190; x_wconf 82' lang='lat' dir='ltr'><strong>debuit,</strong></span> <span class='ocrx_word' id='word_1_49' title='bbox 1598 1121 1658 1194; x_wconf 90' lang='lat' dir='ltr'><strong>per</strong></span> 
     </span>
     <span class='ocr_line' id='line_1_6' title="bbox 115 1217 1657 1317; baseline -0.003 -17"><span class='ocrx_word' id='word_1_50' title='bbox 115 1225 237 1314; x_wconf 87' lang='lat' dir='ltr'><strong>,testes</strong></span> <span class='ocrx_word' id='word_1_51' title='bbox 263 1221 399 1297; x_wconf 88' lang='lat' dir='ltr'><strong>idoneos</strong></span> <span class='ocrx_word' id='word_1_52' title='bbox 426 1221 530 1316; x_wconf 89' lang='lat' dir='ltr'><strong>plena</strong></span> <span class='ocrx_word' id='word_1_53' title='bbox 566 1221 648 1295; x_wconf 87' lang='lat' dir='ltr'><strong>tides</strong></span> <span class='ocrx_word' id='word_1_54' title='bbox 675 1217 822 1312; x_wconf 82' lang='lat' dir='ltr'><strong>exstitit,</strong></span> <span class='ocrx_word' id='word_1_55' title='bbox 860 1221 948 1314; x_wconf 92' lang='lat' dir='ltr'><strong>quod</strong></span> <span class='ocrx_word' id='word_1_56' title='bbox 974 1220 1048 1294; x_wconf 91' lang='lat' dir='ltr'><strong>eius</strong></span> <span class='ocrx_word' id='word_1_57' title='bbox 1075 1219 1164 1296; x_wconf 88' lang='lat' dir='ltr'><strong>inter</strong></span> <span class='ocrx_word' id='word_1_58' title='bbox 1190 1221 1333 1297; x_wconf 81' lang='lat' dir='ltr'><strong>Sanctm</strong></span> <span class='ocrx_word' id='word_1_59' title='bbox 1359 1223 1508 1297; x_wconf 81' lang='lat' dir='ltr'><strong>cucterm</strong></span> <span class='ocrx_word' id='word_1_60' title='bbox 1535 1220 1657 1317; x_wconf 89' lang='lat' dir='ltr'><strong>implo-</strong></span> 
     </span>
    </p>
   </div>
   <div class='ocr_carea' id='block_1_3' title="bbox 13 1341 1666 4863">
    <p class='ocr_par' dir='ltr' id='par_1_3' title="bbox 13 1341 1666 4863">
     <span class='ocr_line' id='line_1_7' title="bbox 115 1341 1658 1449; baseline -0.002 -29"><span class='ocrx_word' id='word_1_61' title='bbox 115 1367 204 1436; x_wconf 87' lang='lat' dir='ltr'><strong>,rare</strong></span> <span class='ocrx_word' id='word_1_62' title='bbox 230 1343 418 1420; x_wconf 89' lang='lat' dir='ltr'><strong>subsidium</strong></span> <span class='ocrx_word' id='word_1_63' title='bbox 439 1343 463 1438; x_wconf 86' lang='lat'><strong>¹)</strong></span> <span class='ocrx_word' id='word_1_64' title='bbox 489 1341 721 1438; x_wconf 84' lang='lat' dir='ltr'><strong>reputavimus</strong></span> <span class='ocrx_word' id='word_1_65' title='bbox 749 1341 869 1418; x_wconf 85' lang='lat' dir='ltr'><strong>urerito</strong></span> <span class='ocrx_word' id='word_1_66' title='bbox 896 1367 962 1418; x_wconf 88' lang='lat' dir='ltr'><strong>nou</strong></span> <span class='ocrx_word' id='word_1_67' title='bbox 989 1343 1184 1449; x_wconf 14' lang='lat' dir='ltr'><strong>indiguum..</strong></span> <span class='ocrx_word' id='word_1_68' title='bbox 1208 1345 1297 1419; x_wconf 86' lang='lat' dir='ltr'><strong>Nam</strong></span> <span class='ocrx_word' id='word_1_69' title='bbox 1323 1342 1466 1419; x_wconf 83' lang='lat' dir='ltr'><strong>mortuis</strong></span> <span class='ocrx_word' id='word_1_70' title='bbox 1493 1343 1575 1436; x_wconf 84' lang='lat' dir='ltr'><strong>rita,</strong></span> <span class='ocrx_word' id='word_1_71' title='bbox 1603 1344 1658 1418; x_wconf 92' lang='lat' dir='ltr'><strong>lu-</strong></span> 
     </span>
     <span class='ocr_line' id='line_1_8' title="bbox 13 1465 1657 1562; baseline -0.001 -18"><span class='ocrx_word' id='word_1_72' title='bbox 13 1549 14 1556; x_wconf 24' lang='lat'><strong>,</strong></span> <span class='ocrx_word' id='word_1_73' title='bbox 114 1491 205 1560; x_wconf 90' lang='lat' dir='ltr'><strong>,meu</strong></span> <span class='ocrx_word' id='word_1_74' title='bbox 232 1465 352 1558; x_wconf 89' lang='lat' dir='ltr'><strong>caecis,</strong></span> <span class='ocrx_word' id='word_1_75' title='bbox 381 1465 520 1541; x_wconf 88' lang='lat' dir='ltr'><strong>auditus</strong></span> <span class='ocrx_word' id='word_1_76' title='bbox 547 1465 668 1558; x_wconf 91' lang='lat' dir='ltr'><strong>surdis,</strong></span> <span class='ocrx_word' id='word_1_77' title='bbox 697 1468 834 1541; x_wconf 84' lang='lat' dir='ltr'><strong>verbum</strong></span> <span class='ocrx_word' id='word_1_78' title='bbox 862 1466 977 1557; x_wconf 88' lang='lat' dir='ltr'><strong>mutis,</strong></span> <span class='ocrx_word' id='word_1_79' title='bbox 1007 1465 1138 1542; x_wconf 88' lang='lat' dir='ltr'><strong>claudis</strong></span> <span class='ocrx_word' id='word_1_80' title='bbox 1165 1489 1312 1562; x_wconf 84' lang='lat' dir='ltr'><strong>gressus,</strong></span> <span class='ocrx_word' id='word_1_81' title='bbox 1349 1465 1542 1562; x_wconf 86' lang='lat' dir='ltr'><strong>epilepticis</strong></span> <span class='ocrx_word' id='word_1_82' title='bbox 1567 1488 1657 1542; x_wconf 81' lang='lat' dir='ltr'><strong>cere·</strong></span> 
     </span>
     <span class='ocr_line' id='line_1_9' title="bbox 115 1587 1657 1684; baseline 0 -19"><span class='ocrx_word' id='word_1_83' title='bbox 115 1590 182 1682; x_wconf 89' lang='lat' dir='ltr'><strong>,bri</strong></span> <span class='ocrx_word' id='word_1_84' title='bbox 207 1591 320 1681; x_wconf 90' lang='lat' dir='ltr'><strong>robur,</strong></span> <span class='ocrx_word' id='word_1_85' title='bbox 348 1590 384 1664; x_wconf 91' lang='lat' dir='ltr'><strong>et</strong></span> <span class='ocrx_word' id='word_1_86' title='bbox 410 1587 647 1679; x_wconf 88' lang='lat' dir='ltr'><strong>daemoniacis,</strong></span> <span class='ocrx_word' id='word_1_87' title='bbox 684 1587 866 1662; x_wconf 90' lang='lat' dir='ltr'><strong>immundis</strong></span> <span class='ocrx_word' id='word_1_88' title='bbox 893 1590 943 1663; x_wconf 89' lang='lat' dir='ltr'><strong>ab·</strong></span> <span class='ocrx_word' id='word_1_89' title='bbox 963 1587 1011 1662; x_wconf 85' lang='lat' dir='ltr'><strong>ais</strong></span> <span class='ocrx_word' id='word_1_90' title='bbox 1038 1588 1155 1664; x_wconf 87' lang='lat' dir='ltr'><strong>eiectis</strong></span> <span class='ocrx_word' id='word_1_91' title='bbox 1183 1588 1371 1684; x_wconf 90' lang='lat' dir='ltr'><strong>spiritibus,</strong></span> <span class='ocrx_word' id='word_1_92' title='bbox 1388 1599 1577 1684; x_wconf 80' lang='lat' dir='ltr'><strong>&#39;corporum</strong></span> <span class='ocrx_word' id='word_1_93' title='bbox 1605 1611 1657 1665; x_wconf 90' lang='lat' dir='ltr'><strong>re·</strong></span> 
     </span>
     <span class='ocr_line' id='line_1_10' title="bbox 114 1709 1658 1804; baseline -0.001 -18"><span class='ocrx_word' id='word_1_94' title='bbox 114 1711 237 1804; x_wconf 72' lang='lat' dir='ltr'><strong>,quies</strong></span> <span class='ocrx_word' id='word_1_95' title='bbox 275 1711 318 1786; x_wconf 88' lang='lat' dir='ltr'><strong>ad</strong></span> <span class='ocrx_word' id='word_1_96' title='bbox 355 1711 429 1784; x_wconf 86' lang='lat' dir='ltr'><strong>eius</strong></span> <span class='ocrx_word' id='word_1_97' title='bbox 465 1709 710 1786; x_wconf 83' lang='lat' dir='ltr'><strong>invocationem</strong></span> <span class='ocrx_word' id='word_1_98' title='bbox 750 1709 907 1801; x_wconf 89' lang='lat' dir='ltr'><strong>nominis,</strong></span> <span class='ocrx_word' id='word_1_99' title='bbox 949 1710 1087 1789; x_wconf 87' lang='lat' dir='ltr'><strong>coelesti</strong></span> <span class='ocrx_word' id='word_1_100' title='bbox 1123 1711 1247 1786; x_wconf 82' lang='lat' dir='ltr'><strong>dextra</strong></span> <span class='ocrx_word' id='word_1_101' title='bbox 1281 1709 1393 1786; x_wconf 91' lang='lat' dir='ltr'><strong>subito</strong></span> <span class='ocrx_word' id='word_1_102' title='bbox 1428 1712 1658 1787; x_wconf 87' lang='lat' dir='ltr'><strong>conferuntur.</strong></span> 
     </span>
     <span class='ocr_line' id='line_1_11' title="bbox 113 1831 1658 1929; baseline -0.001 -21"><span class='ocrx_word' id='word_1_103' title='bbox 113 1836 271 1929; x_wconf 82' lang='lat' dir='ltr'><strong>,Propter</strong></span> <span class='ocrx_word' id='word_1_104' title='bbox 299 1833 386 1926; x_wconf 91' lang='lat' dir='ltr'><strong>quod</strong></span> <span class='ocrx_word' id='word_1_105' title='bbox 413 1855 456 1908; x_wconf 90' lang='lat' dir='ltr'><strong>ue</strong></span> <span class='ocrx_word' id='word_1_106' title='bbox 482 1831 673 1908; x_wconf 90' lang='lat' dir='ltr'><strong>huiusmodi</strong></span> <span class='ocrx_word' id='word_1_107' title='bbox 710 1831 909 1907; x_wconf 82' lang='lat' dir='ltr'><strong>rutilantem</strong></span> <span class='ocrx_word' id='word_1_108' title='bbox 937 1833 1108 1908; x_wconf 88' lang='lat' dir='ltr'><strong>lucernam</strong></span> <span class='ocrx_word' id='word_1_109' title='bbox 1135 1835 1198 1908; x_wconf 90' lang='lat' dir='ltr'><strong>sub</strong></span> <span class='ocrx_word' id='word_1_110' title='bbox 1226 1831 1334 1908; x_wconf 91' lang='lat' dir='ltr'><strong>rnodio</strong></span> <span class='ocrx_word' id='word_1_111' title='bbox 1367 1832 1553 1928; x_wconf 78' lang='lat' dir='ltr'><strong>periculose</strong></span> <span class='ocrx_word' id='word_1_112' title='bbox 1580 1835 1658 1909; x_wconf 83' lang='lat' dir='ltr'><strong>ubs-</strong></span> 
     </span>
     <span class='ocr_line' id='line_1_12' title="bbox 114 1953 1661 2051; baseline -0.002 -18"><span class='ocrx_word' id='word_1_113' title='bbox 114 1955 226 2047; x_wconf 91' lang='lat' dir='ltr'><strong>,condi</strong></span> <span class='ocrx_word' id='word_1_114' title='bbox 262 1954 496 2050; x_wconf 84' lang='lat' dir='ltr'><strong>contingeret,</strong></span> <span class='ocrx_word' id='word_1_115' title='bbox 533 1976 636 2046; x_wconf 85' lang='lat' dir='ltr'><strong>quam</strong></span> <span class='ocrx_word' id='word_1_116' title='bbox 664 1953 751 2028; x_wconf 92' lang='lat' dir='ltr'><strong>idem</strong></span> <span class='ocrx_word' id='word_1_117' title='bbox 779 1953 942 2030; x_wconf 87' lang='lat' dir='ltr'><strong>Dominus</strong></span> <span class='ocrx_word' id='word_1_118' title='bbox 969 1957 1021 2031; x_wconf 90' lang='lat' dir='ltr'><strong>tot</strong></span> <span class='ocrx_word' id='word_1_119' title='bbox 1048 1953 1187 2030; x_wconf 86' lang='lat' dir='ltr'><strong>mirficis</strong></span> <span class='ocrx_word' id='word_1_120' title='bbox 1222 1954 1331 2051; x_wconf 80' lang='lat' dir='ltr'><strong>signis</strong></span> <span class='ocrx_word' id='word_1_121' title='bbox 1366 1957 1456 2032; x_wconf 86' lang='lat' dir='ltr'><strong>recte</strong></span> <span class='ocrx_word' id='word_1_122' title='bbox 1492 1955 1661 2051; x_wconf 85' lang='lat' dir='ltr'><strong>disposuit</strong></span> 
     </span>
     <span class='ocr_line' id='line_1_13' title="bbox 115 2076 1659 2174; baseline 0.001 -21"><span class='ocrx_word' id='word_1_123' title='bbox 115 2101 231 2173; x_wconf 89' lang='lat' dir='ltr'><strong>,super</strong></span> <span class='ocrx_word' id='word_1_124' title='bbox 249 2076 421 2153; x_wconf 84' lang='lat' dir='ltr'><strong>Ecclesiae</strong></span> <span class='ocrx_word' id='word_1_125' title='bbox 447 2077 684 2152; x_wconf 87' lang='lat' dir='ltr'><strong>candelabrum</strong></span> <span class='ocrx_word' id='word_1_126' title='bbox 704 2076 884 2152; x_wconf 87' lang='lat' dir='ltr'><strong>honorilice</strong></span> <span class='ocrx_word' id='word_1_127' title='bbox 912 2077 1080 2169; x_wconf 88' lang='lat' dir='ltr'><strong>collocari,</strong></span> <span class='ocrx_word' id='word_1_128' title='bbox 1109 2077 1307 2172; x_wconf 78' lang='lat' dir='ltr'><strong>prraesertim</strong></span> <span class='ocrx_word' id='word_1_129' title='bbox 1327 2100 1402 2154; x_wconf 89' lang='lat' dir='ltr'><strong>oum</strong></span> <span class='ocrx_word' id='word_1_130' title='bbox 1420 2101 1464 2154; x_wconf 84' lang='lat' dir='ltr'><strong>ex</strong></span> <span class='ocrx_word' id='word_1_131' title='bbox 1482 2078 1544 2154; x_wconf 93' lang='lat' dir='ltr'><strong>hoc</strong></span> <span class='ocrx_word' id='word_1_132' title='bbox 1562 2077 1659 2174; x_wconf 80' lang='lat' dir='ltr'><strong>igno·</strong></span> 
     </span>
     <span class='ocr_line' id='line_1_14' title="bbox 115 2199 1659 2296; baseline -0.001 -20"><span class='ocrx_word' id='word_1_133' title='bbox 115 2200 279 2290; x_wconf 81' lang='lat' dir='ltr'><strong>,rentium</strong></span> <span class='ocrx_word' id='word_1_134' title='bbox 307 2201 414 2276; x_wconf 90' lang='lat' dir='ltr'><strong>Deum</strong></span> <span class='ocrx_word' id='word_1_135' title='bbox 451 2199 688 2294; x_wconf 77' lang='lat' dir='ltr'><strong>propellantur</strong></span> <span class='ocrx_word' id='word_1_136' title='bbox 724 2199 893 2291; x_wconf 88' lang='lat' dir='ltr'><strong>tenebrae,</strong></span> <span class='ocrx_word' id='word_1_137' title='bbox 932 2200 1158 2276; x_wconf 84' lang='lat' dir='ltr'><strong>confundatur</strong></span> <span class='ocrx_word' id='word_1_138' title='bbox 1194 2221 1387 2296; x_wconf 83' lang='lat' dir='ltr'><strong>perversum</strong></span> <span class='ocrx_word' id='word_1_139' title='bbox 1415 2199 1659 2277; x_wconf 86' lang='lat' dir='ltr'><strong>baereticorum</strong></span> 
     </span>
     <span class='ocr_line' id='line_1_15' title="bbox 62 2320 1659 2419; baseline -0.001 -21"><span class='ocrx_word' id='word_1_140' title='bbox 62 2334 65 2344; x_wconf 89' lang='lat'>&#39;</span> <span class='ocrx_word' id='word_1_141' title='bbox 115 2323 252 2419; x_wconf 82' lang='lat' dir='ltr'><strong>,dogma</strong></span> <span class='ocrx_word' id='word_1_142' title='bbox 278 2324 315 2397; x_wconf 92' lang='lat' dir='ltr'><strong>et</strong></span> <span class='ocrx_word' id='word_1_143' title='bbox 341 2320 492 2396; x_wconf 85' lang='lat' dir='ltr'><strong>fidelium</strong></span> <span class='ocrx_word' id='word_1_144' title='bbox 520 2322 620 2397; x_wconf 87' lang='lat' dir='ltr'><strong>beata</strong></span> <span class='ocrx_word' id='word_1_145' title='bbox 646 2321 830 2396; x_wconf 82' lang='lat' dir='ltr'><strong>credulitas</strong></span> <span class='ocrx_word' id='word_1_146' title='bbox 856 2322 1039 2418; x_wconf 82' lang='lat' dir='ltr'><strong>augeatur:</strong></span> <span class='ocrx_word' id='word_1_147' title='bbox 1069 2324 1257 2398; x_wconf 88' lang='lat' dir='ltr'><strong>nostrorum</strong></span> <span class='ocrx_word' id='word_1_148' title='bbox 1274 2322 1302 2417; x_wconf 75' lang='lat'><strong>²)</strong></span> <span class='ocrx_word' id='word_1_149' title='bbox 1330 2323 1485 2413; x_wconf 83' lang='lat' dir='ltr'><strong>fratrum,</strong></span> <span class='ocrx_word' id='word_1_150' title='bbox 1514 2344 1659 2398; x_wconf 90' lang='lat' dir='ltr'><strong>necnon</strong></span> 
     </span>
     <span class='ocr_line' id='line_1_16' title="bbox 115 2442 1659 2544; baseline -0.001 -24"><span class='ocrx_word' id='word_1_151' title='bbox 115 2448 166 2536; x_wconf 91' lang='lat' dir='ltr'><strong>,et</strong></span> <span class='ocrx_word' id='word_1_152' title='bbox 191 2445 421 2541; x_wconf 88' lang='lat' dir='ltr'><strong>praelatorum</strong></span> <span class='ocrx_word' id='word_1_153' title='bbox 447 2446 530 2520; x_wconf 92' lang='lat' dir='ltr'><strong>tunc</strong></span> <span class='ocrx_word' id='word_1_154' title='bbox 556 2443 647 2544; x_wconf 85' lang='lat' dir='ltr'><strong>apud</strong></span> <span class='ocrx_word' id='word_1_155' title='bbox 674 2444 793 2534; x_wconf 86' lang='lat' dir='ltr'><strong>Sedem</strong></span> <span class='ocrx_word' id='word_1_156' title='bbox 820 2442 1050 2539; x_wconf 77' lang='lat' dir='ltr'><strong>Apostolicom</strong></span> <span class='ocrx_word' id='word_1_157' title='bbox 1078 2444 1300 2522; x_wconf 84' lang='lat' dir='ltr'><strong>existentium</strong></span> <span class='ocrx_word' id='word_1_158' title='bbox 1319 2445 1563 2521; x_wconf 86' lang='lat' dir='ltr'><strong>oornrnuniceto</strong></span> <span class='ocrx_word' id='word_1_159' title='bbox 1581 2467 1659 2520; x_wconf 92' lang='lat' dir='ltr'><strong>cou-</strong></span> 
     </span>
     <span class='ocr_line' id='line_1_17' title="bbox 116 2565 1661 2665; baseline 0 -23"><span class='ocrx_word' id='word_1_160' title='bbox 116 2568 218 2661; x_wconf 91' lang='lat' dir='ltr'><strong>,silio,</strong></span> <span class='ocrx_word' id='word_1_161' title='bbox 247 2567 458 2664; x_wconf 90' lang='lat' dir='ltr'><strong>praedictum</strong></span> <span class='ocrx_word' id='word_1_162' title='bbox 485 2567 647 2641; x_wconf 86' lang='lat' dir='ltr'><strong>Sanctum</strong></span> <span class='ocrx_word' id='word_1_163' title='bbox 675 2565 882 2640; x_wconf 78' lang='lat' dir='ltr'><strong>stanislaum</strong></span> <span class='ocrx_word' id='word_1_164' title='bbox 912 2565 1106 2662; x_wconf 90' lang='lat' dir='ltr'><strong>episcopum</strong></span> <span class='ocrx_word' id='word_1_165' title='bbox 1142 2567 1244 2665; x_wconf 86' lang='lat' dir='ltr'><strong>digne</strong></span> <span class='ocrx_word' id='word_1_166' title='bbox 1280 2569 1479 2644; x_wconf 84' lang='lat' dir='ltr'><strong>Sanctorum</strong></span> <span class='ocrx_word' id='word_1_167' title='bbox 1506 2568 1661 2664; x_wconf 83' lang='lat' dir='ltr'><strong>catalogo</strong></span> 
     </span>
     <span class='ocr_line' id='line_1_18' title="bbox 115 2688 1662 2786; baseline -0.001 -19"><span class='ocrx_word' id='word_1_168' title='bbox 115 2689 292 2781; x_wconf 84' lang='lat' dir='ltr'><strong>,duximus</strong></span> <span class='ocrx_word' id='word_1_169' title='bbox 318 2688 562 2766; x_wconf 86' lang='lat' dir='ltr'><strong>ascribendum.</strong></span> <span class='ocrx_word' id='word_1_170' title='bbox 608 2688 769 2785; x_wconf 70' lang='lat' dir='ltr'><strong>Quocirca</strong></span> <span class='ocrx_word' id='word_1_171' title='bbox 803 2688 1019 2766; x_wconf 86' lang='lat' dir='ltr'><strong>universitati</strong></span> <span class='ocrx_word' id='word_1_172' title='bbox 1047 2693 1181 2767; x_wconf 86' lang='lat' dir='ltr'><strong>uestrae</strong></span> <span class='ocrx_word' id='word_1_173' title='bbox 1217 2713 1277 2786; x_wconf 91' lang='lat' dir='ltr'><strong>per</strong></span> <span class='ocrx_word' id='word_1_174' title='bbox 1310 2690 1498 2786; x_wconf 90' lang='lat' dir='ltr'><strong>apostolica</strong></span> <span class='ocrx_word' id='word_1_175' title='bbox 1533 2689 1662 2786; x_wconf 85' lang='lat' dir='ltr'><strong>scripta</strong></span> 
     </span>
     <span class='ocr_line' id='line_1_19' title="bbox 117 2812 1660 2910; baseline 0 -21"><span class='ocrx_word' id='word_1_176' title='bbox 117 2813 289 2904; x_wconf 88' lang='lat' dir='ltr'><strong>,districte</strong></span> <span class='ocrx_word' id='word_1_177' title='bbox 315 2813 552 2910; x_wconf 89' lang='lat' dir='ltr'><strong>praecipiendo</strong></span> <span class='ocrx_word' id='word_1_178' title='bbox 579 2812 788 2906; x_wconf 87' lang='lat' dir='ltr'><strong>mandamus,</strong></span> <span class='ocrx_word' id='word_1_179' title='bbox 826 2815 993 2907; x_wconf 71' lang='lat' dir='ltr'><strong>quiamnus</strong></span> <span class='ocrx_word' id='word_1_180' title='bbox 1020 2814 1144 2890; x_wconf 86' lang='lat' dir='ltr'><strong>Octauo</strong></span> <span class='ocrx_word' id='word_1_181' title='bbox 1171 2814 1254 2889; x_wconf 89' lang='lat' dir='ltr'><strong>Idus</strong></span> <span class='ocrx_word' id='word_1_182' title='bbox 1281 2813 1373 2907; x_wconf 88' lang='lat' dir='ltr'><strong>llaii,</strong></span> <span class='ocrx_word' id='word_1_183' title='bbox 1411 2815 1465 2891; x_wconf 90' lang='lat' dir='ltr'><strong>die</strong></span> <span class='ocrx_word' id='word_1_184' title='bbox 1491 2812 1660 2907; x_wconf 84' lang='lat' dir='ltr'><strong>uidelicet,</strong></span> 
     </span>
     <span class='ocr_line' id='line_1_20' title="bbox 117 2933 1661 3034; baseline 0.001 -24"><span class='ocrx_word' id='word_1_185' title='bbox 117 2960 197 3030; x_wconf 89' lang='lat' dir='ltr'><strong>,quo</strong></span> <span class='ocrx_word' id='word_1_186' title='bbox 223 2937 345 3012; x_wconf 91' lang='lat' dir='ltr'><strong>mortis</strong></span> <span class='ocrx_word' id='word_1_187' title='bbox 371 2937 546 3012; x_wconf 90' lang='lat' dir='ltr'><strong>absolutus</strong></span> <span class='ocrx_word' id='word_1_188' title='bbox 572 2933 717 3029; x_wconf 82' lang='lat' dir='ltr'><strong>uinculo,</strong></span> <span class='ocrx_word' id='word_1_189' title='bbox 755 2935 906 3012; x_wconf 84' lang='lat' dir='ltr'><strong>uicturus</strong></span> <span class='ocrx_word' id='word_1_190' title='bbox 942 2936 1136 3032; x_wconf 89' lang='lat' dir='ltr'><strong>perenniter</strong></span> <span class='ocrx_word' id='word_1_191' title='bbox 1167 2937 1210 3012; x_wconf 89' lang='lat' dir='ltr'><strong>ad</strong></span> <span class='ocrx_word' id='word_1_192' title='bbox 1237 2938 1364 3013; x_wconf 89' lang='lat' dir='ltr'><strong>fontom</strong></span> <span class='ocrx_word' id='word_1_193' title='bbox 1392 2959 1557 3034; x_wconf 87' lang='lat' dir='ltr'><strong>supernas</strong></span> <span class='ocrx_word' id='word_1_194' title='bbox 1584 2959 1661 3032; x_wconf 92' lang='lat' dir='ltr'><strong>pro·</strong></span> 
     </span>
     <span class='ocr_line' id='line_1_21' title="bbox 117 3057 1663 3156; baseline 0.001 -23"><span class='ocrx_word' id='word_1_195' title='bbox 117 3059 197 3150; x_wconf 91' lang='lat' dir='ltr'><strong>,diit</strong></span> <span class='ocrx_word' id='word_1_196' title='bbox 222 3057 421 3154; x_wconf 78' lang='lat' dir='ltr'><strong>voluptatis,</strong></span> <span class='ocrx_word' id='word_1_197' title='bbox 451 3059 577 3134; x_wconf 87' lang='lat' dir='ltr'><strong>festum</strong></span> <span class='ocrx_word' id='word_1_198' title='bbox 604 3057 764 3150; x_wconf 90' lang='lat' dir='ltr'><strong>eiusdem,</strong></span> <span class='ocrx_word' id='word_1_199' title='bbox 798 3060 897 3154; x_wconf 90' lang='lat' dir='ltr'><strong>prout</strong></span> <span class='ocrx_word' id='word_1_200' title='bbox 925 3057 1079 3134; x_wconf 88' lang='lat' dir='ltr'><strong>miranda</strong></span> <span class='ocrx_word' id='word_1_201' title='bbox 1106 3057 1213 3156; x_wconf 89' lang='lat' dir='ltr'><strong>ipsius</strong></span> <span class='ocrx_word' id='word_1_202' title='bbox 1240 3059 1436 3137; x_wconf 92' lang='lat' dir='ltr'><strong>meritorum</strong></span> <span class='ocrx_word' id='word_1_203' title='bbox 1462 3058 1663 3156; x_wconf 76' lang='lat' dir='ltr'><strong>magnitudo</strong></span> 
     </span>
     <span class='ocr_line' id='line_1_22' title="bbox 117 3178 1664 3279; baseline -0.001 -21"><span class='ocrx_word' id='word_1_204' title='bbox 117 3182 254 3279; x_wconf 75' lang='lat' dir='ltr'><strong>,exigit</strong></span> <span class='ocrx_word' id='word_1_205' title='bbox 293 3179 471 3258; x_wconf 91' lang='lat' dir='ltr'><strong>celebretis</strong></span> <span class='ocrx_word' id='word_1_206' title='bbox 506 3182 542 3256; x_wconf 89' lang='lat' dir='ltr'><strong>ot</strong></span> <span class='ocrx_word' id='word_1_207' title='bbox 573 3178 710 3256; x_wconf 84' lang='lat' dir='ltr'><strong>faciatis</strong></span> <span class='ocrx_word' id='word_1_208' title='bbox 746 3180 932 3256; x_wconf 87' lang='lat' dir='ltr'><strong>solenniter</strong></span> <span class='ocrx_word' id='word_1_209' title='bbox 967 3181 1151 3258; x_wconf 90' lang='lat' dir='ltr'><strong>celebrari:</strong></span> <span class='ocrx_word' id='word_1_210' title='bbox 1180 3183 1220 3258; x_wconf 92' lang='lat' dir='ltr'><strong>ut</strong></span> <span class='ocrx_word' id='word_1_211' title='bbox 1246 3181 1280 3258; x_wconf 95' lang='lat' dir='ltr'><strong>id</strong></span> <span class='ocrx_word' id='word_1_212' title='bbox 1308 3181 1401 3260; x_wconf 86' lang='lat' dir='ltr'><strong>robis</strong></span> <span class='ocrx_word' id='word_1_213' title='bbox 1427 3183 1468 3258; x_wconf 91' lang='lat' dir='ltr'><strong>ds</strong></span> <span class='ocrx_word' id='word_1_214' title='bbox 1493 3180 1664 3258; x_wconf 81' lang='lat' dir='ltr'><strong>thesauris</strong></span> 
     </span>
     <span class='ocr_line' id='line_1_23' title="bbox 117 3301 1663 3400; baseline -0.001 -19"><span class='ocrx_word' id='word_1_215' title='bbox 117 3303 335 3394; x_wconf 86' lang='lat' dir='ltr'><strong>,melestibus</strong></span> <span class='ocrx_word' id='word_1_216' title='bbox 369 3302 443 3380; x_wconf 90' lang='lat' dir='ltr'><strong>eius</strong></span> <span class='ocrx_word' id='word_1_217' title='bbox 469 3301 526 3398; x_wconf 87' lang='lat' dir='ltr'><strong>pia</strong></span> <span class='ocrx_word' id='word_1_218' title='bbox 553 3301 793 3379; x_wconf 82' lang='lat' dir='ltr'><strong>intercessione</strong></span> <span class='ocrx_word' id='word_1_219' title='bbox 829 3303 1016 3398; x_wconf 86' lang='lat' dir='ltr'><strong>proveniat,</strong></span> <span class='ocrx_word' id='word_1_220' title='bbox 1055 3304 1142 3399; x_wconf 89' lang='lat' dir='ltr'><strong>quod</strong></span> <span class='ocrx_word' id='word_1_221' title='bbox 1174 3303 1258 3400; x_wconf 89' lang='lat' dir='ltr'><strong>ipse,</strong></span> <span class='ocrx_word' id='word_1_222' title='bbox 1295 3305 1490 3400; x_wconf 87' lang='lat' dir='ltr'><strong>praestante</strong></span> <span class='ocrx_word' id='word_1_223' title='bbox 1516 3303 1663 3397; x_wconf 85' lang='lat' dir='ltr'><strong>(lhristo,</strong></span> 
     </span>
     <span class='ocr_line' id='line_1_24' title="bbox 117 3423 1663 3522; baseline 0 -20"><span class='ocrx_word' id='word_1_224' title='bbox 117 3425 325 3522; x_wconf 86' lang='lat' dir='ltr'><strong>,percopisss</strong></span> <span class='ocrx_word' id='word_1_225' title='bbox 350 3423 536 3500; x_wconf 89' lang='lat' dir='ltr'><strong>dinoscitur</strong></span> <span class='ocrx_word' id='word_1_226' title='bbox 562 3427 598 3501; x_wconf 92' lang='lat' dir='ltr'><strong>et</strong></span> <span class='ocrx_word' id='word_1_227' title='bbox 625 3423 794 3520; x_wconf 90' lang='lat' dir='ltr'><strong>possidere</strong></span> <span class='ocrx_word' id='word_1_228' title='bbox 822 3429 983 3521; x_wconf 89' lang='lat' dir='ltr'><strong>perpetuo</strong></span> <span class='ocrx_word' id='word_1_229' title='bbox 1010 3425 1188 3522; x_wconf 84' lang='lat' dir='ltr'><strong>gloriatur.</strong></span> <span class='ocrx_word' id='word_1_230' title='bbox 1225 3427 1402 3504; x_wconf 78' lang='lat' dir='ltr'><strong>Caeterum</strong></span> <span class='ocrx_word' id='word_1_231' title='bbox 1429 3425 1469 3502; x_wconf 91' lang='lat' dir='ltr'><strong>ut</strong></span> <span class='ocrx_word' id='word_1_232' title='bbox 1495 3425 1663 3503; x_wconf 85' lang='lat' dir='ltr'><strong>uniuersi·</strong></span> 
     </span>
     <span class='ocr_line' id='line_1_25' title="bbox 118 3545 1662 3645; baseline 0.002 -22"><span class='ocrx_word' id='word_1_233' title='bbox 118 3547 199 3638; x_wconf 86' lang='lat' dir='ltr'><strong>,tati</strong></span> <span class='ocrx_word' id='word_1_234' title='bbox 225 3546 379 3622; x_wconf 87' lang='lat' dir='ltr'><strong>fidelium</strong></span> <span class='ocrx_word' id='word_1_235' title='bbox 415 3545 598 3622; x_wconf 85' lang='lat' dir='ltr'><strong>invisibilis</strong></span> <span class='ocrx_word' id='word_1_236' title='bbox 625 3548 724 3623; x_wconf 90' lang='lat' dir='ltr'><strong>aulae</strong></span> <span class='ocrx_word' id='word_1_237' title='bbox 751 3547 974 3640; x_wconf 89' lang='lat' dir='ltr'><strong>consequendi</strong></span> <span class='ocrx_word' id='word_1_238' title='bbox 1003 3547 1153 3641; x_wconf 88' lang='lat' dir='ltr'><strong>delicias,</strong></span> <span class='ocrx_word' id='word_1_239' title='bbox 1191 3572 1235 3625; x_wconf 82' lang='lat' dir='ltr'><strong>ex</strong></span> <span class='ocrx_word' id='word_1_240' title='bbox 1262 3569 1419 3626; x_wconf 86' lang='lat' dir='ltr'><strong>concessa</strong></span> <span class='ocrx_word' id='word_1_241' title='bbox 1446 3548 1542 3625; x_wconf 93' lang='lat' dir='ltr'><strong>nobis</strong></span> <span class='ocrx_word' id='word_1_242' title='bbox 1568 3551 1662 3645; x_wconf 90' lang='lat' dir='ltr'><strong>pote·</strong></span> 
     </span>
     <span class='ocr_line' id='line_1_26' title="bbox 118 3667 1663 3765; baseline 0.003 -21"><span class='ocrx_word' id='word_1_243' title='bbox 118 3673 222 3760; x_wconf 87' lang='lat' dir='ltr'><strong>,state</strong></span> <span class='ocrx_word' id='word_1_244' title='bbox 249 3670 404 3764; x_wconf 87' lang='lat' dir='ltr'><strong>desuper,</strong></span> <span class='ocrx_word' id='word_1_245' title='bbox 441 3667 649 3765; x_wconf 82' lang='lat' dir='ltr'><strong>propitiante</strong></span> <span class='ocrx_word' id='word_1_246' title='bbox 681 3669 834 3762; x_wconf 89' lang='lat' dir='ltr'><strong>Domino,</strong></span> <span class='ocrx_word' id='word_1_247' title='bbox 873 3669 921 3744; x_wconf 89' lang='lat' dir='ltr'><strong>sit</strong></span> <span class='ocrx_word' id='word_1_248' title='bbox 947 3671 1106 3764; x_wconf 81' lang='lat' dir='ltr'><strong>facultas,</strong></span> <span class='ocrx_word' id='word_1_249' title='bbox 1143 3669 1294 3765; x_wconf 87' lang='lat' dir='ltr'><strong>quinimo</strong></span> <span class='ocrx_word' id='word_1_250' title='bbox 1321 3674 1357 3747; x_wconf 90' lang='lat' dir='ltr'><strong>et</strong></span> <span class='ocrx_word' id='word_1_251' title='bbox 1383 3673 1422 3748; x_wconf 95' lang='lat' dir='ltr'><strong>ut</strong></span> <span class='ocrx_word' id='word_1_252' title='bbox 1448 3694 1568 3748; x_wconf 89' lang='lat' dir='ltr'><strong>nomeu</strong></span> <span class='ocrx_word' id='word_1_253' title='bbox 1595 3672 1663 3748; x_wconf 91' lang='lat' dir='ltr'><strong>Do·</strong></span> 
     </span>
     <span class='ocr_line' id='line_1_27' title="bbox 119 3791 1664 3890; baseline 0.001 -22"><span class='ocrx_word' id='word_1_254' title='bbox 119 3791 217 3882; x_wconf 85' lang='lat' dir='ltr'><strong>,mini</strong></span> <span class='ocrx_word' id='word_1_255' title='bbox 244 3792 421 3868; x_wconf 82' lang='lat' dir='ltr'><strong>exaltetur</strong></span> <span class='ocrx_word' id='word_1_256' title='bbox 456 3791 636 3884; x_wconf 86' lang='lat' dir='ltr'><strong>altissimi,</strong></span> <span class='ocrx_word' id='word_1_257' title='bbox 673 3792 702 3867; x_wconf 91' lang='lat' dir='ltr'><strong>si</strong></span> <span class='ocrx_word' id='word_1_258' title='bbox 730 3794 851 3888; x_wconf 91' lang='lat' dir='ltr'><strong>sponte</strong></span> <span class='ocrx_word' id='word_1_259' title='bbox 878 3815 975 3868; x_wconf 90' lang='lat' dir='ltr'><strong>suam</strong></span> <span class='ocrx_word' id='word_1_260' title='bbox 1002 3793 1229 3870; x_wconf 84' lang='lat' dir='ltr'><strong>venerabilem</strong></span> <span class='ocrx_word' id='word_1_261' title='bbox 1265 3795 1477 3890; x_wconf 89' lang='lat' dir='ltr'><strong>sepulturam</strong></span> <span class='ocrx_word' id='word_1_262' title='bbox 1513 3793 1664 3870; x_wconf 87' lang='lat' dir='ltr'><strong>fidelium</strong></span> 
     </span>
     <span class='ocr_line' id='line_1_28' title="bbox 117 3913 1662 4012; baseline 0.001 -24"><span class='ocrx_word' id='word_1_263' title='bbox 117 3935 350 4011; x_wconf 89' lang='lat' dir='ltr'><strong>,procuremus</strong></span> <span class='ocrx_word' id='word_1_264' title='bbox 376 3913 566 3990; x_wconf 84' lang='lat' dir='ltr'><strong>accessibus</strong></span> <span class='ocrx_word' id='word_1_265' title='bbox 593 3913 822 4009; x_wconf 86' lang='lat' dir='ltr'><strong>frequentari:</strong></span> <span class='ocrx_word' id='word_1_266' title='bbox 851 3914 1007 3991; x_wconf 92' lang='lat' dir='ltr'><strong>omnibus</strong></span> <span class='ocrx_word' id='word_1_267' title='bbox 1034 3938 1110 3992; x_wconf 85' lang='lat' dir='ltr'><strong>uere</strong></span> <span class='ocrx_word' id='word_1_268' title='bbox 1137 3915 1390 4012; x_wconf 88' lang='lat' dir='ltr'><strong>poenitentibus</strong></span> <span class='ocrx_word' id='word_1_269' title='bbox 1424 3917 1461 3993; x_wconf 90' lang='lat' dir='ltr'><strong>et</strong></span> <span class='ocrx_word' id='word_1_270' title='bbox 1486 3915 1662 4008; x_wconf 86' lang='lat' dir='ltr'><strong>confessis,</strong></span> 
     </span>
     <span class='ocr_line' id='line_1_29' title="bbox 118 4035 1665 4134; baseline 0.001 -23"><span class='ocrx_word' id='word_1_271' title='bbox 118 4035 192 4131; x_wconf 86' lang='lat' dir='ltr'><strong>,qui</strong></span> <span class='ocrx_word' id='word_1_272' title='bbox 218 4037 262 4113; x_wconf 88' lang='lat' dir='ltr'><strong>ad</strong></span> <span class='ocrx_word' id='word_1_273' title='bbox 291 4035 415 4112; x_wconf 83' lang='lat' dir='ltr'><strong>dictmn</strong></span> <span class='ocrx_word' id='word_1_274' title='bbox 453 4036 666 4132; x_wconf 88' lang='lat' dir='ltr'><strong>sepulturam</strong></span> <span class='ocrx_word' id='word_1_275' title='bbox 702 4035 738 4111; x_wconf 89' lang='lat' dir='ltr'><strong>in</strong></span> <span class='ocrx_word' id='word_1_276' title='bbox 774 4040 955 4114; x_wconf 89' lang='lat' dir='ltr'><strong>memorato</strong></span> <span class='ocrx_word' id='word_1_277' title='bbox 991 4038 1078 4114; x_wconf 89' lang='lat' dir='ltr'><strong>festo</strong></span> <span class='ocrx_word' id='word_1_278' title='bbox 1114 4041 1149 4114; x_wconf 93' lang='lat' dir='ltr'><strong>et</strong></span> <span class='ocrx_word' id='word_1_279' title='bbox 1176 4061 1281 4132; x_wconf 89' lang='lat' dir='ltr'><strong>usque</strong></span> <span class='ocrx_word' id='word_1_280' title='bbox 1316 4037 1359 4113; x_wconf 89' lang='lat' dir='ltr'><strong>ad</strong></span> <span class='ocrx_word' id='word_1_281' title='bbox 1385 4039 1529 4114; x_wconf 80' lang='lat' dir='ltr'><strong>Octavus</strong></span> <span class='ocrx_word' id='word_1_282' title='bbox 1557 4037 1665 4134; x_wconf 91' lang='lat' dir='ltr'><strong>ipsius</strong></span> 
     </span>
     <span class='ocr_line' id='line_1_30' title="bbox 118 4156 1664 4257; baseline 0.001 -23"><span class='ocrx_word' id='word_1_283' title='bbox 118 4181 236 4248; x_wconf 86' lang='lat' dir='ltr'><strong>,causa</strong></span> <span class='ocrx_word' id='word_1_284' title='bbox 263 4156 453 4235; x_wconf 82' lang='lat' dir='ltr'><strong>deuotionis</strong></span> <span class='ocrx_word' id='word_1_285' title='bbox 480 4157 684 4234; x_wconf 86' lang='lat' dir='ltr'><strong>accesserint</strong></span> <span class='ocrx_word' id='word_1_286' title='bbox 710 4159 900 4252; x_wconf 89' lang='lat' dir='ltr'><strong>annuatim,</strong></span> <span class='ocrx_word' id='word_1_287' title='bbox 929 4159 1037 4255; x_wconf 91' lang='lat' dir='ltr'><strong>ipsius</strong></span> <span class='ocrx_word' id='word_1_288' title='bbox 1064 4159 1227 4257; x_wconf 81' lang='lat' dir='ltr'><strong>suffragia</strong></span> <span class='ocrx_word' id='word_1_289' title='bbox 1253 4158 1407 4256; x_wconf 88' lang='lat' dir='ltr'><strong>petituri,</strong></span> <span class='ocrx_word' id='word_1_290' title='bbox 1436 4161 1477 4236; x_wconf 89' lang='lat' dir='ltr'><strong>da</strong></span> <span class='ocrx_word' id='word_1_291' title='bbox 1503 4159 1664 4256; x_wconf 88' lang='lat' dir='ltr'><strong>Omnipo-</strong></span> 
     </span>
     <span class='ocr_line' id='line_1_31' title="bbox 117 4279 1666 4378; baseline 0.002 -22"><span class='ocrx_word' id='word_1_292' title='bbox 117 4279 239 4370; x_wconf 86' lang='lat' dir='ltr'><strong>,tentis</strong></span> <span class='ocrx_word' id='word_1_293' title='bbox 264 4279 329 4356; x_wconf 87' lang='lat' dir='ltr'><strong>Ilei</strong></span> <span class='ocrx_word' id='word_1_294' title='bbox 357 4279 586 4358; x_wconf 88' lang='lat' dir='ltr'><strong>misericordia</strong></span> <span class='ocrx_word' id='word_1_295' title='bbox 611 4283 648 4357; x_wconf 90' lang='lat' dir='ltr'><strong>ot</strong></span> <span class='ocrx_word' id='word_1_296' title='bbox 673 4282 847 4357; x_wconf 88' lang='lat' dir='ltr'><strong>beatorum</strong></span> <span class='ocrx_word' id='word_1_297' title='bbox 874 4281 967 4360; x_wconf 89' lang='lat' dir='ltr'><strong>Petri</strong></span> <span class='ocrx_word' id='word_1_298' title='bbox 995 4284 1031 4358; x_wconf 92' lang='lat' dir='ltr'><strong>et</strong></span> <span class='ocrx_word' id='word_1_299' title='bbox 1057 4281 1156 4358; x_wconf 91' lang='lat' dir='ltr'><strong>Pauli</strong></span> <span class='ocrx_word' id='word_1_300' title='bbox 1183 4280 1424 4378; x_wconf 83' lang='lat' dir='ltr'><strong>Apostolorum</strong></span> <span class='ocrx_word' id='word_1_301' title='bbox 1451 4282 1524 4358; x_wconf 89' lang='lat' dir='ltr'><strong>eius</strong></span> <span class='ocrx_word' id='word_1_302' title='bbox 1550 4284 1666 4359; x_wconf 82' lang='lat' dir='ltr'><strong>aucto·</strong></span> 
     </span>
     <span class='ocr_line' id='line_1_32' title="bbox 117 4401 1666 4500; baseline 0.004 -26"><span class='ocrx_word' id='word_1_303' title='bbox 117 4402 236 4492; x_wconf 92' lang='lat' dir='ltr'><strong>,ritate</strong></span> <span class='ocrx_word' id='word_1_304' title='bbox 263 4401 403 4495; x_wconf 88' lang='lat' dir='ltr'><strong>confisi,</strong></span> <span class='ocrx_word' id='word_1_305' title='bbox 442 4426 547 4478; x_wconf 91' lang='lat' dir='ltr'><strong>unum</strong></span> <span class='ocrx_word' id='word_1_306' title='bbox 583 4426 710 4478; x_wconf 88' lang='lat' dir='ltr'><strong>aunum</strong></span> <span class='ocrx_word' id='word_1_307' title='bbox 746 4405 781 4478; x_wconf 89' lang='lat' dir='ltr'><strong>at</strong></span> <span class='ocrx_word' id='word_1_308' title='bbox 808 4403 1037 4500; x_wconf 85' lang='lat' dir='ltr'><strong>quadraginta</strong></span> <span class='ocrx_word' id='word_1_309' title='bbox 1071 4405 1162 4494; x_wconf 89' lang='lat' dir='ltr'><strong>dios;</strong></span> <span class='ocrx_word' id='word_1_310' title='bbox 1199 4404 1435 4481; x_wconf 90' lang='lat' dir='ltr'><strong>accedentibus</strong></span> <span class='ocrx_word' id='word_1_311' title='bbox 1462 4427 1539 4481; x_wconf 88' lang='lat' dir='ltr'><strong>uero</strong></span> <span class='ocrx_word' id='word_1_312' title='bbox 1565 4403 1666 4480; x_wconf 90' lang='lat' dir='ltr'><strong>anuis</strong></span> 
     </span>
     <span class='ocr_line' id='line_1_33' title="bbox 118 4523 1665 4622; baseline 0.003 -24"><span class='ocrx_word' id='word_1_313' title='bbox 118 4523 284 4621; x_wconf 86' lang='lat' dir='ltr'><strong>,singulis</strong></span> <span class='ocrx_word' id='word_1_314' title='bbox 310 4525 352 4600; x_wconf 89' lang='lat' dir='ltr'><strong>ad</strong></span> <span class='ocrx_word' id='word_1_315' title='bbox 379 4524 585 4620; x_wconf 85' lang='lat' dir='ltr'><strong>praedictam</strong></span> <span class='ocrx_word' id='word_1_316' title='bbox 622 4525 832 4621; x_wconf 89' lang='lat' dir='ltr'><strong>sepulturam</strong></span> <span class='ocrx_word' id='word_1_317' title='bbox 864 4525 955 4601; x_wconf 85' lang='lat' dir='ltr'><strong>infra</strong></span> <span class='ocrx_word' id='word_1_318' title='bbox 981 4526 1129 4602; x_wconf 89' lang='lat' dir='ltr'><strong>eiusdem</strong></span> <span class='ocrx_word' id='word_1_319' title='bbox 1157 4526 1240 4602; x_wconf 88' lang='lat' dir='ltr'><strong>festi</strong></span> <span class='ocrx_word' id='word_1_320' title='bbox 1268 4527 1483 4622; x_wconf 88' lang='lat' dir='ltr'><strong>quindenam,</strong></span> <span class='ocrx_word' id='word_1_321' title='bbox 1521 4529 1665 4622; x_wconf 84' lang='lat' dir='ltr'><strong>quadra·</strong></span> 
     </span>
     <span class='ocr_line' id='line_1_34' title="bbox 119 4645 1666 4743; baseline 0.003 -23"><span class='ocrx_word' id='word_1_322' title='bbox 119 4645 233 4741; x_wconf 80' lang='lat' dir='ltr'><strong>,ginta</strong></span> <span class='ocrx_word' id='word_1_323' title='bbox 269 4645 352 4739; x_wconf 92' lang='lat' dir='ltr'><strong>dies,</strong></span> <span class='ocrx_word' id='word_1_324' title='bbox 392 4645 433 4722; x_wconf 89' lang='lat' dir='ltr'><strong>de</strong></span> <span class='ocrx_word' id='word_1_325' title='bbox 468 4645 623 4722; x_wconf 87' lang='lat' dir='ltr'><strong>iniuncta</strong></span> <span class='ocrx_word' id='word_1_326' title='bbox 657 4646 721 4723; x_wconf 91' lang='lat' dir='ltr'><strong>sibi</strong></span> <span class='ocrx_word' id='word_1_327' title='bbox 759 4647 968 4743; x_wconf 86' lang='lat' dir='ltr'><strong>poenitentia</strong></span> <span class='ocrx_word' id='word_1_328' title='bbox 1004 4647 1263 4724; x_wconf 89' lang='lat' dir='ltr'><strong>misericorditer</strong></span> <span class='ocrx_word' id='word_1_329' title='bbox 1289 4650 1496 4726; x_wconf 84' lang='lat' dir='ltr'><strong>relaxamus.</strong></span> <span class='ocrx_word' id='word_1_330' title='bbox 1540 4651 1666 4724; x_wconf 85' lang='lat' dir='ltr'><strong>Datum</strong></span> 
     </span>
     <span class='ocr_line' id='line_1_35' title="bbox 119 4766 1660 4863; baseline 0.003 -21"><span class='ocrx_word' id='word_1_331' title='bbox 119 4766 271 4862; x_wconf 69' lang='lat' dir='ltr'><strong>,desisii</strong></span> <span class='ocrx_word' id='word_1_332' title='bbox 309 4767 524 4863; x_wconf 75' lang='lat' dir='ltr'><strong>Quindeoinro</strong></span> <span class='ocrx_word' id='word_1_333' title='bbox 551 4768 715 4845; x_wconf 81' lang='lat' dir='ltr'><strong>calendas</strong></span> <span class='ocrx_word' id='word_1_334' title='bbox 748 4769 911 4862; x_wconf 89' lang='lat' dir='ltr'><strong>Octobris,</strong></span> <span class='ocrx_word' id='word_1_335' title='bbox 940 4769 1164 4846; x_wconf 88' lang='lat' dir='ltr'><strong>Pontificatus</strong></span> <span class='ocrx_word' id='word_1_336' title='bbox 1191 4770 1296 4848; x_wconf 89' lang='lat' dir='ltr'><strong>nostri</strong></span> <span class='ocrx_word' id='word_1_337' title='bbox 1326 4770 1425 4849; x_wconf 85' lang='lat' dir='ltr'><strong>Anno</strong></span> <span class='ocrx_word' id='word_1_338' title='bbox 1452 4769 1660 4849; x_wconf 59' lang='lat' dir='ltr'><strong>undecimo!</strong></span> 
     </span>
    </p>
   </div>
   <div class='ocr_carea' id='block_1_4' title="bbox 218 5029 1318 5125">
    <p class='ocr_par' dir='ltr' id='par_1_4' title="bbox 218 5029 1318 5125">
     <span class='ocr_line' id='line_1_36' title="bbox 218 5029 1318 5125; baseline 0.002 -31"><span class='ocrx_word' id='word_1_339' title='bbox 218 5029 245 5110; x_wconf 91' lang='lat'><strong>¹)</strong></span> <span class='ocrx_word' id='word_1_340' title='bbox 268 5031 403 5094; x_wconf 85' lang='lat' dir='ltr'><strong>fiduciam</strong></span> <span class='ocrx_word' id='word_1_341' title='bbox 428 5039 458 5093; x_wconf 88' lang='lat' dir='ltr'><strong>et</strong></span> <span class='ocrx_word' id='word_1_342' title='bbox 480 5031 640 5096; x_wconf 86' lang='lat' dir='ltr'><strong>subsidium</strong></span> <span class='ocrx_word' id='word_1_343' title='bbox 668 5029 739 5094; x_wconf 78' lang='lat' dir='ltr'><strong>Ood.</strong></span> <span class='ocrx_word' id='word_1_344' title='bbox 762 5032 854 5094; x_wconf 78' lang='lat' dir='ltr'><strong>Roar.</strong></span> <span class='ocrx_word' id='word_1_345' title='bbox 895 5029 922 5111; x_wconf 73' lang='lat'><strong>⁹)</strong></span> <span class='ocrx_word' id='word_1_346' title='bbox 945 5033 1110 5125; x_wconf 86' lang='lat' dir='ltr'><strong>eorundem</strong></span> <span class='ocrx_word' id='word_1_347' title='bbox 1130 5033 1201 5097; x_wconf 75' lang='lat' dir='ltr'><strong>soa.</strong></span> <span class='ocrx_word' id='word_1_348' title='bbox 1224 5034 1318 5098; x_wconf 76' lang='lat' dir='ltr'><strong>Rosr.</strong></span> 
     </span>
    </p>
   </div>
   <div class='ocr_carea' id='block_1_5' title="bbox 0 0 2083 6292">
    <p class='ocr_par' dir='ltr' id='par_1_5' title="bbox 0 0 2083 6292">
     <span class='ocr_line' id='line_1_37' title="bbox 0 0 2083 6292; baseline 0 0"><span class='ocrx_word' id='word_1_349' title='bbox 0 0 2083 6292; x_wconf 95' lang='lat' dir='ltr'><strong> </strong></span> 
     </span>
    </p>
   </div>
  </div>
 </body>
</html>
