4246 6274
403 517 452 592 aa
604 471 608 478 ’
1022 538 1133 593 arara
1160 537 1333 602 caranus.
1695 512 1758 632 <a
1776 515 1954 614 umam

401 724 583 818 Huugaros
610 723 805 800 donativum
832 746 989 818 erogare:
1020 728 1248 818 veneruntque
1276 725 1329 800 illi
1358 725 1393 800 in
1420 725 1621 822 suffragium
1641 727 1664 820 ¹)
1691 725 1855 803 iuhieme
1871 726 1955 802 anui

401 845 551 919 eiusdem
579 845 644 920 duo
671 845 835 940 germani,
864 846 1021 920 videlicet
1048 847 1226 920 Boleslaus
1258 847 1484 922 cracoviensis
1512 850 1549 920 et
1573 847 1741 923 blasoviae
1766 851 1803 922 et
1828 848 1953 940 Henri-

402 989 460 1041 cus
488 967 768 1042 Sandomiriensis
803 968 911 1042 Duces
946 989 1022 1042 cum
1054 967 1214 1062 gentibus
1241 971 1277 1043 et
1303 969 1470 1042 militibus
1497 969 1587 1057 suis;
1625 969 1766 1044 veniunt
1794 970 1828 1043 et
1855 970 1953 1044 Hun-

402 1088 489 1182 gari,
517 1088 718 1184 integraque
754 1088 863 1163 hieme
896 1089 986 1182 apud
1014 1088 1113 1162 illum
1129 1088 1156 1182 Ἰ)
1185 1089 1365 1181 immorati,
1404 1071 1446 1164 ad
1473 1091 1716 1166 decernendum
1743 1112 1819 1166 cum
1846 1091 1953 1166 hosti-

401 1212 463 1284 bus
490 1210 691 1285 adversariis
727 1211 798 1284 suis
833 1212 1045 1302 aestuabant,
1084 1210 1205 1304 positis
1241 1211 1329 1286 circa
1363 1211 1558 1306 Gaemyerin
1575 1211 1601 1306 8)
1633 1211 1782 1286 stativis.
1828 1213 1954 1286 Verum

363 1418 366 1422 ,
401 1331 554 1406 videntes
582 1355 658 1407 curn
685 1333 883 1407 cunctanter
910 1331 1021 1404 omnia
1048 1354 1149 1426 agere
1176 1334 1210 1406 et
1237 1333 1345 1408 virum
1374 1333 1533 1428 pavidum
1551 1355 1635 1424 esse,
1663 1336 1735 1408 tam
1761 1335 1870 1408 Duces
1888 1336 1953 1408 Po-

401 1455 554 1528 lonorum
582 1454 758 1528 Boleslaus
785 1455 820 1526 et
846 1453 1024 1543 Hannone,
1054 1475 1154 1543 quam
1180 1453 1418 1548 Hungarorum
1446 1455 1561 1549 copiae
1588 1455 1718 1530 faciunt
1744 1457 1786 1528 ab
1812 1479 1850 1530 eo
1882 1455 1952 1528 dis-

402 1573 602 1650 cessionem:
630 1597 696 1666 quo
723 1575 831 1648 Duces
858 1573 1002 1648 Russiae
1020 1575 1200 1668 comperto,
1229 1575 1370 1650 veniunt
1393 1577 1509 1650 contra
1536 1575 1646 1665 illum,
1675 1575 1832 1652 videlicet
1848 1575 1953 1652 Geor·

402 1695 480 1788 gius
507 1696 585 1768 Dux
611 1694 813 1790 Kyoviensis
840 1716 916 1768 cum
943 1695 1071 1770 duobus
1108 1695 1190 1768 liliis
1226 1697 1420 1770 Rosczislao
1447 1700 1482 1772 et
1507 1695 1653 1787 Andrea,
1682 1697 1765 1771 item
1792 1697 1954 1792 ercze-

402 1819 495 1890 slaus
510 1813 538 1911 ⁴)
565 1817 673 1890 frater
691 1815 838 1911 Georgii,
868 1817 1048 1910 pluresque
1067 1816 1125 1890 alii
1144 1818 1255 1892 Duces
1274 1817 1459 1893 auxiliares
1474 1819 1512 1910 ⁵),
1541 1820 1576 1894 et
1593 1817 1747 1894 obsident
1765 1819 1954 1894 Isaaslaum

402 1937 436 2010 in
464 1939 626 2029 Lucnslro,
655 1962 722 2012 non
749 1937 898 2012 sinentes
924 1937 1054 2028 aliquid
1072 1939 1115 2012 ad
1134 1941 1285 2014 obsessos
1313 1939 1500 2034 importari.
1530 1940 1613 2015 Gum
1639 1942 1754 2016 autem
1781 1941 1955 2015 Isaaslaus

404 2058 532 2132 diutius
559 2058 763 2133 obsidionem
792 2060 981 2150 tolerasset,
1010 2059 1171 2134 arrferunt
1198 2060 1250 2133 illi
1279 2061 1389 2136 Duces
1421 2083 1518 2136 usum
1546 2083 1665 2152 aquae.
1710 2061 1781 2155 Qua
1808 2061 1955 2138 necessi·

404 2182 487 2271 tate,
516 2179 785 2274 difficultateque
812 2181 982 2256 Isuaslaus
1009 2204 1085 2256 cum
1112 2181 1184 2256 suis
1212 2184 1395 2276 perculsus,
1426 2205 1552 2276 pacem,
1580 2204 1682 2275 quam
1708 2183 1794 2256 alias
1820 2205 1955 2277 spreve-

405 2305 471 2391 rat,
510 2323 569 2395 per
595 2302 895 2378 Wlodimirlronem
935 2304 1061 2376 Ducem
1096 2303 1206 2397 coepit
1243 2307 1377 2398 petere:
1415 2303 1510 2377 ouius
1546 2303 1703 2397 petitioni
1738 2304 1955 2380 Roscaislaus

403 2421 496 2496 filius
522 2422 658 2517 Georgii
686 2424 887 2518 Kvoviensis
914 2427 949 2500 et
975 2424 1141 2519 Georgius
1168 2424 1260 2498 filius
1288 2425 1429 2500 Iaroslai
1456 2427 1564 2502 Duces
1583 2425 1855 2502 adversabantur.
1883 2424 1955 2500 An·

404 2544 484 2619 drea
509 2567 586 2619 vero
614 2544 685 2619 filio
712 2533 849 2639 Georgii
867 2545 1071 2640 Kpoviensis
1088 2545 1235 2640 urrisu
1264 2568 1378 2640 pacem
1405 2546 1477 2620 dari
1506 2546 1647 2640 petitam
1676 2547 1898 2640 persuadente
1912 2546 1954 2640 ⁹),

404 2664 570 2760 Georgius
597 2665 798 2760 Kpoviensis
833 2668 912 2740 Dux
948 2688 1024 2740 cum
1060 2667 1202 2742 caeteris
1237 2668 1386 2742 Ducibus
1417 2667 1561 2743 Rurssiae
1588 2668 1624 2742 iu
1652 2667 1725 2742 eius
1752 2667 1958 2743 sententiam

403 2788 539 2878 vadens,
571 2809 692 2881 pacem
720 2811 796 2863 cum
822 2788 972 2862 Iszaslao
1008 2787 1143 2866 coniicit
1174 2790 1208 2863 et
1235 2811 1309 2863 eam
1346 2789 1458 2864 tirmat
1495 2788 1719 2881 iurelurando,
1757 2790 1957 2880 solvensque

406 2908 610 2984 obsidionem
639 2909 673 2983 in
700 2909 806 3004 Kpov
832 2910 1066 3003 revertiturll.

508 3029 550 3103 ln
576 3029 717 3105 concilio
752 3051 813 3104 seu
839 3031 971 3125 Synodo
998 3031 1149 3126 generali
1177 3030 1335 3106 Remeusi
1367 3055 1427 3126 pro
1454 3031 1561 3108 medio
1588 3031 1869 3127 Quadragesimae
1897 3055 1959 3128 per

405 3149 597 3244 Eugenium
632 3151 773 3227 tertium
809 3153 988 3242 celebrata,
1027 3153 1137 3228 iunior
1169 3151 1347 3244 Henricus,
1385 3152 1442 3245 qui
1470 3153 1560 3248 patri
1586 3156 1804 3246 successerat,
1841 3153 1957 3229 missis

405 3272 537 3346 nuntiis
570 3295 645 3347 cum
682 3274 776 3348 bulla
811 3295 924 3364 aurea,
961 3277 996 3350 ot
1032 3274 1305 3349 sublimationem
1342 3292 1438 3349 suam
1474 3275 1517 3350 ad
1552 3275 1744 3350 Romanum
1769 3275 1956 3370 Imperium

405 3397 517 3488 Papae
542 3393 726 3489 significat,
756 3395 791 3469 et
808 3395 978 3486 querelam
1005 3398 1121 3470 contra
1148 3398 1217 3472 tres
1245 3397 1354 3472 Duces
1376 3397 1544 3488 Poloniae,
1574 3397 1733 3474 videlicet
1750 3397 1956 3488 Boleslaum‚

405 3516 629 3610 Myecaslaum
657 3517 691 3590 et
718 3515 903 3590 Henricum
938 3516 1087 3610 deponit,
1126 3519 1214 3609 quod
1250 3519 1408 3608 quartum
1445 3519 1586 3594 fratrom
1622 3540 1721 3593 suum
1757 3541 1958 3613 germanum

404 3636 632 3714 Wladislaum
660 3635 695 3710 iu
722 3637 841 3731 Regno
876 3636 1053 3712 dividendo
1087 3637 1122 3712 in
1150 3641 1238 3714 sorte
1275 3660 1336 3714 sua
1371 3639 1406 3714 et
1442 3639 1594 3734 portione
1630 3661 1693 3715 sua
1726 3641 1955 3730 excluserant.

405 3757 612 3851 Querebatur
646 3760 682 3832 et
716 3760 833 3833 contra
868 3759 1027 3834 Iacobum
1063 3759 1350 3855 arehiepiscopum
1386 3759 1615 3836 Gnesnensem
1656 3761 1956 3855 metropolitanum

404 3879 574 3970 Poloniae,
602 3881 638 3958 ot
663 3879 748 3954 alios
775 3879 947 3975 episcopos
974 3880 1133 3956 Poloniae
1160 3883 1389 3976 suffraganeos
1417 3904 1494 3957 suos
1509 3881 1549 3975 ⁹),
1578 3882 1735 3958 videlicet
1761 3883 1957 3958 Mathaeum

404 4001 664 4090 Grucoviensem,
692 4001 855 4094 Magnum
882 4001 1214 4092 wratislaviensem,
1248 4003 1454 4097 suidgerum
1483 4001 1756 4092 Grusvicieusem,
1784 4003 1956 4076 Bemhar·

406 4123 485 4196 dum
521 4123 783 4212 Irubuczensem,
812 4123 1051 4217 Boguphalum
1072 4121 1115 4216 ¹⁰)
1151 4123 1425 4216 Posnanieusem,
1462 4124 1694 4200 Alexandrum
1730 4124 1957 4216 Ploeueusem,

406 4244 494 4335 quod
522 4244 638 4318 contra
664 4241 897 4318 iusiurandum
924 4243 1014 4338 patri
1042 4265 1102 4318 suo
1129 4244 1212 4318 Duci
1239 4247 1395 4322 Boleslao
1423 4245 1635 4342 praestitum,
1665 4245 1700 4319 in
1727 4243 1956 4321 exclusionem

406 4365 551 4460 praefati
578 4363 681 4438 Ducis
709 4362 890 4440 Wladislai
918 4366 1178 4441 consensissent.

492 4640 539 4721 ‘¹)
562 4643 700 4704 cumdum
734 4641 804 4705 God.
828 4642 919 4704 noer.
960 4642 986 4722 Ω)
1009 4661 1074 4704 eum
1108 4643 1179 4707 God.
1202 4644 1295 4706 Recr.
1334 4643 1363 4723 ³)
1387 4643 1560 4705 Orieniiemi
1592 4642 1664 4706 Ood.
1694 4642 1787 4705 Recr.
1818 4643 1959 4706 Gaeruie·

406 4749 461 4810 iou
484 4745 544 4808 Ed.
567 4749 663 4808 Dobr.
695 4744 721 4825 ⁴)
744 4749 923 4809 Venceslaus
946 4751 1005 4808 Ed.
1029 4751 1124 4810 Dobr.
1165 4746 1192 4832 ⁵)
1216 4757 1247 4810 ot
1269 4751 1458 4810 auxiliatores
1489 4751 1548 4809 Ed.
1571 4749 1665 4809 Dobr.
1705 4745 1734 4823 Β)
1757 4749 1849 4808 Ducis
1879 4750 1958 4810 deest

406 4857 440 4914 ia
467 4853 537 4915 Oovl.
560 4851 634 4913 Aut.
676 4849 704 4922 ⁷)
727 4853 869 4912 suadente
896 4852 966 4914 Cod.
990 4855 1082 4914 Recr.
1122 4851 1247 4932 ⁸)Rem
1268 4854 1347 4913 lianc
1370 4854 1405 4914 de
1426 4854 1601 4930 expulsione
1631 4852 1748 4912 [raalai
1777 4853 1960 4927 saracena

406 4958 504 5018 Ducis
526 4958 562 5016 da
586 4955 679 5017 Codrl.
702 4954 777 5015 Aut.
804 4955 886 5016 Galo.
913 4956 1007 5018 Ciesc.
1031 4957 1071 5016 ad
1093 4975 1212 5016 cauam
1234 4961 1312 5016 1117
1335 4961 1529 5031 annotatam,
1564 4955 1655 5016 douc.
1679 4956 1772 5014 Recr.
1795 4957 1864 5017 Lis.
1886 4957 1958 5032 usp.

405 5063 530 5133 itemque
553 5061 612 5120 Ed.
637 5062 731 5122 Dotr.
754 5061 842 5136 Lips.
864 5064 975 5121 rectius
997 5061 1038 5120 ad
1060 5078 1180 5120 aucam
1202 5065 1280 5121 1119
1300 5066 1437 5137 ponant:
1459 5077 1532 5120 aum
1555 5064 1582 5119 ct
1603 5061 1797 5120 caucasiae
1816 5059 1958 5122 Aaaalca

406 5165 617 5226 Ratteaorum
638 5164 755 5237 sectam
776 5166 829 5226 boc
851 5181 934 5226 uano
955 5169 1032 5226 1149
1053 5167 1183 5228 amosa
1211 5170 1356 5227 narraret.
1394 5163 1422 5244 9)
1444 5167 1523 5226 illius
1557 5163 1627 5224 Oool.
1661 5164 1754 5226 Rorr.
1793 5161 1836 5243 ¹⁰)
1859 5165 1958 5239 Bogu-

405 5270 545 5332 cbvvalum
572 5269 642 5332 dod.
664 5270 758 5332 Rocr.
1046 5277 1048 5282 ’
