4172 6278
145 480 271 576 (Αῖῠί
291 481 409 576 izos.)
765 504 878 556 mann
905 504 1058 557 sexsus.
1620 488 1691 558 179

143 689 220 770 ritia
236 689 312 770 'imo
339 694 381 766 ab
408 690 555 768 infantia
581 690 734 766 nutritus
760 693 795 767 et
822 691 985 782 eruditus,
1016 691 1051 766 in
1078 692 1319 768 torneamentis
1346 693 1563 784 exercitatus,
1594 693 1693 768 mori·

143 815 201 890 bus
227 812 422 908 corapositis
449 811 581 888 cunctis
608 811 867 907 praeeminebat,
906 836 1101 908 pauperurn,
1137 837 1381 910 oppressorum,
1421 814 1609 906 uiduarum,
1639 837 1692 892 or·

142 936 325 1032 planorum
361 933 599 1030 sagacissimus
632 934 765 1008 auditor
791 938 826 1008 et
854 937 1032 1029 protector.
1079 934 1181 1009 durius
1209 939 1316 1010 rnorte
1344 938 1459 1012 secuta
1484 941 1521 1012 'et
1550 936 1695 1032 impedi·¹

142 1060 250 1134 ruente
278 1058 413 1134 sublato
434 1057 468 1152 ¹),
507 1056 601 1132 ruissi
629 1057 800 1151 extemplo
837 1056 1081 1132 Sandorniriam
1119 1059 1160 1131 ad
1187 1060 1390 1133 Lestlonern
1427 1058 1553 1136 Album
1580 1059 1692 1134 nuntii

140 1179 307 1256 decretum
334 1179 374 1254 de
401 1201 439 1253 eo
466 1179 649 1252 uniuersali
679 1201 841 1254 consensu
869 1180 998 1254 facturn
1026 1179 1210 1273 publicant,
1241 1181 1408 1274 simulque
1435 1185 1544 1271 orauit,
1574 1184 1613 1256 ut
1639 1205 1691 1256 so·

139 1301 221 1378 lium
249 1304 426 1396 paternum
455 1324 520 1376 nou
548 1303 726 1376 cunctetur
760 1303 795 1374 et
832 1300 980 1395 accipere
999 1304 1043 1375 'et
1070 1303 1307 1393 corrsceudere,
1346 1303 1455 1398 usuagis
1482 1304 1645 1378 hactenus
1673 1326 1694 1378 a

140 1421 327 1498 Wladislao
354 1421 644 1517 Mpeccslauicul)
687 1423 837 1516 potentia
864 1421 994 1498 Nicolai
1026 1422 1170 1517 palatini
1203 1424 1430 1500 bracariensis
1458 1448 1532 1499 auur
1561 1425 1611 1500 sui
1640 1425 1702 1498 in·'

138 1543 223 1620 iuria
250 1548 461 1640 occupatum,
500 1561 601 1635 quarn
630 1543 745 1636 aliquo
773 1544 844 1618 iure
872 1544 1042 1640 legitimo
1062 1567 1261 1639 possessum.
1307 1545 1371 1640 duri
1399 1550 1469 1620 tarn
1497 1547 1692 1622 Graccurien-¹

138 1669 222 1742 sium
251 1667 416 1762 precibus,
447 1680 556 1757 ¹quam
594 1687 729 1741 suorum
766 1669 929 1746 baronum
963 1667 1286 1741 Sandornirieusiuur
1323 1669 1474 1746 consitiis
1511 1669 1691 1762 pervictus,

137 1789 327 1868 dracouiaru
356 1789 547 1881 adveniente,
577 1793 619 1864 ab
648 1789 813 1864 urriuersis
847 1789 1029 1881 ordinibus,
1055 1789 1272 1884 'statibusque
1300 1790 1385 1864 ruira
1413 1790 1692 1882 fida‚aarade-

137 1913 267 1988 actione
296 1912 481 1989 ethonore
509 1913 683 2007 exceptus,
721 1911 972 1988 dracouieusern
1001 1911 1200 2006 asclipisoitur
1235 1913 1469 2008 Principalem
1497 1915 1531 1986 et
1559 1913 1691 1990 Wladi-

137 2036 243 2111 slaum
270 2034 519 2130 Mpecaslauica
535 2032 563 2128 3)
590 2033 728 2112 Maioris
765 2033 922 2112 Polouiae
958 2035 1082 2108 Ducem
1119 2039 1154 2108 et
1187 2035 1400 2129 capitaneos,
1439 2037 1692 2130 pumicatusque
1750 2133 1753 2138 Ι

128 2181 210 2233 snos
236 2159 278 2232 de
308 2157 367 2232 illo
394 2159 524 2252 effugat
551 2160 585 2232 et
612 2157 783 2245 exturbat,
812 2159 846 2230 et
874 2157 1156 2232 orrrnescivitutes
1184 2157 1331 2231 ruuuitas
1360 2162 1395 2231 et
1422 2161 1544 2248 castra,
1574 2159 1690 2232 furen-

136 2281 224 2354 tibus
251 2279 399 2374 siugulis
425 2279 498 2355 eius
527 2279 676 2374 irnperio,
716 2279 884 2354 insuam
921 2279 1046 2373 redigit
1077 2282 1293 2372 potestatem.
1342 2279 1550 2356 Wladislaus
1577 2283 1690 2356 autern

135 2401 384 2497 Mpeozslauicc
400 2401 438 2497 ⁴),
468 2401 525 2496 qui
553 2401 768 2497 Lpaslrouogi
797 2411 934 2496 propter
961 2401 1119 2474 tibiarum
1140 2401 1387 2497 longitudinem
1415 2403 1609 2497 appellatus
1627 2406 1690 2492 ost,

136 2523 270 2600 Maioris
299 2523 458 2600 Poloniae
485 2524 575 2615 Dux,
604 2523 825 2618 ignominiam
849 2526 884 2598 et
903 2522 1061 2597 iniuriam
1090 2539 1195 2614 suam,
1225 2547 1299 2598 curn
1328 2528 1417 2599 esset
1443 2523 1494 2598 vir
1524 2525 1692 2598 rruodestus

135 2649 168 2720 et
193 2645 366 2743 pacificus,
396 2645 566 2740 patienter
593 2647 715 2739 ferens,
746 2646 779 2719 in
808 2645 1012 2720 Posuauiam
1040 2668 1115 2720 oum
1143 2645 1213 2719 suis
1240 2646 1389 2736 secessit,
1419 2649 1453 2721 et
1480 2647 1613 2720 Ducatu
1632 2670 1692 2720 suo

136 2771 322 2860 contentus,
352 2767 603 2842 Oraoovienseru
629 2769 797 2844 Ducaturu
825 2770 976 2862 repetere
992 2768 1248 2863 ''uon‘apposult
1264 2768 1303 2863 ⁵).
1333 2768 1443 2842 Mittit
1461 2772 1575 2843 autern
1593 2770 1690 2844 Lest-
1792 2834 1795 2840 .

137 2892 176 2966 luo
201 2889 313 2965 Albus
341 2889 569 2966 Oracouionsis
605 2875 684 2963 Dux
720 2875 1044 2966 Sandorniriensiurn
1072 2894 1106 2965 et
1133 2873 1390 2964 Lublinensiurn
1419 2891 1567 2965 militurn
1594 2913 1691 2966 suer-

136 3013 247 3104 citum,
279 3011 477 3107 praeficiens
513 3013 584 3086 illis
617 3012 804 3094 Sulislaurn
840 3012 1143 3088 Saudornirienseur
1179 3013 1404 3090 castellanum
1439 3013 1474 3086 in
1513 3013 1629 3087 ducein
1657 3015 1692 3086 et

135 3135 361 3230 capitaneum,
389 3135 432 3208 ad
458 3135 660 3210 vastandum
679 3125 870 3209 Messian:
909 3135 966 3229 qui
995 3136 1264 3210 Suauthoslaurn
1292 3134 1436 3210 Russiae
1463 3136 1600 3226 Ducem,
1631 3159 1690 3230 pa-

136 3261 217 3332 trem
244 3257 407 3352 Agasiae,
444 3273 530 3350 quae
546 3259 673 3352 ‚postea
701 3257 852 3338 dunrado
880 3256 1047 3334 Maeoniae
1075 3257 1159 3332 Duci
1188 3260 1295 3352 nupta
1322 3261 1406 3348 erat,
1442 3279 1515 3335 cuin
1545 3259 1692 3349 quatuor

136 3380 301 3455 militibus
328 3377 569 3474 insignioribus
596 3360 739 3454 Russiao
766 3379 928 3474 captivat,
957 3381 993 3456 et
1020 3379 1113 3453 iussu
1140 3379 1323 3455 Lestlrouis
1351 3379 1589 3460 miserabiliter
1616 3391 1690 3454 'sus'-

136 3525 252 3597 peusos
273 3503 310 3583 in
330 3503 445 3578 eculeo
473 3483 656 3590 interirnit;
685 3504 928 3596 propterquod
956 3502 1088 3578 facinus
1116 3525 1190 3576 reor
1217 3503 1420 3578 Lestlrouorn
1448 3501 1558 3598 ipsum
1587 3501 1691 3577 etiarn

135 3625 274 3704 oooisurn
303 3623 409 3706 luisse
436 3625 472 3698 et
498 3623 639 3718 stirpem
667 3645 763 3698 suam
788 3647 854 3699 non
881 3625 1081 3719 protelasse.

232 3747 461 3824 Bobcmorurn
488 3749 523 3821 ot
549 3747 759 3821 Monadorum
787 3746 956 3821 exercitus
983 3745 1211 3842 superioribus
1230 3744 1477 3826 vastationibus
1504 3745 1585 3820 binc
1612 3744 1689 3820 inde

135 3869 269 3960 habitis,
301 3868 469 3963 animisrp
497 3867 641 3944 irritatis
668 3873 703 3944 et
729 3857 961 3960 sternentibus,
990 3868 1170 3964 campestri
1199 3869 1381 3946 certamine
1401 3867 1581 3963 congressi,
1611 3868 1690 3942 duur

135 3993 248 4070 mutua
276 3988 451 4066 collisione
479 3991 594 4085 plures
621 3989 749 4066 milites
784 3990 998 4082 amisissent,
1028 3991 1172 4066 Moraris
1200 3989 1438 4084 cedentibus⁷)
1466 3993 1500 4064 et
1528 3989 1688 4084 profliga-

135 4111 188 4203 tis,
216 4112 360 4189 Bobemi
387 4111 584 4188 efficiuntur
619 4112 774 4204 uictores,
813 4113 895 4190 licet
927 4113 1085 4208 stipsis,
1125 4113 1243 4188 multis
1279 4113 1446 4188 militibus
1482 4111 1703 4203 desideratis,

133 4257 196 4310 nou
223 4235 404 4313 incruenta
430 4234 567 4312 cesserit
599 4234 751 4310 uictoria.

233 4355 350 4432 Variis
385 4356 535 4432 odiorum
573 4360 609 4432 et
644 4356 890 4434 dissensionum
926 4357 1118 4434 turbinibus
1134 4357 1137 4365 ’
1155 4356 1298 4433 Russiae
1338 4359 1447 4434 Duces
1482 4359 1690 4436 clandestine

134 4479 251 4570 collisi,
293 4479 431 4554 taudem
458 4479 494 4554 in
520 4482 677 4575 apertum
714 4482 870 4570 furorern,
908 4479 1037 4554 diutius
1065 4481 1163 4554 illurn
1191 4481 1299 4557 celare
1327 4504 1393 4554 non
1421 4481 1583 4573 ualentes,
1613 4505 1688 4577 pro·

238 4741 263 4820 ¹)
293 4743 387 4805 Totas
409 4743 572 4816 disiacus,
594 4745 768 4820 incipiendo
791 4762 812 4805 o
833 4745 945 4806 corbis:
968 4743 1034 4804 Dux
1057 4745 1172 4804 interae
1186 4744 1385 4806 wladislaus.
1400 4761 1534 4819 ..oscae
1556 4746 1614 4805 ad:
1631 4746 1684 4806 im-

133 4847 300 4919 pedimento
324 4849 451 4921 sublato,
482 4866 665 4925 quamquam
691 4851 726 4910 in
752 4848 823 4912 Ocd.
847 4848 921 4910 Act.
944 4851 999 4910 sab
1023 4852 1213 4910 aon01206
1237 4867 1333 4909 meaa
1356 4850 1489 4911 caderis
1511 4851 1609 4911 serias
1627 4866 1686 4925 per

133 4965 259 5014 errorem
282 4951 410 5024 sonasse
424 4955 606 5030 adscriptas,
623 4959 711 5028 omae
726 4956 761 5016 ia
781 4954 872 5017 Godd.
897 4955 966 5030 Isip.
995 4953 1089 5016 Cissa.
1114 4956 1148 5014 ia
1170 4954 1256 5014 Edit.
1278 4954 1374 5014 Dobr.
1391 4955 1520 5030 ct'Lc'ps.
1544 4956 1689 5030 repetitas

132 5057 297 5130 inbonitas-
320 5058 447 5119 omissas
465 5062 566 5119 tamea
587 5058 631 5119 cst
653 5060 689 5118 ia
715 5058 806 5121 doda.
832 5061 923 5120 Rosr.
947 5063 974 5119 ct
989 5059 1066 5133 Lis,
1089 5076 1163 5119 aum
1185 5064 1212 5119 ct
1234 5061 1298 5134 ipsc
1321 5063 1424 5120 cador
1446 5063 1546 5134 capost
1569 5057 1688 5119 Ducem

137 5161 342 5224 wladislaum
364 5162 585 5224 Micccstawica
609 5165 785 5239 Laskoaopi
808 5165 928 5234 dimam,
953 5182 1036 5224 anuo
1051 5167 1132 5224 1231
1148 5161 1224 5234 fatis
1238 5165 1358 5224 cessisse
1381 5165 1528 5224 rasmim't.
1564 5160 1689 5240 ¹¹)Mye-

134 5265 270 5326 szlrowicz
298 5266 369 5328 Ood.
391 5265 464 5327 Aut.
486 5267 680 5343 Myeslauycu
708 5267 777 5329 Cod.
805 5266 887 5328 Calc.
928 5265 1189 5344 ²)Myeszk0wicz
1217 5266 1288 5328 Ood.
1313 5266 1386 5327 Act.
1427 5262 1454 5343 ⁴)
1476 5267 1688 5341 Myosnlrouicn

137 5367 203 5430 Cod.
225 5369 298 5432 Aac.
339 5366 365 5450 ⁵)
389 5389 447 5436 uon
477 5378 612 5450 repetere
644 5374 757 5434 statuit.
790 5372 849 5432 Ed.
873 5373 968 5432 Dobr.
1009 5369 1034 5449 ⁶)
1059 5379 1090 5431 et
1111 5373 1214 5436 araturis
1243 5372 1302 5434 Ed.
1326 5372 1421 5432 Dobr.
1461 5367 1605 5452 Menoeis
1629 5371 1689 5435 Ed.

134 5471 225 5540 eoo.
