4162 6288
407 560 483 632 410
1009 577 1122 630 nmnn
1149 577 1342 632 snrrmrns.
1682 553 1745 649 (Α.
1766 553 1813 629 D.
1831 551 1952 648 lace.)
2023 627 2027 632 .

406 765 555 859 possent,
585 786 621 839 se
647 761 869 854 continerent,
909 761 945 837 in
971 762 1146 857 Principes
1173 785 1249 839 uero
1276 761 1436 838 Poloniae
1463 783 1593 838 omnem
1629 761 1831 838 charitatem
1857 783 1953 856 gore-

406 888 493 976 rent,
523 886 557 960 et
584 884 717 959 insuia
744 883 1003 960 necessitatibus
1033 907 1146 958 eorum
1173 883 1295 959 solatia
1314 884 1338 978 ¹)
1364 883 1574 978 expeterent.
1618 883 1666 956 Hi
1692 884 1861 958 Ducatum
1888 885 1953 957 Po-

407 1006 576 1082 meraniae
602 1006 693 1081 inter
719 1027 754 1080 se
782 1005 987 1097 quadriforis
1015 1006 1135 1100 partiti
1161 1006 1261 1080 sunt:
1290 1005 1378 1080 circa
1402 987 1611 1100 liscnugium
1636 1005 1751 1080 tamen
1777 1005 1862 1080 natu
1880 1027 1952 1079 ma·

407 1126 521 1220 iorem,
550 1149 713 1203 consensu
739 1129 902 1202 baronum
928 1125 1145 1203 Pomeraniae
1171 1125 1279 1203 omnis
1305 1125 1525 1222 superioribas
1551 1128 1587 1201 et
1612 1124 1715 1200 iussio
1740 1124 1874 1202 relicta.

854 1571 1063 1688 ANNUS
1097 1572 1322 1686 DOMINI
1357 1572 1497 1689 1269.

406 1855 581 1928 bononici
608 1857 769 1946 Duranius
796 1859 830 1928 ot
855 1857 1024 1929 lancicioo
1050 1858 1138 1945 bun,
1165 1861 1203 1929 ut
1230 1857 1339 1948 coepit
1365 1856 1407 1929 ad
1434 1855 1572 1929 consilia
1609 1856 1789 1930 dmoiloros
1822 1855 1954 1930 admitti

406 1977 535 2049 Polonis
562 1977 701 2069 spretio,
737 1978 908 2068 spernitur,
944 1982 979 2050 ct
1004 1979 1116 2050 Poloni
1143 1976 1188 2050 ed
1214 1977 1398 2050 boleslaum
1424 1977 1514 2048 Pium
1541 1977 1710 2050 deficiunt:
1746 1979 1801 2068 qui
1838 1978 1951 2051 relicto

647 2097 710 2170 sibi
737 2103 846 2172 castro
874 2099 1123 2187 [morricionri
1150 2099 1289 2172 Polonos
1315 2098 1529 2172 zemomislao
1557 2097 1718 2172 conciliet

508 2336 688 2413 Zemomisl
715 2335 802 2412 alias
835 2336 1024 2414 Semonibus
1057 2337 1150 2412 iilius
1186 2337 1361 2430 Kaaimiri,
1399 2337 1616 2433 (lupariensis
1652 2339 1688 2411 et
1723 2335 1950 2412 Lanciciensis

405 2458 495 2550 Dux,
523 2459 756 2553 Principatum
784 2482 827 2533 en
855 2460 962 2534 morte
990 2459 1098 2554 patris
1125 2459 1279 2554 adeptus,
1309 2481 1416 2535 mores
1443 2461 1478 2534 et
1509 2458 1663 2553 pelitiem
1694 2457 1947 2532 Teutonicornm

406 2580 576 2672 Fratrum,
604 2580 762 2656 uidelicet
789 2581 1044 2672 cruciferorum,
1081 2581 1294 2656 vehementer
1320 2581 1511 2656 aemulatus
1546 2581 1651 2674 (apud
1677 2579 1756 2654 illos
1782 2578 1872 2654 enim
1899 2579 1948 2652 iu·

406 2702 541 2776 ventam
568 2703 809 2796 transegerat),
838 2702 951 2776 omnia
977 2723 1062 2792 quae
1088 2701 1152 2776 sibi
1180 2702 1310 2794 agerem
1336 2701 1445 2792 erant,
1471 2723 1546 2776 cum
1573 2700 1645 2774 illis
1672 2699 1947 2790 communicabat,

407 2845 521 2898 eorum
549 2823 738 2898 sententiae
764 2825 800 2898 et
826 2822 1007 2896 arbitratui
1026 2822 1172 2916 singula
1199 2821 1412 2916 permittens.
1448 2823 1597 2896 Berones
1622 2823 1735 2896 antem
1762 2824 1797 2896 et
1824 2821 1948 2894 milites

407 2943 631 3038 Duyarienses
659 2946 693 3019 et
719 2943 965 3035 Lancioionses,
996 2966 1071 3017 cum
1098 2965 1133 3019 se
1160 2945 1389 3036 contemptum
1417 2944 1452 3017 et
1479 2945 1627 3037 spretum
1656 2942 1699 3014 iri
1726 2964 1747 3015 a
1773 2943 1865 3016 Duce
1890 2963 1946 3014 suo

405 3065 625 3139 Zemomislao
662 3065 784 3140 aeriter
819 3064 1087 3160 ingemiscerent,
1116 3065 1151 3139 et
1178 3085 1267 3138 nuno
1298 3064 1432 3138 blandis
1466 3086 1555 3138 nunc
1590 3062 1719 3158 asperis
1745 3062 1857 3137 uerbis
1883 3061 1942 3154 usi,
1983 3123 1985 3128 .

406 3188 634 3281 contemptum
662 3186 715 3260 sui
731 3185 760 3278 ²)
786 3186 929 3260 rescindi
967 3186 1180 3277 frequentius
1215 3207 1308 3260 casso
1338 3186 1451 3259 labore
1477 3185 1748 3292 interpellarent,
1785 3183 1945 3258 zemomi-

406 3307 477 3379 slao
504 3308 595 3380 Duce
622 3307 844 3400 nequicquam
872 3330 893 3381 a
919 3307 1150 3382 communione
1179 3307 1422 3381 cruciferorum
1450 3327 1576 3398 auerso,
1612 3304 1754 3380 militari
1780 3327 1947 3379 murmure

406 3427 562 3521 primum,
600 3421 719 3502 deinde
755 3427 920 3502 seditione
952 3428 1127 3522 gliscente,
1165 3449 1243 3501 mox
1279 3427 1381 3502 etiam
1414 3427 1544 3502 saeuior
1578 3425 1720 3502 defectio
1746 3427 1860 3501 coorta
1884 3427 1944 3500 cst.

404 3546 458 3621 Ad
485 3570 589 3623 unum
616 3571 740 3640 omnes,
769 3573 811 3622 ne
840 3549 983 3622 ludibrio
1015 3551 1137 3640 forent,
1174 3548 1395 3623 Zemomislao
1421 3550 1513 3624 Duce
1540 3569 1601 3622 suo
1627 3547 1770 3640 deserto,
1797 3550 1833 3622 et
1860 3547 1946 3622 omni

406 3669 595 3744 obedientia
621 3672 723 3762 atque
750 3669 955 3745 subiectione
981 3669 1088 3746 eidem
1115 3671 1296 3762 subtracta,
1326 3691 1346 3743 a
1372 3691 1431 3744 suo
1458 3691 1494 3745 se
1520 3668 1718 3764 Principetu
1744 3670 1779 3744 et
1805 3667 1947 3742 dominio

405 3789 583 3879 abdicant;
611 3791 646 3866 et
674 3813 738 3882 qno
765 3791 955 3866 diuturnior
990 3791 1194 3882 solidiorque
1229 3792 1318 3866 esset
1352 3813 1465 3865 eorum
1494 3790 1648 3880 delectio,
1686 3791 1730 3864 ad
1755 3791 1946 3866 Boloslaum

405 3910 504 3984 Pium
530 3910 765 3986 Galissiensem
792 3913 919 3986 Ducem
946 3913 1055 3988 fasces
1083 3913 1249 4002 deterunt,
1278 3914 1313 3986 et
1339 3911 1444 4003 illins,
1473 3912 1604 3987 reddita
1621 3911 1819 3988 defectionis
1837 3933 1945 4002 causa,

404 4031 606 4124 profitentur
633 4031 805 4122 ditionem,
843 4057 910 4107 non
936 4055 972 4107 se
998 4034 1129 4108 hostem
1164 4032 1323 4108 infestum
1351 4055 1410 4127 pro
1439 4031 1594 4128 Principe
1628 4035 1664 4107 et
1699 4031 1853 4126 demine,
1890 4031 1946 4125 qui

404 4151 483 4224 illos
510 4152 694 4246 multiplici
722 4154 900 4248 opprobrio
927 4156 1115 4245 vexaverat,
1153 4155 1193 4228 de
1220 4155 1350 4228 caetero
1384 4153 1569 4228 habituros.
1614 4151 1729 4230 Serius
1756 4175 1859 4244 quam
1885 4152 1947 4226 sibi

405 4273 605 4366 expediebat
640 4274 885 4348 Zemomislaus
910 4275 989 4348 Dux
1017 4296 1096 4350 suae
1127 4274 1407 4368 transgressionis
1434 4273 1470 4348 in
1497 4274 1624 4349 milites
1659 4273 1852 4349 temeritate
1881 4269 1946 4346 dis'-

405 4415 512 4484 cussa,
549 4395 744 4469 Boloslaum
771 4395 869 4469 Pium
897 4395 1132 4470 Dalissiensem
1168 4397 1304 4486 Ducem,
1342 4395 1475 4490 magnis
1501 4395 1684 4489 fatigatum
1711 4393 1944 4470 obsecrationi-

405 4516 478 4606 bus,
508 4516 630 4589 donato
665 4516 804 4610 insuper
831 4517 863 4590 ei
890 4519 1000 4592 castro
1035 4517 1179 4592 notabili
1215 4517 1316 4591 sortis
1342 4519 1378 4592 et
1403 4518 1554 4592 Donatus
1588 4516 1640 4590 sni
1667 4516 1944 4606 Krusrniciensis,

405 4636 580 4730 pervincit,
610 4639 698 4730 quod
723 4641 759 4713 et
785 4638 987 4714 deditionem
1014 4639 1162 4712 militum
1189 4638 1447 4734 Gupauiensium
1468 4641 1503 4714 et
1525 4637 1792 4714 bancioiensium
1818 4638 1943 4726 abnuit,

404 4759 439 4830 et
465 4779 521 4832 eos
547 4758 769 4833 Zemomislao
797 4760 893 4851 Duci,
922 4783 960 4834 eo
987 4762 1100 4834 tamon
1127 4763 1236 4853 paeto,
1273 4763 1311 4832 ut
1338 4759 1584 4834 cruciferorum
1619 4760 1771 4834 consiliis
1798 4758 1943 4846 abiectis,

402 4899 516 4952 eorum
543 4880 638 4954 uelut
664 4878 794 4971 fidiora,
823 4880 1079 4973 probatioraquo
1106 4883 1301 4973 motaretur,
1330 4880 1571 4957 reconciliauit.

470 5213 472 5220 ,
512 5138 538 5222 ¹)
561 5143 671 5205 auxilia
697 5141 767 5203 (iod.
790 5141 884 5204 Rocr.
918 5137 1052 5218 ⁹)snum
1073 5143 1132 5204 Ed.
1155 5143 1241 5218 Lips.
