<?xml version="1.0" encoding="UTF-8"?>
<!DOCTYPE html PUBLIC "-//W3C//DTD XHTML 1.0 Transitional//EN"
    "http://www.w3.org/TR/xhtml1/DTD/xhtml1-transitional.dtd">
<html xmlns="http://www.w3.org/1999/xhtml" xml:lang="en" lang="en">
 <head>
  <title>
</title>
<meta http-equiv="Content-Type" content="text/html;charset=utf-8" />
  <meta name='ocr-system' content='tesseract 3.04.00' />
  <meta name='ocr-capabilities' content='ocr_page ocr_carea ocr_par ocr_line ocrx_word'/>
</head>
<body>
  <div class='ocr_page' id='page_1' title='image "./operaomnia02paulgoog_0408.png"; bbox 0 0 4162 6288; ppageno 0'>
   <div class='ocr_carea' id='block_1_1' title="bbox 410 535 2005 635">
    <p class='ocr_par' dir='ltr' id='par_1_1' title="bbox 410 535 2005 635">
     <span class='ocr_line' id='line_1_1' title="bbox 410 535 2005 635; baseline 0.006 -25"><span class='ocrx_word' id='word_1_1' title='bbox 410 535 485 610; x_wconf 82' lang='lat'><strong>392</strong></span> <span class='ocrx_word' id='word_1_2' title='bbox 1013 558 1125 614; x_wconf 79' lang='lat' dir='ltr'><strong>arnan</strong></span> <span class='ocrx_word' id='word_1_3' title='bbox 1151 557 1346 614; x_wconf 74' lang='lat' dir='ltr'><strong>sanamus.</strong></span> <span class='ocrx_word' id='word_1_4' title='bbox 1689 537 1751 634; x_wconf 86' lang='grc' dir='ltr'><strong>(Α.</strong></span> <span class='ocrx_word' id='word_1_5' title='bbox 1770 537 1819 617; x_wconf 82' lang='grc' dir='ltr'><strong>Ι).</strong></span> <span class='ocrx_word' id='word_1_6' title='bbox 1837 537 1963 635; x_wconf 75' lang='grc'><strong>1204.)</strong></span> <span class='ocrx_word' id='word_1_7' title='bbox 2002 627 2005 631; x_wconf 66' lang='grc'>,</span> 
     </span>
    </p>
   </div>
   <div class='ocr_carea' id='block_1_2' title="bbox 448 865 1919 964">
    <p class='ocr_par' dir='ltr' id='par_1_2' title="bbox 448 865 1919 964">
     <span class='ocr_line' id='line_1_2' title="bbox 448 865 1919 964; baseline 0.004 -22"><span class='ocrx_word' id='word_1_8' title='bbox 448 865 616 960; x_wconf 79' lang='lat' dir='ltr'><strong>llospilalo</strong></span> <span class='ocrx_word' id='word_1_9' title='bbox 644 865 755 942; x_wconf 70' lang='lat' dir='ltr'><strong>tmoli</strong></span> <span class='ocrx_word' id='word_1_10' title='bbox 782 866 921 961; x_wconf 74' lang='lat' dir='ltr'><strong>spuitur</strong></span> <span class='ocrx_word' id='word_1_11' title='bbox 949 867 982 942; x_wconf 90' lang='lat' dir='ltr'><strong>ln</strong></span> <span class='ocrx_word' id='word_1_12' title='bbox 1007 868 1169 944; x_wconf 79' lang='lat' dir='ltr'><strong>larnaria</strong></span> <span class='ocrx_word' id='word_1_13' title='bbox 1194 869 1402 964; x_wconf 71' lang='lat' dir='ltr'><strong>lamplalua</strong></span> <span class='ocrx_word' id='word_1_14' title='bbox 1429 869 1602 963; x_wconf 74' lang='lat' dir='ltr'><strong>episeopus</strong></span> <span class='ocrx_word' id='word_1_15' title='bbox 1629 871 1727 964; x_wconf 75' lang='lat' dir='ltr'><strong>erigit</strong></span> <span class='ocrx_word' id='word_1_16' title='bbox 1752 875 1787 948; x_wconf 79' lang='lat' dir='ltr'><strong>ol</strong></span> <span class='ocrx_word' id='word_1_17' title='bbox 1813 871 1919 948; x_wconf 78' lang='lat' dir='ltr'><strong>total.</strong></span> 
     </span>
    </p>
   </div>
   <div class='ocr_carea' id='block_1_3' title="bbox 410 1108 1965 1817">
    <p class='ocr_par' dir='ltr' id='par_1_3' title="bbox 410 1108 1965 1817">
     <span class='ocr_line' id='line_1_3' title="bbox 513 1108 1963 1208; baseline 0.006 -25"><span class='ocrx_word' id='word_1_18' title='bbox 513 1109 735 1206; x_wconf 85' lang='lat' dir='ltr'><strong>Boguphulus</strong></span> <span class='ocrx_word' id='word_1_19' title='bbox 761 1108 1000 1186; x_wconf 85' lang='lat' dir='ltr'><strong>Posnaniensis</strong></span> <span class='ocrx_word' id='word_1_20' title='bbox 1027 1109 1213 1206; x_wconf 86' lang='lat' dir='ltr'><strong>episeopus,</strong></span> <span class='ocrx_word' id='word_1_21' title='bbox 1244 1110 1489 1188; x_wconf 81' lang='lat' dir='ltr'><strong>miserabilium</strong></span> <span class='ocrx_word' id='word_1_22' title='bbox 1516 1135 1733 1208; x_wconf 89' lang='lat' dir='ltr'><strong>personarum</strong></span> <span class='ocrx_word' id='word_1_23' title='bbox 1759 1114 1794 1190; x_wconf 95' lang='lat' dir='ltr'><strong>in</strong></span> <span class='ocrx_word' id='word_1_24' title='bbox 1821 1114 1963 1191; x_wconf 76' lang='lat' dir='ltr'><strong>ciuitate</strong></span> 
     </span>
     <span class='ocr_line' id='line_1_4' title="bbox 410 1229 1963 1330; baseline 0.004 -24"><span class='ocrx_word' id='word_1_25' title='bbox 410 1229 630 1308; x_wconf 85' lang='lat' dir='ltr'><strong>Posnanionsi</strong></span> <span class='ocrx_word' id='word_1_26' title='bbox 656 1231 846 1308; x_wconf 75' lang='lat' dir='ltr'><strong>calamitati</strong></span> <span class='ocrx_word' id='word_1_27' title='bbox 872 1231 931 1328; x_wconf 93' lang='lat' dir='ltr'><strong>pia</strong></span> <span class='ocrx_word' id='word_1_28' title='bbox 956 1232 1172 1308; x_wconf 88' lang='lat' dir='ltr'><strong>miseratione</strong></span> <span class='ocrx_word' id='word_1_29' title='bbox 1206 1254 1411 1329; x_wconf 84' lang='lat' dir='ltr'><strong>eompassus,</strong></span> <span class='ocrx_word' id='word_1_30' title='bbox 1446 1233 1615 1330; x_wconf 88' lang='lat' dir='ltr'><strong>hospitale</strong></span> <span class='ocrx_word' id='word_1_31' title='bbox 1650 1235 1869 1330; x_wconf 85' lang='lat' dir='ltr'><strong>infirmorum,</strong></span> <span class='ocrx_word' id='word_1_32' title='bbox 1897 1239 1963 1312; x_wconf 89' lang='lat' dir='ltr'><strong>snb</strong></span> 
     </span>
     <span class='ocr_line' id='line_1_5' title="bbox 410 1352 1965 1452; baseline 0.004 -26"><span class='ocrx_word' id='word_1_33' title='bbox 410 1352 534 1429; x_wconf 89' lang='lat' dir='ltr'><strong>honoro</strong></span> <span class='ocrx_word' id='word_1_34' title='bbox 561 1353 597 1427; x_wconf 89' lang='lat' dir='ltr'><strong>et</strong></span> <span class='ocrx_word' id='word_1_35' title='bbox 622 1353 725 1428; x_wconf 88' lang='lat' dir='ltr'><strong>titulo</strong></span> <span class='ocrx_word' id='word_1_36' title='bbox 752 1353 868 1430; x_wconf 75' lang='lat' dir='ltr'><strong>Sancti</strong></span> <span class='ocrx_word' id='word_1_37' title='bbox 896 1353 1055 1449; x_wconf 84' lang='lat' dir='ltr'><strong>Spiritus,</strong></span> <span class='ocrx_word' id='word_1_38' title='bbox 1092 1355 1191 1430; x_wconf 82' lang='lat' dir='ltr'><strong>extra</strong></span> <span class='ocrx_word' id='word_1_39' title='bbox 1217 1357 1332 1451; x_wconf 86' lang='lat' dir='ltr'><strong>portas</strong></span> <span class='ocrx_word' id='word_1_40' title='bbox 1352 1357 1376 1452; x_wconf 83' lang='lat'><strong>¹)</strong></span> <span class='ocrx_word' id='word_1_41' title='bbox 1411 1355 1562 1432; x_wconf 77' lang='lat' dir='ltr'><strong>eivitatis</strong></span> <span class='ocrx_word' id='word_1_42' title='bbox 1596 1357 1836 1435; x_wconf 87' lang='lat' dir='ltr'><strong>Posnaniensis</strong></span> <span class='ocrx_word' id='word_1_43' title='bbox 1862 1359 1965 1434; x_wconf 87' lang='lat' dir='ltr'><strong>iuxta</strong></span> 
     </span>
     <span class='ocr_line' id='line_1_6' title="bbox 411 1473 1963 1576; baseline 0.003 -28"><span class='ocrx_word' id='word_1_44' title='bbox 411 1473 551 1552; x_wconf 82' lang='lat' dir='ltr'><strong>fluuium</strong></span> <span class='ocrx_word' id='word_1_45' title='bbox 577 1475 734 1567; x_wconf 84' lang='lat' dir='ltr'><strong>Wartha,</strong></span> <span class='ocrx_word' id='word_1_46' title='bbox 762 1475 895 1568; x_wconf 84' lang='lat' dir='ltr'><strong>fundat,</strong></span> <span class='ocrx_word' id='word_1_47' title='bbox 924 1475 978 1552; x_wconf 86' lang='lat' dir='ltr'><strong>eui</strong></span> <span class='ocrx_word' id='word_1_48' title='bbox 1006 1478 1042 1550; x_wconf 86' lang='lat' dir='ltr'><strong>el</strong></span> <span class='ocrx_word' id='word_1_49' title='bbox 1068 1475 1179 1552; x_wconf 88' lang='lat' dir='ltr'><strong>dotem</strong></span> <span class='ocrx_word' id='word_1_50' title='bbox 1205 1477 1357 1571; x_wconf 87' lang='lat' dir='ltr'><strong>aliquam</strong></span> <span class='ocrx_word' id='word_1_51' title='bbox 1384 1478 1424 1554; x_wconf 86' lang='lat' dir='ltr'><strong>de</strong></span> <span class='ocrx_word' id='word_1_52' title='bbox 1451 1499 1566 1554; x_wconf 85' lang='lat' dir='ltr'><strong>mensa</strong></span> <span class='ocrx_word' id='word_1_53' title='bbox 1590 1479 1773 1575; x_wconf 87' lang='lat' dir='ltr'><strong>episoopali</strong></span> <span class='ocrx_word' id='word_1_54' title='bbox 1799 1481 1963 1576; x_wconf 87' lang='lat' dir='ltr'><strong>largitur.</strong></span> 
     </span>
     <span class='ocr_line' id='line_1_7' title="bbox 411 1596 1963 1692; baseline 0.005 -23"><span class='ocrx_word' id='word_1_55' title='bbox 411 1596 505 1672; x_wconf 79' lang='lat' dir='ltr'><strong>Tune</strong></span> <span class='ocrx_word' id='word_1_56' title='bbox 531 1597 635 1672; x_wconf 86' lang='lat' dir='ltr'><strong>etiam</strong></span> <span class='ocrx_word' id='word_1_57' title='bbox 660 1597 803 1673; x_wconf 75' lang='lat' dir='ltr'><strong>ecelesia</strong></span> <span class='ocrx_word' id='word_1_58' title='bbox 829 1597 1033 1692; x_wconf 83' lang='lat' dir='ltr'><strong>paroehialis</strong></span> <span class='ocrx_word' id='word_1_59' title='bbox 1060 1597 1096 1672; x_wconf 90' lang='lat' dir='ltr'><strong>in</strong></span> <span class='ocrx_word' id='word_1_60' title='bbox 1122 1597 1261 1676; x_wconf 78' lang='lat' dir='ltr'><strong>oirituto</strong></span> <span class='ocrx_word' id='word_1_61' title='bbox 1287 1599 1505 1677; x_wconf 86' lang='lat' dir='ltr'><strong>Posnaniensi</strong></span> <span class='ocrx_word' id='word_1_62' title='bbox 1542 1601 1687 1678; x_wconf 82' lang='lat' dir='ltr'><strong>fundata</strong></span> <span class='ocrx_word' id='word_1_63' title='bbox 1715 1604 1768 1678; x_wconf 87' lang='lat' dir='ltr'><strong>est</strong></span> <span class='ocrx_word' id='word_1_64' title='bbox 1793 1601 1830 1677; x_wconf 91' lang='lat' dir='ltr'><strong>in</strong></span> <span class='ocrx_word' id='word_1_65' title='bbox 1857 1603 1963 1677; x_wconf 91' lang='lat' dir='ltr'><strong>hono-</strong></span> 
     </span>
     <span class='ocr_line' id='line_1_8' title="bbox 411 1718 1267 1817; baseline 0.004 -25"><span class='ocrx_word' id='word_1_66' title='bbox 411 1740 482 1794; x_wconf 89' lang='lat' dir='ltr'><strong>rem</strong></span> <span class='ocrx_word' id='word_1_67' title='bbox 509 1720 544 1794; x_wconf 89' lang='lat' dir='ltr'><strong>et</strong></span> <span class='ocrx_word' id='word_1_68' title='bbox 570 1719 710 1794; x_wconf 86' lang='lat' dir='ltr'><strong>titulum</strong></span> <span class='ocrx_word' id='word_1_69' title='bbox 737 1720 855 1796; x_wconf 76' lang='lat' dir='ltr'><strong>bmtuo</strong></span> <span class='ocrx_word' id='word_1_70' title='bbox 882 1718 1008 1796; x_wconf 85' lang='lat' dir='ltr'><strong>Mariae</strong></span> <span class='ocrx_word' id='word_1_71' title='bbox 1034 1720 1267 1817; x_wconf 85' lang='lat' dir='ltr'><strong>Magdalenue.</strong></span> 
     </span>
    </p>
   </div>
   <div class='ocr_carea' id='block_1_4' title="bbox 618 2085 1754 2182">
    <p class='ocr_par' dir='ltr' id='par_1_4' title="bbox 618 2085 1754 2182">
     <span class='ocr_line' id='line_1_9' title="bbox 618 2085 1754 2182; baseline 0.003 -22"><span class='ocrx_word' id='word_1_72' title='bbox 618 2085 796 2179; x_wconf 67' lang='lat' dir='ltr'><strong>strepltu</strong></span> <span class='ocrx_word' id='word_1_73' title='bbox 812 2085 1043 2162; x_wconf 70' lang='lat' dir='ltr'><strong>limenorum</strong></span> <span class='ocrx_word' id='word_1_74' title='bbox 1068 2088 1141 2162; x_wconf 77' lang='lat' dir='ltr'><strong>ltux</strong></span> <span class='ocrx_word' id='word_1_75' title='bbox 1167 2107 1186 2162; x_wconf 85' lang='lat' dir='ltr'><strong>a</strong></span> <span class='ocrx_word' id='word_1_76' title='bbox 1213 2088 1293 2163; x_wconf 80' lang='lat' dir='ltr'><strong>lllila</strong></span> <span class='ocrx_word' id='word_1_77' title='bbox 1319 2087 1454 2182; x_wconf 72' lang='lat' dir='ltr'><strong>morlog</strong></span> <span class='ocrx_word' id='word_1_78' title='bbox 1470 2089 1568 2182; x_wconf 75' lang='lat' dir='ltr'><strong>llogr&#39;r</strong></span> <span class='ocrx_word' id='word_1_79' title='bbox 1587 2089 1754 2166; x_wconf 78' lang='lat' dir='ltr'><strong>mollitur.</strong></span> 
     </span>
    </p>
   </div>
   <div class='ocr_carea' id='block_1_5' title="bbox 318 2327 1966 4617">
    <p class='ocr_par' dir='ltr' id='par_1_5' title="bbox 318 2327 1966 3764">
     <span class='ocr_line' id='line_1_10' title="bbox 515 2327 1964 2408; baseline 0.003 -5"><span class='ocrx_word' id='word_1_80' title='bbox 515 2327 590 2403; x_wconf 87' lang='lat' dir='ltr'><strong>Non</strong></span> <span class='ocrx_word' id='word_1_81' title='bbox 617 2327 727 2405; x_wconf 87' lang='lat' dir='ltr'><strong>defuit</strong></span> <span class='ocrx_word' id='word_1_82' title='bbox 752 2329 788 2405; x_wconf 88' lang='lat' dir='ltr'><strong>ot</strong></span> <span class='ocrx_word' id='word_1_83' title='bbox 814 2330 877 2406; x_wconf 87' lang='lat' dir='ltr'><strong>hoo</strong></span> <span class='ocrx_word' id='word_1_84' title='bbox 902 2352 990 2406; x_wconf 93' lang='lat' dir='ltr'><strong>anno</strong></span> <span class='ocrx_word' id='word_1_85' title='bbox 1026 2329 1115 2407; x_wconf 88' lang='lat' dir='ltr'><strong>inter</strong></span> <span class='ocrx_word' id='word_1_86' title='bbox 1150 2329 1340 2407; x_wconf 84' lang='lat' dir='ltr'><strong>Lithuanos</strong></span> <span class='ocrx_word' id='word_1_87' title='bbox 1368 2333 1403 2406; x_wconf 85' lang='lat' dir='ltr'><strong>st</strong></span> <span class='ocrx_word' id='word_1_88' title='bbox 1429 2331 1619 2408; x_wconf 85' lang='lat' dir='ltr'><strong>Prutlronos</strong></span> <span class='ocrx_word' id='word_1_89' title='bbox 1653 2331 1747 2408; x_wconf 89' lang='lat' dir='ltr'><strong>furor</strong></span> <span class='ocrx_word' id='word_1_90' title='bbox 1780 2333 1816 2408; x_wconf 87' lang='lat' dir='ltr'><strong>et</strong></span> <span class='ocrx_word' id='word_1_91' title='bbox 1852 2331 1964 2408; x_wconf 84' lang='lat' dir='ltr'><strong>eludes</strong></span> 
     </span>
     <span class='ocr_line' id='line_1_11' title="bbox 411 2447 1964 2548; baseline 0.003 -24"><span class='ocrx_word' id='word_1_92' title='bbox 411 2447 522 2524; x_wconf 79' lang='lat' dir='ltr'><strong>uirilis</strong></span> <span class='ocrx_word' id='word_1_93' title='bbox 548 2451 583 2524; x_wconf 88' lang='lat' dir='ltr'><strong>ot</strong></span> <span class='ocrx_word' id='word_1_94' title='bbox 609 2448 773 2526; x_wconf 86' lang='lat' dir='ltr'><strong>intestina</strong></span> <span class='ocrx_word' id='word_1_95' title='bbox 800 2451 933 2528; x_wconf 87' lang='lat' dir='ltr'><strong>seditio.</strong></span> <span class='ocrx_word' id='word_1_96' title='bbox 978 2453 1066 2527; x_wconf 86' lang='lat' dir='ltr'><strong>Nam</strong></span> <span class='ocrx_word' id='word_1_97' title='bbox 1092 2473 1168 2527; x_wconf 87' lang='lat' dir='ltr'><strong>eum</strong></span> <span class='ocrx_word' id='word_1_98' title='bbox 1184 2451 1213 2548; x_wconf 75' lang='lat'><strong>²)</strong></span> <span class='ocrx_word' id='word_1_99' title='bbox 1238 2452 1383 2548; x_wconf 88' lang='lat' dir='ltr'><strong>Mondog</strong></span> <span class='ocrx_word' id='word_1_100' title='bbox 1418 2453 1495 2528; x_wconf 85' lang='lat' dir='ltr'><strong>Rex</strong></span> <span class='ocrx_word' id='word_1_101' title='bbox 1530 2453 1735 2530; x_wconf 83' lang='lat' dir='ltr'><strong>Lilhuaniue</strong></span> <span class='ocrx_word' id='word_1_102' title='bbox 1770 2474 1848 2529; x_wconf 91' lang='lat' dir='ltr'><strong>oum</strong></span> <span class='ocrx_word' id='word_1_103' title='bbox 1880 2452 1964 2528; x_wconf 86' lang='lat' dir='ltr'><strong>filiis</strong></span> 
     </span>
     <span class='ocr_line' id='line_1_12' title="bbox 411 2569 1964 2671; baseline 0.003 -26"><span class='ocrx_word' id='word_1_104' title='bbox 411 2569 482 2645; x_wconf 89' lang='lat' dir='ltr'><strong>suis</strong></span> <span class='ocrx_word' id='word_1_105' title='bbox 508 2592 530 2645; x_wconf 90' lang='lat' dir='ltr'><strong>a</strong></span> <span class='ocrx_word' id='word_1_106' title='bbox 556 2573 677 2666; x_wconf 89' lang='lat' dir='ltr'><strong>nepote</strong></span> <span class='ocrx_word' id='word_1_107' title='bbox 704 2572 890 2668; x_wconf 81' lang='lat' dir='ltr'><strong>Stropnath</strong></span> <span class='ocrx_word' id='word_1_108' title='bbox 917 2573 1045 2650; x_wconf 81' lang='lat' dir='ltr'><strong>oerisus</strong></span> <span class='ocrx_word' id='word_1_109' title='bbox 1071 2576 1161 2650; x_wconf 85' lang='lat' dir='ltr'><strong>osset</strong></span> <span class='ocrx_word' id='word_1_110' title='bbox 1187 2573 1223 2648; x_wconf 94' lang='lat' dir='ltr'><strong>in</strong></span> <span class='ocrx_word' id='word_1_111' title='bbox 1250 2575 1337 2666; x_wconf 86' lang='lat' dir='ltr'><strong>dolo,</strong></span> <span class='ocrx_word' id='word_1_112' title='bbox 1373 2573 1539 2670; x_wconf 79' lang='lat' dir='ltr'><strong>Wopsellu</strong></span> <span class='ocrx_word' id='word_1_113' title='bbox 1566 2573 1658 2650; x_wconf 88' lang='lat' dir='ltr'><strong>lilius</strong></span> <span class='ocrx_word' id='word_1_114' title='bbox 1692 2577 1728 2652; x_wconf 88' lang='lat' dir='ltr'><strong>et</strong></span> <span class='ocrx_word' id='word_1_115' title='bbox 1753 2575 1964 2671; x_wconf 80' lang='lat' dir='ltr'><strong>Theophilus</strong></span> 
     </span>
     <span class='ocr_line' id='line_1_13' title="bbox 411 2691 1964 2791; baseline 0.004 -25"><span class='ocrx_word' id='word_1_116' title='bbox 411 2691 627 2767; x_wconf 78' lang='lat' dir='ltr'><strong>consobrinus</strong></span> <span class='ocrx_word' id='word_1_117' title='bbox 662 2692 858 2789; x_wconf 84' lang='lat' dir='ltr'><strong>Mondolphi</strong></span> <span class='ocrx_word' id='word_1_118' title='bbox 893 2694 979 2770; x_wconf 86' lang='lat' dir='ltr'><strong>alias</strong></span> <span class='ocrx_word' id='word_1_119' title='bbox 1005 2695 1151 2791; x_wconf 85' lang='lat' dir='ltr'><strong>Mendog</strong></span> <span class='ocrx_word' id='word_1_120' title='bbox 1176 2695 1422 2771; x_wconf 83' lang='lat' dir='ltr'><strong>Lithuanorum</strong></span> <span class='ocrx_word' id='word_1_121' title='bbox 1449 2695 1553 2770; x_wconf 82' lang='lat' dir='ltr'><strong>Duris</strong></span> <span class='ocrx_word' id='word_1_122' title='bbox 1579 2695 1691 2788; x_wconf 86' lang='lat' dir='ltr'><strong>oeoisi,</strong></span> <span class='ocrx_word' id='word_1_123' title='bbox 1726 2719 1842 2774; x_wconf 88' lang='lat' dir='ltr'><strong>neoorn</strong></span> <span class='ocrx_word' id='word_1_124' title='bbox 1868 2699 1964 2772; x_wconf 87' lang='lat' dir='ltr'><strong>Mon·</strong></span> 
     </span>
     <span class='ocr_line' id='line_1_14' title="bbox 411 2812 1963 2912; baseline 0.004 -25"><span class='ocrx_word' id='word_1_125' title='bbox 411 2812 674 2908; x_wconf 82' lang='lat' dir='ltr'><strong>dolphiulturi,</strong></span> <span class='ocrx_word' id='word_1_126' title='bbox 703 2813 739 2888; x_wconf 92' lang='lat' dir='ltr'><strong>in</strong></span> <span class='ocrx_word' id='word_1_127' title='bbox 766 2815 951 2911; x_wconf 81' lang='lat' dir='ltr'><strong>Stropnuth</strong></span> <span class='ocrx_word' id='word_1_128' title='bbox 978 2816 1180 2912; x_wconf 80' lang='lat' dir='ltr'><strong>Principem,</strong></span> <span class='ocrx_word' id='word_1_129' title='bbox 1209 2817 1269 2909; x_wconf 89' lang='lat' dir='ltr'><strong>qui</strong></span> <span class='ocrx_word' id='word_1_130' title='bbox 1295 2817 1497 2911; x_wconf 88' lang='lat' dir='ltr'><strong>Mondolpho</strong></span> <span class='ocrx_word' id='word_1_131' title='bbox 1520 2816 1638 2910; x_wconf 88' lang='lat' dir='ltr'><strong>oooiso,</strong></span> <span class='ocrx_word' id='word_1_132' title='bbox 1666 2840 1832 2896; x_wconf 88' lang='lat' dir='ltr'><strong>summam</strong></span> <span class='ocrx_word' id='word_1_133' title='bbox 1849 2840 1963 2894; x_wconf 87' lang='lat' dir='ltr'><strong>rerum</strong></span> 
     </span>
     <span class='ocr_line' id='line_1_15' title="bbox 411 2933 1965 3034; baseline 0.004 -26"><span class='ocrx_word' id='word_1_134' title='bbox 411 2937 447 3009; x_wconf 87' lang='lat' dir='ltr'><strong>et</strong></span> <span class='ocrx_word' id='word_1_135' title='bbox 473 2933 632 3009; x_wconf 87' lang='lat' dir='ltr'><strong>maiorem</strong></span> <span class='ocrx_word' id='word_1_136' title='bbox 658 2935 749 3031; x_wconf 88' lang='lat' dir='ltr'><strong>apud</strong></span> <span class='ocrx_word' id='word_1_137' title='bbox 775 2935 962 3012; x_wconf 87' lang='lat' dir='ltr'><strong>Lilhuanos</strong></span> <span class='ocrx_word' id='word_1_138' title='bbox 988 2937 1222 3033; x_wconf 87' lang='lat' dir='ltr'><strong>Prineipatum</strong></span> <span class='ocrx_word' id='word_1_139' title='bbox 1250 2939 1420 3033; x_wconf 88' lang='lat' dir='ltr'><strong>rapuerat,</strong></span> <span class='ocrx_word' id='word_1_140' title='bbox 1449 2938 1654 3034; x_wconf 76' lang='lat' dir='ltr'><strong>conspirant.</strong></span> <span class='ocrx_word' id='word_1_141' title='bbox 1696 2940 1743 3014; x_wconf 82' lang='lat' dir='ltr'><strong>Et</strong></span> <span class='ocrx_word' id='word_1_142' title='bbox 1766 2939 1965 3016; x_wconf 84' lang='lat' dir='ltr'><strong>uenationes</strong></span> 
     </span>
     <span class='ocr_line' id='line_1_16' title="bbox 411 3057 1964 3156; baseline 0.006 -27"><span class='ocrx_word' id='word_1_143' title='bbox 411 3057 618 3131; x_wconf 76' lang='lat' dir='ltr'><strong>tractantem</strong></span> <span class='ocrx_word' id='word_1_144' title='bbox 645 3057 811 3153; x_wconf 82' lang='lat' dir='ltr'><strong>aggressi,</strong></span> <span class='ocrx_word' id='word_1_145' title='bbox 840 3059 994 3153; x_wconf 86' lang='lat' dir='ltr'><strong>pluribus</strong></span> <span class='ocrx_word' id='word_1_146' title='bbox 1019 3059 1099 3136; x_wconf 87' lang='lat' dir='ltr'><strong>ante</strong></span> <span class='ocrx_word' id='word_1_147' title='bbox 1116 3059 1295 3136; x_wconf 85' lang='lat' dir='ltr'><strong>tormentis</strong></span> <span class='ocrx_word' id='word_1_148' title='bbox 1321 3059 1442 3152; x_wconf 87' lang='lat' dir='ltr'><strong>illatis,</strong></span> <span class='ocrx_word' id='word_1_149' title='bbox 1469 3063 1505 3136; x_wconf 84' lang='lat' dir='ltr'><strong>ot</strong></span> <span class='ocrx_word' id='word_1_150' title='bbox 1530 3060 1725 3156; x_wconf 79' lang='lat' dir='ltr'><strong>Mondolplri</strong></span> <span class='ocrx_word' id='word_1_151' title='bbox 1751 3062 1862 3156; x_wconf 86' lang='lat' dir='ltr'><strong>patris</strong></span> <span class='ocrx_word' id='word_1_152' title='bbox 1888 3082 1964 3138; x_wconf 81' lang='lat' dir='ltr'><strong>aaa·</strong></span> 
     </span>
     <span class='ocr_line' id='line_1_17' title="bbox 412 3176 1966 3277; baseline 0.002 -25"><span class='ocrx_word' id='word_1_153' title='bbox 412 3176 453 3252; x_wconf 85' lang='lat' dir='ltr'><strong>de</strong></span> <span class='ocrx_word' id='word_1_154' title='bbox 479 3177 700 3273; x_wconf 85' lang='lat' dir='ltr'><strong>exprobrata,</strong></span> <span class='ocrx_word' id='word_1_155' title='bbox 737 3180 913 3256; x_wconf 86' lang='lat' dir='ltr'><strong>oneratum</strong></span> <span class='ocrx_word' id='word_1_156' title='bbox 949 3179 1173 3274; x_wconf 87' lang='lat' dir='ltr'><strong>interimunt,</strong></span> <span class='ocrx_word' id='word_1_157' title='bbox 1211 3179 1462 3276; x_wconf 85' lang='lat' dir='ltr'><strong>Prinoipatum,</strong></span> <span class='ocrx_word' id='word_1_158' title='bbox 1500 3203 1600 3275; x_wconf 89' lang='lat' dir='ltr'><strong>quem</strong></span> <span class='ocrx_word' id='word_1_159' title='bbox 1634 3185 1741 3258; x_wconf 89' lang='lat' dir='ltr'><strong>morte</strong></span> <span class='ocrx_word' id='word_1_160' title='bbox 1766 3181 1966 3277; x_wconf 80' lang='lat' dir='ltr'><strong>Mondolphi</strong></span> 
     </span>
     <span class='ocr_line' id='line_1_18' title="bbox 411 3297 1964 3398; baseline 0.003 -24"><span class='ocrx_word' id='word_1_161' title='bbox 411 3297 609 3394; x_wconf 71' lang='lat' dir='ltr'><strong>amiserant·</strong></span> <span class='ocrx_word' id='word_1_162' title='bbox 635 3302 847 3396; x_wconf 77' lang='lat' dir='ltr'><strong>recuperant.</strong></span> <span class='ocrx_word' id='word_1_163' title='bbox 874 3299 1035 3398; x_wconf 76' lang='lat' dir='ltr'><strong>Quamuis</strong></span> <span class='ocrx_word' id='word_1_164' title='bbox 1061 3299 1198 3397; x_wconf 76' lang='lat' dir='ltr'><strong>onim⁸l</strong></span> <span class='ocrx_word' id='word_1_165' title='bbox 1224 3302 1399 3398; x_wconf 87' lang='lat' dir='ltr'><strong>praefatus</strong></span> <span class='ocrx_word' id='word_1_166' title='bbox 1416 3303 1581 3398; x_wconf 85' lang='lat' dir='ltr'><strong>Wopsalk</strong></span> <span class='ocrx_word' id='word_1_167' title='bbox 1599 3303 1635 3380; x_wconf 92' lang='lat' dir='ltr'><strong>in</strong></span> <span class='ocrx_word' id='word_1_168' title='bbox 1653 3304 1854 3380; x_wconf 78' lang='lat' dir='ltr'><strong>monachum</strong></span> <span class='ocrx_word' id='word_1_169' title='bbox 1872 3304 1964 3380; x_wconf 86' lang='lat' dir='ltr'><strong>Rus·</strong></span> 
     </span>
     <span class='ocr_line' id='line_1_19' title="bbox 318 3419 1965 3521; baseline 0.003 -25"><span class='ocrx_word' id='word_1_170' title='bbox 318 3450 321 3458; x_wconf 94' lang='lat'>·</span> <span class='ocrx_word' id='word_1_171' title='bbox 411 3419 483 3497; x_wconf 88' lang='lat' dir='ltr'><strong>siae</strong></span> <span class='ocrx_word' id='word_1_172' title='bbox 509 3423 627 3497; x_wconf 90' lang='lat' dir='ltr'><strong>tonsus</strong></span> <span class='ocrx_word' id='word_1_173' title='bbox 652 3422 751 3516; x_wconf 86' lang='lat' dir='ltr'><strong>foret,</strong></span> <span class='ocrx_word' id='word_1_174' title='bbox 780 3423 912 3500; x_wconf 86' lang='lat' dir='ltr'><strong>deserta</strong></span> <span class='ocrx_word' id='word_1_175' title='bbox 937 3425 1053 3500; x_wconf 87' lang='lat' dir='ltr'><strong>tumen</strong></span> <span class='ocrx_word' id='word_1_176' title='bbox 1079 3423 1254 3521; x_wconf 82' lang='lat' dir='ltr'><strong>religione,</strong></span> <span class='ocrx_word' id='word_1_177' title='bbox 1283 3424 1469 3519; x_wconf 88' lang='lat' dir='ltr'><strong>assumptis</strong></span> <span class='ocrx_word' id='word_1_178' title='bbox 1495 3424 1560 3500; x_wconf 87' lang='lat' dir='ltr'><strong>sibi</strong></span> <span class='ocrx_word' id='word_1_179' title='bbox 1586 3425 1735 3502; x_wconf 86' lang='lat' dir='ltr'><strong>Dueibus</strong></span> <span class='ocrx_word' id='word_1_180' title='bbox 1760 3425 1965 3501; x_wconf 82' lang='lat' dir='ltr'><strong>Lithuaniao</strong></span> 
     </span>
     <span class='ocr_line' id='line_1_20' title="bbox 411 3541 1965 3644; baseline 0.005 -27"><span class='ocrx_word' id='word_1_181' title='bbox 411 3541 447 3616; x_wconf 93' lang='lat' dir='ltr'><strong>in</strong></span> <span class='ocrx_word' id='word_1_182' title='bbox 474 3542 642 3620; x_wconf 84' lang='lat' dir='ltr'><strong>auxilium</strong></span> <span class='ocrx_word' id='word_1_183' title='bbox 656 3543 696 3640; x_wconf 85' lang='lat'><strong>⁴),</strong></span> <span class='ocrx_word' id='word_1_184' title='bbox 724 3544 834 3640; x_wconf 82' lang='lat' dir='ltr'><strong>patris</strong></span> <span class='ocrx_word' id='word_1_185' title='bbox 860 3567 975 3623; x_wconf 82' lang='lat' dir='ltr'><strong>norem</strong></span> <span class='ocrx_word' id='word_1_186' title='bbox 1002 3547 1114 3622; x_wconf 84' lang='lat' dir='ltr'><strong>ullum</strong></span> <span class='ocrx_word' id='word_1_187' title='bbox 1140 3545 1184 3621; x_wconf 89' lang='lat' dir='ltr'><strong>iri</strong></span> <span class='ocrx_word' id='word_1_188' title='bbox 1210 3544 1372 3641; x_wconf 77' lang='lat' dir='ltr'><strong>cupiens,</strong></span> <span class='ocrx_word' id='word_1_189' title='bbox 1410 3547 1597 3644; x_wconf 83' lang='lat' dir='ltr'><strong>Stropnath</strong></span> <span class='ocrx_word' id='word_1_190' title='bbox 1623 3547 1745 3624; x_wconf 79' lang='lat' dir='ltr'><strong>oceidit</strong></span> <span class='ocrx_word' id='word_1_191' title='bbox 1769 3549 1805 3626; x_wconf 88' lang='lat' dir='ltr'><strong>et</strong></span> <span class='ocrx_word' id='word_1_192' title='bbox 1830 3569 1868 3625; x_wconf 90' lang='lat' dir='ltr'><strong>se</strong></span> <span class='ocrx_word' id='word_1_193' title='bbox 1894 3549 1965 3624; x_wconf 91' lang='lat' dir='ltr'><strong>Du-</strong></span> 
     </span>
     <span class='ocr_line' id='line_1_21' title="bbox 411 3665 1006 3764; baseline 0.003 -24"><span class='ocrx_word' id='word_1_194' title='bbox 411 3685 484 3741; x_wconf 88' lang='lat' dir='ltr'><strong>eom</strong></span> <span class='ocrx_word' id='word_1_195' title='bbox 510 3665 714 3742; x_wconf 83' lang='lat' dir='ltr'><strong>Lilhuuniae</strong></span> <span class='ocrx_word' id='word_1_196' title='bbox 740 3688 857 3764; x_wconf 87' lang='lat' dir='ltr'><strong>gerere</strong></span> <span class='ocrx_word' id='word_1_197' title='bbox 884 3667 1006 3764; x_wconf 85' lang='lat' dir='ltr'><strong>eoepit.</strong></span> 
     </span>
    </p>

    <p class='ocr_par' dir='ltr' id='par_1_6' title="bbox 411 3785 1966 4617">
     <span class='ocr_line' id='line_1_22' title="bbox 514 3785 1966 3888; baseline 0.004 -26"><span class='ocrx_word' id='word_1_198' title='bbox 514 3788 579 3863; x_wconf 92' lang='lat' dir='ltr'><strong>Pro</strong></span> <span class='ocrx_word' id='word_1_199' title='bbox 606 3787 747 3864; x_wconf 85' lang='lat' dir='ltr'><strong>firmiori</strong></span> <span class='ocrx_word' id='word_1_200' title='bbox 773 3789 918 3866; x_wconf 87' lang='lat' dir='ltr'><strong>foederis</strong></span> <span class='ocrx_word' id='word_1_201' title='bbox 944 3789 1033 3867; x_wconf 90' lang='lat' dir='ltr'><strong>inter</strong></span> <span class='ocrx_word' id='word_1_202' title='bbox 1068 3790 1188 3866; x_wconf 87' lang='lat' dir='ltr'><strong>Belum</strong></span> <span class='ocrx_word' id='word_1_203' title='bbox 1214 3785 1414 3888; x_wconf 89' lang='lat' dir='ltr'><strong>Huugariae</strong></span> <span class='ocrx_word' id='word_1_204' title='bbox 1440 3791 1476 3866; x_wconf 88' lang='lat' dir='ltr'><strong>et</strong></span> <span class='ocrx_word' id='word_1_205' title='bbox 1501 3789 1726 3866; x_wconf 89' lang='lat' dir='ltr'><strong>Premislaum</strong></span> <span class='ocrx_word' id='word_1_206' title='bbox 1752 3791 1841 3868; x_wconf 88' lang='lat' dir='ltr'><strong>alias</strong></span> <span class='ocrx_word' id='word_1_207' title='bbox 1867 3793 1966 3868; x_wconf 82' lang='lat' dir='ltr'><strong>Ollo-</strong></span> 
     </span>
     <span class='ocr_line' id='line_1_23' title="bbox 411 3909 1964 4010; baseline 0.003 -26"><span class='ocrx_word' id='word_1_208' title='bbox 411 3909 532 3984; x_wconf 85' lang='lat' dir='ltr'><strong>karum</strong></span> <span class='ocrx_word' id='word_1_209' title='bbox 568 3909 759 4004; x_wconf 77' lang='lat' dir='ltr'><strong>Bononiae,</strong></span> <span class='ocrx_word' id='word_1_210' title='bbox 798 3911 910 4008; x_wconf 89' lang='lat' dir='ltr'><strong>Reges</strong></span> <span class='ocrx_word' id='word_1_211' title='bbox 937 3910 1008 4004; x_wconf 85' lang='lat' dir='ltr'><strong>iuti,</strong></span> <span class='ocrx_word' id='word_1_212' title='bbox 1045 3911 1205 4008; x_wconf 87' lang='lat' dir='ltr'><strong>glutinio,</strong></span> <span class='ocrx_word' id='word_1_213' title='bbox 1233 3913 1320 3990; x_wconf 91' lang='lat' dir='ltr'><strong>Bola</strong></span> <span class='ocrx_word' id='word_1_214' title='bbox 1354 3915 1444 4004; x_wconf 80' lang='lat' dir='ltr'><strong>Dux,</strong></span> <span class='ocrx_word' id='word_1_215' title='bbox 1480 3910 1574 3987; x_wconf 90' lang='lat' dir='ltr'><strong>filius</strong></span> <span class='ocrx_word' id='word_1_216' title='bbox 1600 3913 1705 3989; x_wconf 87' lang='lat' dir='ltr'><strong>Belae</strong></span> <span class='ocrx_word' id='word_1_217' title='bbox 1731 3913 1838 4010; x_wconf 86' lang='lat' dir='ltr'><strong>Regis</strong></span> <span class='ocrx_word' id='word_1_218' title='bbox 1864 3914 1964 3990; x_wconf 90' lang='lat' dir='ltr'><strong>Hun-</strong></span> 
     </span>
     <span class='ocr_line' id='line_1_24' title="bbox 411 4029 1964 4130; baseline 0.002 -24"><span class='ocrx_word' id='word_1_219' title='bbox 411 4029 528 4126; x_wconf 90' lang='lat' dir='ltr'><strong>gariae</strong></span> <span class='ocrx_word' id='word_1_220' title='bbox 538 4085 549 4123; x_wconf 90' lang='lat'><strong><em>,</em></strong></span> <span class='ocrx_word' id='word_1_221' title='bbox 585 4031 835 4129; x_wconf 83' lang='lat' dir='ltr'><strong>Kunegundem</strong></span> <span class='ocrx_word' id='word_1_222' title='bbox 879 4032 987 4108; x_wconf 90' lang='lat' dir='ltr'><strong>filiam</strong></span> <span class='ocrx_word' id='word_1_223' title='bbox 1027 4033 1162 4108; x_wconf 87' lang='lat' dir='ltr'><strong>Ottonis</strong></span> <span class='ocrx_word' id='word_1_224' title='bbox 1202 4034 1297 4109; x_wconf 85' lang='lat' dir='ltr'><strong>tertii</strong></span> <span class='ocrx_word' id='word_1_225' title='bbox 1336 4032 1538 4110; x_wconf 85' lang='lat' dir='ltr'><strong>llarohionis</strong></span> <span class='ocrx_word' id='word_1_226' title='bbox 1572 4035 1886 4130; x_wconf 84' lang='lat' dir='ltr'><strong>Brundeburgonsis</strong></span> <span class='ocrx_word' id='word_1_227' title='bbox 1921 4059 1964 4110; x_wconf 82' lang='lat' dir='ltr'><strong>ox</strong></span> 
     </span>
     <span class='ocr_line' id='line_1_25' title="bbox 411 4152 1959 4252; baseline 0.003 -25"><span class='ocrx_word' id='word_1_228' title='bbox 411 4152 567 4230; x_wconf 86' lang='lat' dir='ltr'><strong>Beatrieo</strong></span> <span class='ocrx_word' id='word_1_229' title='bbox 593 4153 667 4231; x_wconf 86' lang='lat' dir='ltr'><strong>filia</strong></span> <span class='ocrx_word' id='word_1_230' title='bbox 692 4154 887 4233; x_wconf 85' lang='lat' dir='ltr'><strong>Weneeslai</strong></span> <span class='ocrx_word' id='word_1_231' title='bbox 912 4158 948 4232; x_wconf 88' lang='lat' dir='ltr'><strong>et</strong></span> <span class='ocrx_word' id='word_1_232' title='bbox 974 4176 1085 4231; x_wconf 88' lang='lat' dir='ltr'><strong>sorore</strong></span> <span class='ocrx_word' id='word_1_233' title='bbox 1120 4155 1277 4231; x_wconf 81' lang='lat' dir='ltr'><strong>Ottolruri</strong></span> <span class='ocrx_word' id='word_1_234' title='bbox 1303 4156 1373 4232; x_wconf 83' lang='lat' dir='ltr'><strong>sive</strong></span> <span class='ocrx_word' id='word_1_235' title='bbox 1399 4153 1579 4232; x_wconf 89' lang='lat' dir='ltr'><strong>Premislai</strong></span> <span class='ocrx_word' id='word_1_236' title='bbox 1604 4156 1786 4232; x_wconf 86' lang='lat' dir='ltr'><strong>Bolromioe</strong></span> <span class='ocrx_word' id='word_1_237' title='bbox 1813 4157 1959 4252; x_wconf 87' lang='lat' dir='ltr'><strong>Regum,</strong></span> 
     </span>
     <span class='ocr_line' id='line_1_26' title="bbox 412 4276 1963 4374; baseline 0.003 -25"><span class='ocrx_word' id='word_1_238' title='bbox 412 4277 616 4370; x_wconf 76' lang='lat' dir='ltr'><strong>susceptam,</strong></span> <span class='ocrx_word' id='word_1_239' title='bbox 644 4277 770 4373; x_wconf 82' lang='lat' dir='ltr'><strong>arripit</strong></span> <span class='ocrx_word' id='word_1_240' title='bbox 796 4276 833 4352; x_wconf 93' lang='lat' dir='ltr'><strong>in</strong></span> <span class='ocrx_word' id='word_1_241' title='bbox 860 4299 1011 4352; x_wconf 83' lang='lat' dir='ltr'><strong>uxorem.</strong></span> <span class='ocrx_word' id='word_1_242' title='bbox 1039 4277 1105 4353; x_wconf 84' lang='lat' dir='ltr'><strong>Sed</strong></span> <span class='ocrx_word' id='word_1_243' title='bbox 1131 4299 1253 4372; x_wconf 91' lang='lat' dir='ltr'><strong>sponso</strong></span> <span class='ocrx_word' id='word_1_244' title='bbox 1281 4278 1366 4354; x_wconf 87' lang='lat' dir='ltr'><strong>Bela</strong></span> <span class='ocrx_word' id='word_1_245' title='bbox 1393 4279 1471 4372; x_wconf 88' lang='lat' dir='ltr'><strong>post</strong></span> <span class='ocrx_word' id='word_1_246' title='bbox 1496 4277 1670 4354; x_wconf 88' lang='lat' dir='ltr'><strong>biennium</strong></span> <span class='ocrx_word' id='word_1_247' title='bbox 1696 4280 1837 4370; x_wconf 86' lang='lat' dir='ltr'><strong>mortuo,</strong></span> <span class='ocrx_word' id='word_1_248' title='bbox 1867 4301 1963 4374; x_wconf 90' lang='lat' dir='ltr'><strong>prae·</strong></span> 
     </span>
     <span class='ocr_line' id='line_1_27' title="bbox 411 4395 1962 4496; baseline 0.003 -27"><span class='ocrx_word' id='word_1_249' title='bbox 411 4395 486 4472; x_wconf 84' lang='lat' dir='ltr'><strong>futu</strong></span> <span class='ocrx_word' id='word_1_250' title='bbox 511 4397 737 4494; x_wconf 86' lang='lat' dir='ltr'><strong>Kunegundis</strong></span> <span class='ocrx_word' id='word_1_251' title='bbox 764 4397 850 4474; x_wconf 84' lang='lat' dir='ltr'><strong>Duri</strong></span> <span class='ocrx_word' id='word_1_252' title='bbox 877 4397 995 4493; x_wconf 88' lang='lat' dir='ltr'><strong>nupsit</strong></span> <span class='ocrx_word' id='word_1_253' title='bbox 1020 4398 1287 4494; x_wconf 82' lang='lat' dir='ltr'><strong>luneburgensi.</strong></span> <span class='ocrx_word' id='word_1_254' title='bbox 1316 4397 1469 4474; x_wconf 83' lang='lat' dir='ltr'><strong>Alterius</strong></span> <span class='ocrx_word' id='word_1_255' title='bbox 1495 4421 1673 4496; x_wconf 85' lang='lat' dir='ltr'><strong>germanae</strong></span> <span class='ocrx_word' id='word_1_256' title='bbox 1700 4421 1780 4476; x_wconf 82' lang='lat' dir='ltr'><strong>suae</strong></span> <span class='ocrx_word' id='word_1_257' title='bbox 1805 4399 1962 4476; x_wconf 89' lang='lat' dir='ltr'><strong>lleehtil·</strong></span> 
     </span>
     <span class='ocr_line' id='line_1_28' title="bbox 412 4517 1419 4617; baseline 0.003 -26"><span class='ocrx_word' id='word_1_258' title='bbox 412 4517 465 4592; x_wconf 86' lang='lat' dir='ltr'><strong>dls</strong></span> <span class='ocrx_word' id='word_1_259' title='bbox 491 4519 686 4617; x_wconf 80' lang='lat' dir='ltr'><strong>coniugium</strong></span> <span class='ocrx_word' id='word_1_260' title='bbox 712 4519 849 4596; x_wconf 85' lang='lat' dir='ltr'><strong>Baruin</strong></span> <span class='ocrx_word' id='word_1_261' title='bbox 875 4519 1052 4596; x_wconf 83' lang='lat' dir='ltr'><strong>Slauorum</strong></span> <span class='ocrx_word' id='word_1_262' title='bbox 1078 4521 1159 4595; x_wconf 88' lang='lat' dir='ltr'><strong>Dux</strong></span> <span class='ocrx_word' id='word_1_263' title='bbox 1185 4519 1328 4598; x_wconf 88' lang='lat' dir='ltr'><strong>sortitus</strong></span> <span class='ocrx_word' id='word_1_264' title='bbox 1354 4523 1419 4598; x_wconf 87' lang='lat' dir='ltr'><strong>ost.</strong></span> 
     </span>
    </p>
   </div>
   <div class='ocr_carea' id='block_1_6' title="bbox 485 4849 1898 5066">
    <p class='ocr_par' dir='ltr' id='par_1_7' title="bbox 485 4849 1898 5066">
     <span class='ocr_line' id='line_1_29' title="bbox 485 4849 1898 4946; baseline 0.003 -22"><span class='ocrx_word' id='word_1_265' title='bbox 485 4849 634 4926; x_wconf 74' lang='lat' dir='ltr'><strong>tanaim</strong></span> <span class='ocrx_word' id='word_1_266' title='bbox 661 4867 799 4944; x_wconf 81' lang='lat' dir='ltr'><strong>magnus</strong></span> <span class='ocrx_word' id='word_1_267' title='bbox 827 4849 994 4944; x_wconf 81' lang='lat' dir='ltr'><strong>apparuit:</strong></span> <span class='ocrx_word' id='word_1_268' title='bbox 1022 4849 1114 4925; x_wconf 76' lang='lat' dir='ltr'><strong>euius</strong></span> <span class='ocrx_word' id='word_1_269' title='bbox 1142 4851 1378 4946; x_wconf 82' lang='lat' dir='ltr'><strong>apparltlonam</strong></span> <span class='ocrx_word' id='word_1_270' title='bbox 1405 4849 1561 4926; x_wconf 79' lang='lat' dir='ltr'><strong>derasam</strong></span> <span class='ocrx_word' id='word_1_271' title='bbox 1587 4849 1704 4928; x_wconf 74' lang='lat' dir='ltr'><strong>Urbani</strong></span> <span class='ocrx_word' id='word_1_272' title='bbox 1730 4850 1836 4946; x_wconf 80' lang='lat' dir='ltr'><strong>lupar</strong></span> <span class='ocrx_word' id='word_1_273' title='bbox 1863 4857 1898 4928; x_wconf 84' lang='lat' dir='ltr'><strong>ot</strong></span> 
     </span>
     <span class='ocr_line' id='line_1_30' title="bbox 737 4972 1642 5066; baseline 0.002 -20"><span class='ocrx_word' id='word_1_274' title='bbox 737 4973 924 5047; x_wconf 76' lang='lat' dir='ltr'><strong>mortalitas</strong></span> <span class='ocrx_word' id='word_1_275' title='bbox 950 4972 1192 5066; x_wconf 81' lang='lat' dir='ltr'><strong>qualmpalum</strong></span> <span class='ocrx_word' id='word_1_276' title='bbox 1220 4974 1253 5046; x_wconf 88' lang='lat' dir='ltr'><strong>in</strong></span> <span class='ocrx_word' id='word_1_277' title='bbox 1278 4975 1412 5048; x_wconf 83' lang='lat' dir='ltr'><strong>l’olonla</strong></span> <span class='ocrx_word' id='word_1_278' title='bbox 1440 4978 1555 5048; x_wconf 81' lang='lat' dir='ltr'><strong>serula</strong></span> <span class='ocrx_word' id='word_1_279' title='bbox 1582 4978 1642 5048; x_wconf 77' lang='lat' dir='ltr'><strong>om</strong></span> 
     </span>
    </p>
   </div>
   <div class='ocr_carea' id='block_1_7' title="bbox 516 5174 1996 5276">
    <p class='ocr_par' dir='ltr' id='par_1_8' title="bbox 516 5174 1996 5276">
     <span class='ocr_line' id='line_1_31' title="bbox 516 5174 1996 5276; baseline 0.001 -23"><span class='ocrx_word' id='word_1_280' title='bbox 516 5177 678 5272; x_wconf 70' lang='lat' dir='ltr'><strong>Cometes,</strong></span> <span class='ocrx_word' id='word_1_281' title='bbox 707 5174 778 5254; x_wconf 87' lang='lat' dir='ltr'><strong>sire</strong></span> <span class='ocrx_word' id='word_1_282' title='bbox 804 5175 897 5254; x_wconf 86' lang='lat' dir='ltr'><strong>sidus</strong></span> <span class='ocrx_word' id='word_1_283' title='bbox 924 5199 1101 5256; x_wconf 88' lang='lat' dir='ltr'><strong>aooensum</strong></span> <span class='ocrx_word' id='word_1_284' title='bbox 1129 5180 1165 5254; x_wconf 88' lang='lat' dir='ltr'><strong>el</strong></span> <span class='ocrx_word' id='word_1_285' title='bbox 1183 5179 1344 5276; x_wconf 85' lang='lat' dir='ltr'><strong>ignitum,</strong></span> <span class='ocrx_word' id='word_1_286' title='bbox 1372 5181 1444 5256; x_wconf 83' lang='lat' dir='ltr'><strong>lum</strong></span> <span class='ocrx_word' id='word_1_287' title='bbox 1470 5181 1588 5276; x_wconf 87' lang='lat' dir='ltr'><strong>largus</strong></span> <span class='ocrx_word' id='word_1_288' title='bbox 1615 5179 1651 5254; x_wconf 85' lang='lat' dir='ltr'><strong>ol</strong></span> <span class='ocrx_word' id='word_1_289' title='bbox 1676 5177 1855 5273; x_wconf 86' lang='lat' dir='ltr'><strong>mirabilis,</strong></span> <span class='ocrx_word' id='word_1_290' title='bbox 1883 5201 1962 5275; x_wconf 84' lang='lat' dir='ltr'><strong>qua·</strong></span> <span class='ocrx_word' id='word_1_291' title='bbox 1994 5264 1996 5272; x_wconf 51' lang='grc'>,</span> 
     </span>
    </p>
   </div>
   <div class='ocr_carea' id='block_1_8' title="bbox 414 5401 1963 5574">
    <p class='ocr_par' dir='ltr' id='par_1_9' title="bbox 414 5401 1963 5574">
     <span class='ocr_line' id='line_1_32' title="bbox 521 5401 1963 5487; baseline 0.001 -22"><span class='ocrx_word' id='word_1_292' title='bbox 521 5402 546 5484; x_wconf 88' lang='lat'><strong>¹)</strong></span> <span class='ocrx_word' id='word_1_293' title='bbox 568 5421 667 5466; x_wconf 88' lang='lat' dir='ltr'><strong>muros</strong></span> <span class='ocrx_word' id='word_1_294' title='bbox 701 5403 773 5467; x_wconf 74' lang='lat' dir='ltr'><strong>(lod.</strong></span> <span class='ocrx_word' id='word_1_295' title='bbox 795 5407 888 5469; x_wconf 68' lang='lat' dir='ltr'><strong>noer.</strong></span> <span class='ocrx_word' id='word_1_296' title='bbox 928 5403 956 5485; x_wconf 64' lang='grc' dir='ltr'><strong>ς)</strong></span> <span class='ocrx_word' id='word_1_297' title='bbox 978 5423 1044 5466; x_wconf 88' lang='lat' dir='ltr'><strong>omn</strong></span> <span class='ocrx_word' id='word_1_298' title='bbox 1066 5407 1144 5470; x_wconf 77' lang='lat' dir='ltr'><strong>deest</strong></span> <span class='ocrx_word' id='word_1_299' title='bbox 1168 5407 1205 5469; x_wconf 78' lang='lat' dir='ltr'><strong>ia</strong></span> <span class='ocrx_word' id='word_1_300' title='bbox 1230 5405 1303 5470; x_wconf 76' lang='lat' dir='ltr'><strong>eoa.</strong></span> <span class='ocrx_word' id='word_1_301' title='bbox 1326 5405 1400 5470; x_wconf 79' lang='lat' dir='ltr'><strong>Aul.</strong></span> <span class='ocrx_word' id='word_1_302' title='bbox 1439 5403 1469 5487; x_wconf 82' lang='lat'><strong>³)</strong></span> <span class='ocrx_word' id='word_1_303' title='bbox 1491 5413 1589 5469; x_wconf 87' lang='lat' dir='ltr'><strong>aulem</strong></span> <span class='ocrx_word' id='word_1_304' title='bbox 1619 5406 1681 5468; x_wconf 74' lang='lat' dir='ltr'><strong>Ea.</strong></span> <span class='ocrx_word' id='word_1_305' title='bbox 1702 5405 1790 5483; x_wconf 79' lang='lat' dir='ltr'><strong>Lipa.</strong></span> <span class='ocrx_word' id='word_1_306' title='bbox 1830 5401 1860 5487; x_wconf 74' lang='grc'><strong>4)</strong></span> <span class='ocrx_word' id='word_1_307' title='bbox 1883 5412 1915 5468; x_wconf 84' lang='lat' dir='ltr'><strong>et</strong></span> <span class='ocrx_word' id='word_1_308' title='bbox 1934 5407 1963 5465; x_wconf 89' lang='lat' dir='ltr'><strong>in</strong></span> 
     </span>
     <span class='ocr_line' id='line_1_33' title="bbox 414 5507 1015 5574; baseline -0.003 0"><span class='ocrx_word' id='word_1_309' title='bbox 414 5507 554 5574; x_wconf 84' lang='lat' dir='ltr'><strong>auxilium</strong></span> <span class='ocrx_word' id='word_1_310' title='bbox 576 5511 633 5573; x_wconf 84' lang='lat' dir='ltr'><strong>sibi</strong></span> <span class='ocrx_word' id='word_1_311' title='bbox 656 5511 802 5573; x_wconf 82' lang='lat' dir='ltr'><strong>adiunctis</strong></span> <span class='ocrx_word' id='word_1_312' title='bbox 829 5509 900 5574; x_wconf 76' lang='lat' dir='ltr'><strong>eoa.</strong></span> <span class='ocrx_word' id='word_1_313' title='bbox 922 5509 1015 5574; x_wconf 75' lang='lat' dir='ltr'><strong>Roer.</strong></span> 
     </span>
    </p>
   </div>
   <div class='ocr_carea' id='block_1_9' title="bbox 0 0 2088 6288">
    <p class='ocr_par' dir='ltr' id='par_1_10' title="bbox 0 0 2088 6288">
     <span class='ocr_line' id='line_1_34' title="bbox 0 0 2088 6288; baseline 0 0"><span class='ocrx_word' id='word_1_314' title='bbox 0 0 2088 6288; x_wconf 95' lang='lat' dir='ltr'><strong> </strong></span> 
     </span>
    </p>
   </div>
  </div>
 </body>
</html>
