4172 6278
386 531 463 607 200
1016 554 1128 608 nunna
1155 553 1308 610 suxnus.
1669 525 1738 634 (Α.
1758 529 1805 608 Β.
1823 529 1936 635 1219.)

384 741 513 838 Regem
539 739 747 836 perveniens,
784 740 895 816 causis
922 739 1055 818 itineris
1082 740 1259 839 expositis,
1288 741 1434 819 humane
1460 739 1633 837 amiceque
1659 743 1702 818 ab
1727 741 1788 820 illo
1814 765 1935 840 excep·

383 864 453 953 tus,
480 865 572 939 fotus
598 864 633 939 et
659 862 798 938 babitus
819 863 843 958 ¹)
869 864 934 938 est.

794 1337 795 1340 ,
834 1215 1043 1338 ANNUS
1077 1223 1304 1338 DOMINI
1339 1225 1470 1342 1215.
1557 1218 1561 1222 ’

471 1471 641 1546 canonicis
668 1472 827 1546 ecclesiae
854 1473 1078 1547 bracariensis
1103 1474 1308 1564 relectiones,
1335 1475 1374 1548 nt
1399 1477 1529 1564 vocant,
1558 1473 1734 1549 institutae
1761 1478 1847 1548 rant

488 1714 643 1790 Nobilem
678 1715 714 1790 et
748 1713 919 1791 illustrem
959 1713 1211 1791 Gracomensem
1250 1714 1427 1791 ecclesiam
1467 1714 1667 1791 Vincentius
1706 1715 1935 1792 cracoviensis

384 1836 639 1932 episcopussub
667 1836 884 1932 pontificatus
910 1839 1061 1932 tempore
1088 1837 1237 1933 amplius
1264 1837 1510 1930 illustraturus,
1548 1860 1608 1933 pro
1634 1837 1798 1913 habendis
1824 1839 1936 1932 quoti·

384 1959 494 2032 dionis
528 1957 767 2034 refectionibus
802 1958 957 2034 undecim
992 1957 1139 2034 decimas
1174 1958 1403 2054 manipulares
1438 1961 1474 2034 et
1508 1966 1636 2054 septem
1674 1959 1867 2055 pecnniclss
1899 1959 1935 2033 in

382 2079 477 2156 uillis
504 2080 718 2156 circumcirca
744 2080 881 2156 llcchou
907 2080 1068 2176 oppidum
1091 2080 1178 2172 sitis,
1207 2083 1250 2156 ad
1278 2103 1428 2156 mensam
1455 2103 1550 2156 suam
1577 2081 1800 2176 episcopalem
1827 2081 1932 2177 perti·

383 2203 502 2277 nentes
517 2201 557 2297 Ἰ),
585 2201 765 2278 donatione
800 2204 965 2298 perpetua
1000 2202 1147 2278 contulit
1173 2204 1208 2277 st
1234 2202 1391 2278 donavit:
1420 2223 1632 2295 arquatum
1672 2203 1870 2278 introitibus
1897 2203 1933 2277 in

383 2323 472 2415 uino,
500 2321 737 2415 luminaribus,
774 2323 982 2415 caeterisque
1010 2323 1081 2398 suis
1107 2323 1370 2400 necessitutibus
1400 2327 1600 2420 prenarratur
1626 2323 1856 2401 cracoviensis
1882 2345 1936 2400 ec·

383 2443 498 2536 alesia,
536 2445 571 2520 et
606 2443 782 2540 praelatis,
820 2444 1056 2536 canonicisque
1091 2443 1268 2520 eeclesiam
1282 2442 1311 2539 ³)
1347 2444 1642 2536 frequentantibus
1677 2445 1934 2520 distributiones
1979 2471 1986 2478 ·

384 2565 602 2657 quotidianae
615 2566 643 2663 ⁴)
670 2567 877 2663 largiuntur.
921 2566 1073 2642 Nimium
1099 2567 1304 2658 tortnnruus,
1334 2566 1541 2661 nimiumque
1567 2567 1720 2642 liberulis
1747 2566 1934 2663 episcopus,

385 2689 524 2762 aeterna
550 2687 587 2761 in
613 2687 713 2762 laude
739 2688 940 2780 versandus,
977 2687 1037 2782 qui
1052 2687 1081 2782 ⁵)
1107 2689 1143 2763 et
1170 2687 1331 2764 ecclesiae
1366 2710 1446 2763 suae
1481 2687 1628 2783 prouidit
1664 2687 1934 2779 necessitatibus,

384 2811 419 2884 et
446 2809 631 2905 plurimum
657 2808 711 2883 illi
738 2809 885 2885 contulit
911 2808 1135 2885 stabilimentl
1161 2812 1197 2885 et
1219 2809 1357 2901 decoris,
1386 2809 1631 2904 amplissimam
1658 2809 1710 2885 sui
1738 2809 1818 2885 doni
1844 2833 1934 2886 com·

385 2929 617 3026 pausationem
653 2953 715 3026 per
751 2931 897 3027 gratiam
932 2929 1107 3006 Pontllicis
1142 2932 1177 3006 et
1212 2931 1487 3006 Remuneratoris
1522 2931 1658 3027 superni
1694 2931 1827 3007 abunde
1867 2931 1936 3006 iam

384 3055 595 3128 consecutus.
623 3053 675 3127 Ne
700 3055 815 3128 autem
840 3054 882 3128 de
908 3051 1099 3127 nominibus
1125 3052 1286 3128 villarum
1312 3052 1459 3128 decimas
1485 3052 1676 3128 huiusmodi
1709 3052 1933 3144 afferentium,

384 3173 588 3269 aquopiam
623 3173 751 3270 ambigi
787 3173 906 3270 possit,
944 3173 1046 3250 etium
1083 3173 1220 3250 nomina
1256 3195 1372 3250 earum
1408 3173 1547 3266 inserui,
1585 3176 1621 3250 et
1655 3175 1764 3270 primo
1798 3175 1934 3268 quidem

384 3297 669 3393 manipularium:
707 3297 873 3394 Gnoyuylr
884 3349 896 3388 ‚
931 3295 1189 3392 Gotlrprzidoua
1202 3297 1242 3392 ⁶),
1279 3297 1471 3394 lhpmmra,
1509 3297 1698 3374 Tuorkoua
1712 3297 1752 3392 7),
1789 3298 1933 3390 Iarban,

383 3419 545 3516 ngusnd
560 3420 600 3515 ⁸),
628 3419 896 3515 opothkouiene,
918 3419 1173 3513 nuceslauioze,
1192 3419 1448 3496 Fasczesehous
1462 3419 1502 3514 ⁹),
1522 3419 1715 3496 Kcnozislrs
1733 3422 1768 3496 ct
1784 3419 1933 3515 Zdanpa;

383 3541 465 3617 item
493 3539 740 3637 pecunialium:
777 3543 966 3632 Bmoaoua,
995 3542 1154 3634 Olenoua,
1183 3542 1298 3633 Slona,
1327 3541 1496 3638 Byesanilr
1515 3539 1570 3636 ¹⁰),
1598 3541 1765 3632 Policbta,
1793 3542 1934 3629 Posnnru

383 3663 466 3739 item
493 3663 529 3738 ln
555 3664 678 3760 oppido
704 3663 944 3740 Kanimiriensi
971 3662 1179 3740 (lrccouiensi
1206 3663 1282 3740 urbi
1302 3664 1345 3759 ¹¹)
1371 3663 1492 3756 ricino,
1529 3663 1580 3739 ita
1606 3665 1646 3738 ut
1672 3663 1810 3739 candela
1836 3663 1933 3738 inex·

383 3785 579 3880 tingulbilis
606 3789 704 3862 nocte
731 3786 851 3881 dieque
878 3787 995 3862 ardeat
1020 3785 1057 3861 in
1083 3787 1197 3879 altari,
1225 3786 1394 3880 reliquum
1416 3786 1569 3863 canonici
1595 3786 1631 3860 in
1657 3807 1736 3862 suos
1754 3807 1837 3860 usus
1854 3807 1932 3861 con·

383 3908 508 3984 ferant.
553 3909 721 3986 deserunt
747 3909 809 3985 alii
846 3908 992 3984 decimes
1028 3909 1120 4004 ipsas
1155 3933 1222 3986 non
1257 3931 1394 3987 mensae
1429 3908 1651 4006 episcopalis,
1688 3909 1747 3986 ssd
1773 3908 1934 3986 ccclesiae

383 4029 428 4103 de
443 4028 490 4124 ¹²)
514 4029 651 4107 duchon
677 4029 846 4108 extitisse.

459 4395 495 4468 ln
512 4394 722 4470 lutcnmml
750 4395 894 4470 concillo
922 4397 1066 4472 Sanctum
1092 4396 1277 4470 bonlnlcm
1296 4395 1441 4471 ordinem
1463 4395 1734 4490 hominatum,
1760 4415 1857 4492 quen

407 4517 615 4608 lmtitaomt,
643 4521 679 4592 et
706 4521 847 4592 bandus
873 4518 1063 4593 lranciscm
1091 4518 1203 4593 itidem
1230 4519 1374 4593 ordino·
1401 4539 1496 4594 suan
1524 4521 1705 4596 conlrnari
1731 4521 1907 4597 obtinuere.

485 4759 610 4837 Actum
636 4762 689 4836 est
716 4783 754 4837 eo
781 4783 870 4837 anno
896 4761 933 4835 in
960 4784 1073 4837 mense
1100 4762 1280 4838 Nouembri
1317 4765 1407 4858 apud
1433 4764 1637 4841 Lateranum
1665 4764 1852 4840 concilium
1878 4787 1932 4841 ce·

381 4884 474 4960 lebre
499 4886 536 4958 et
561 4883 744 4974 lanosum,
782 4905 843 4979 per
878 4884 1113 4961 Innocentium
1148 4887 1276 4982 Papam
1297 4883 1340 4980 ¹³)
1366 4885 1507 4962 tertium
1541 4889 1805 4984 congregatum,
1843 4887 1932 4980 quod

490 5091 515 5176 ¹)
536 5095 697 5156 honoratus
720 5101 751 5154 et
772 5093 890 5155 habitus
912 5093 973 5154 Ed.
995 5093 1091 5154 Dobr.
1123 5091 1149 5171 l)
1171 5095 1385 5169 pertinentibus
1408 5095 1468 5155 Ed.
1491 5095 1587 5156 Dolor.
1619 5092 1647 5172 ³)
1669 5095 1823 5158 ecclesiam
1837 5097 1934 5172 ipsam

385 5197 457 5259 doc.
479 5197 572 5260 Roas.
612 5195 641 5277 4)
661 5197 831 5274 frequentes
853 5215 888 5258 ac
910 5199 1099 5272 quotidianae
1126 5199 1186 5259 Ed.
1209 5199 1303 5259 Dobr.
1343 5197 1369 5276 ι)
1392 5199 1470 5273 qnod
1497 5199 1569 5261 θοοῦ.
1591 5201 1685 5262 Roaer.
1724 5197 1932 5278 ‘JGolprido

380 5319 425 5364 ma
447 5301 507 5362 Ed.
523 5303 618 5364 Dobr.
655 5300 872 5382 'lTwerlrowa
897 5301 968 5365 Ood.
991 5305 1084 5364 Beer.
1116 5301 1260 5380 ⁸)Uiazd
1282 5303 1342 5364 Ed.
1365 5305 1459 5364 Βοῦν.
1492 5301 1518 5383 “)
1541 5303 1745 5367 laaccschoua
1758 5305 1820 5366 Ed.
1835 5305 1932 5366 Βοῦν.

385 5403 429 5484 ¹⁰)
448 5406 573 5468 Bisznilr
594 5407 641 5468 vel
662 5408 792 5468 Bruznlk
813 5408 875 5470 Ed.
891 5407 985 5469 Βοῦν.
1021 5405 1061 5486 ¹¹)
1084 5407 1244 5470 cracoviae
1267 5407 1325 5470 Ed.
1348 5407 1442 5469 Dobr.
1478 5405 1521 5488 ¹¹²)
1541 5409 1685 5471 ecelesiae
1699 5409 1878 5486 parochialis
1900 5413 1932 5471 in

384 5508 455 5574 God.
478 5513 571 5574 Rosr.
613 5509 654 5592 ¹³)
675 5513 784 5588 Papam
806 5513 887 5575 deest
908 5515 943 5574 io
968 5513 1038 5574 dod.
1061 5513 1134 5574 Aut.
