4162 6288
398 523 474 596 420
1002 543 1114 595 amna
1140 542 1333 596 susumus.
1403 521 1406 526 ’
1534 463 1542 472 ¹
1678 519 1746 617 (Α.
1767 517 1814 596 Ι).
1834 521 1946 618 1271.)
2019 585 2022 590 .

449 853 603 925 brittoni
630 853 727 942 lligro
755 853 788 924 in
815 869 935 924 corona
961 852 1117 924 barano·
1136 851 1328 942 inpotentia
1346 851 1499 924 obiicitur
1517 871 1537 923 a
1555 853 1701 942 coningo,
1728 869 1810 944 quac
1837 851 1896 924 illo

502 975 625 1061 relicto,
647 974 680 1044 in
698 973 896 1044 monastario
924 975 1061 1044 botrum
1087 973 1241 1044 llinomn
1268 973 1440 1044 draconino
1458 990 1514 1062 pm
1533 971 1656 1063 drgim
1674 991 1711 1044 so
1729 972 1845 1062 gessit

502 1213 645 1287 Consors
671 1212 852 1286 Lestkonis
879 1213 979 1306 Nigri
1007 1211 1207 1286 Siradiensis
1234 1211 1347 1302 Ducis,
1387 1211 1528 1287 Ducissa
1554 1212 1732 1306 diciplina,
1760 1212 1947 1286 filiaRos·

399 1335 514 1409 caislai
541 1335 684 1408 Russiae
711 1335 825 1421 Ducis
863 1333 1017 1425 quamuis
1054 1356 1156 1426 prope
1192 1355 1252 1406 sex
1279 1333 1378 1406 annis
1405 1333 1440 1405 in
1467 1333 1531 1406 viri
1559 1333 1613 1406 sui
1641 1333 1821 1408 bestkonis
1848 1333 1950 1426 Nigri

400 1455 616 1530 contubernio
636 1456 762 1548 degens
783 1455 817 1547 ¹),
837 1455 1004 1548 uirginem
1023 1456 1136 1528 tamen
1164 1477 1200 1527 so
1214 1453 1242 1546 2)
1270 1454 1306 1526 in
1332 1475 1407 1527 eam
1434 1453 1532 1542 diem,
1562 1475 1622 1528 nec
1648 1454 1757 1528 auiro
1783 1475 1843 1526 suo
1870 1475 1948 1548 cog-

400 1576 528 1666 uitam,
566 1575 800 1669 impotentiam
837 1579 872 1648 et
898 1575 1122 1668 frigiditatem
1140 1572 1168 1668 3)
1196 1574 1248 1646 illi
1276 1575 1446 1662 abiiciens,
1484 1577 1646 1648 baronum
1674 1575 1709 1648 et
1734 1571 1947 1664 militarium,

400 1700 693 1788 matronarumque
721 1690 974 1770 Siradiensium
991 1697 1148 1769 concione
1175 1696 1346 1783 advocata,
1381 1698 1504 1789 agente
1532 1694 1635 1769 otiam
1662 1695 1832 1768 Lestlone
1858 1695 1950 1768 Duce

400 1840 507 1892 coram
550 1820 584 1890 ot
611 1817 856 1891 accusationem
884 1816 1021 1890 silentio
1049 1815 1239 1909 profitente,
1269 1816 1429 1890 deduxit:
1467 1816 1577 1908 peplo,
1615 1838 1680 1908 quo
1707 1818 1810 1908 caput
1835 1815 1948 1888 obuol-

400 1961 476 2012 uere
516 1941 555 2011 ut
591 1941 699 2030 nupta
735 1939 884 2027 solebat,
932 1937 966 2010 in
1003 1937 1206 2012 monasterio
1242 1938 1386 2010 fratrum
1423 1936 1588 2010 Minorum
1625 1935 1661 2008 in
1688 1934 1847 2010 Oracoria
1888 1936 1951 2008 sub

400 2060 583 2132 multorum
611 2058 802 2151 praesentia
837 2059 999 2148 detracto,
1043 2058 1208 2152 virginem
1235 2079 1271 2130 se
1298 2058 1464 2150 deinceps,
1502 2058 1627 2132 intecto
1654 2057 1764 2151 capite
1791 2057 1948 2130 deambu-

399 2181 487 2269 lano,
516 2201 642 2272 gerere,
671 2178 918 2270 Lestlonisquo
945 2179 1048 2254 Ducis
1075 2179 1241 2254 consortie
1267 2177 1396 2252 evitare
1424 2179 1544 2272 coepit,
1581 2177 1729 2272 coniugii
1756 2174 1948 2250 huiusmodi

400 2299 581 2374 divortium
604 2299 810 2392 quaesitura.

399 2664 523 2735 bullum
549 2663 633 2736 iuter
658 2663 819 2735 liobeum
846 2666 881 2734 ct
907 2664 1075 2753 ilungaros
1102 2663 1274 2754 repetitum
1302 2663 1510 2754 superiorque
1537 2666 1646 2736 factm
1672 2663 1846 2736 boloniae
1872 2663 1948 2752 linx,

847 2785 966 2875 spoliis
993 2787 1133 2856 onustus
1160 2782 1245 2858 rodit
1270 2784 1303 2856 in
1329 2784 1502 2857 lustrian.

503 3023 587 3098 Bela
613 3022 812 3117 Hungariae
838 3023 932 3117 Rege
968 3021 1051 3097 fatis
1087 3025 1277 3117 absumpto,
1316 3025 1351 3098 et
1378 3023 1413 3096 in
1440 3025 1550 3098 locum
1576 3023 1649 3098 eins
1676 3023 1747 3098 filio
1774 3023 1847 3098 eius
1872 3025 1947 3098 Ste-

399 3146 512 3239 phano
540 3166 599 3238 per
625 3143 880 3238 insignitionem
907 3143 1107 3219 diadematis
1134 3146 1322 3239 surrogato,
1351 3145 1478 3220 bellum
1505 3145 1594 3218 inter
1620 3145 1803 3239 Hungaros
1830 3147 1865 3218 et
1882 3146 1947 3218 Bo·

399 3267 514 3340 homos
541 3267 576 3339 et
602 3264 712 3359 pactis
738 3267 773 3339 et
799 3265 970 3338 affinitate
997 3265 1229 3359 compositum,
1267 3288 1346 3339 mox
1373 3265 1620 3359 reintegratum
1647 3267 1711 3340 est.
1758 3265 1876 3340 Idibus
1903 3266 1947 3337 si-

400 3385 534 3476 quidem
552 3383 683 3478 Aprilis
700 3385 881 3459 Bobemiae
908 3387 984 3459 Rex
1011 3385 1216 3460 Premislaus
1235 3385 1323 3458 alias
1350 3387 1546 3474 Ottokarus‚
1575 3389 1723 3459 castrum
1741 3387 1948 3478 Praesaburg

400 3506 443 3579 ad
470 3506 597 3580 fluenta
623 3506 770 3579 Danubii
799 3506 914 3595 situm,
943 3506 1116 3580 hostiliter
1142 3507 1229 3580 illud
1257 3506 1429 3596 invadens,
1459 3506 1638 3596 conquirit.
1680 3505 1779 3600 (lapit
1805 3507 1840 3580 et
1866 3507 1947 3579 Tar-

401 3626 542 3700 naniam
569 3627 605 3700 et
630 3625 777 3714 Nitram‚
807 3628 841 3699 et
868 3626 918 3700 eis
945 3625 1112 3719 spoliatis,
1144 3627 1179 3700 in
1208 3629 1357 3700 caeteras
1392 3627 1596 3701 munitiones
1628 3628 1664 3699 et
1690 3626 1844 3719 regiones
1871 3626 1948 3720 igne

400 3749 435 3820 et
461 3747 579 3840 spoliis
606 3747 725 3820 saevit.
754 3746 883 3820 Habita
911 3747 1046 3837 quidem
1074 3749 1155 3820 suut
1182 3747 1271 3821 inter
1298 3769 1375 3822 suos
1403 3750 1438 3821 et
1464 3748 1704 3841 Hungarorum
1723 3746 1852 3821 milites
1871 3769 1946 3840 par·

400 3868 558 3942 ticularia
584 3867 778 3956 cortamina,
815 3867 943 3942 uariam
976 3869 1099 3942 sortem
1136 3869 1291 3962 partibus
1317 3869 1502 3956 afferentia
1532 3869 1567 3941 in
1595 3889 1810 3961 congressum
1836 3869 1949 3942 tarum

401 3988 575 4063 uniuersae
612 3987 837 4062 dimicationis
873 3993 1013 4080 uterque
1049 3989 1183 4082 Regum
1219 3989 1332 4063 venire
1368 3989 1515 4078 distulit,
1555 3991 1721 4081 ponteque
1748 3987 1784 4060 in
1811 3987 1947 4061 flumine

400 4110 497 4182 Raab
524 4111 678 4202 abrupto,
708 4111 913 4183 Premislaus
941 4109 1122 4183 Bohemiae
1149 4111 1226 4183 Rex
1253 4110 1385 4202 praedis
1413 4113 1448 4183 ot
1474 4110 1593 4203 spoliis
1629 4112 1781 4199 onustus,
1816 4109 1852 4182 in
1878 4109 1946 4183 Au-

401 4230 530 4318 sbiam,
560 4252 646 4320 quae
673 4233 754 4302 tunc
781 4231 814 4301 in
844 4252 906 4304 sua
932 4230 1060 4304 ditione
1087 4231 1302 4319 consistebat,
1332 4231 1451 4302 multis
1479 4231 1646 4304 militibus
1664 4229 1809 4320 amissio,
1838 4230 1947 4303 rediit.

401 4350 492 4443 Quae
518 4372 556 4423 eo
582 4373 626 4424 ex
652 4352 832 4443 Hungaria
857 4351 1059 4438 discedente,
1088 4351 1207 4424 multis
1230 4354 1265 4425 et
1283 4351 1384 4424 uariis
1411 4354 1482 4425 tam
1509 4351 1627 4446 spoliis
1653 4373 1753 4444 quam
1773 4351 1946 4442 incendiis

402 4493 460 4562 per
487 4471 726 4564 Hungarorum
755 4472 881 4546 milites
908 4475 1032 4546 uexata
1059 4475 1163 4562 atque
1189 4471 1348 4546 lacessita
1366 4473 1429 4546 est.

400 4834 521 4906 Electio
549 4835 653 4925 Papae
680 4835 896 4907 cardinalium
923 4835 1088 4907 discordia
1115 4837 1148 4906 in
1175 4835 1337 4906 biennium
1372 4835 1577 4927 producitur;
1612 4835 1744 4908 undem
1779 4835 1946 4926 drogonus

1022 4954 1168 5026 decimus
1188 4955 1328 5044 cligitur.

505 5192 619 5264 Prima
640 5193 848 5286 Septembris
866 5193 930 5284 dio,
960 5192 1155 5268 Gardinales
1174 5193 1344 5269 Ecclesiae
1362 5194 1544 5284 Romanae,
1573 5194 1643 5286 qui,
1672 5195 1782 5268 satore
1800 5191 1945 5268 zizaniae

511 5451 534 5529 ¹)
558 5454 679 5528 degeret
706 5452 776 5514 Ood.
799 5453 890 5514 Rorr.
930 5449 957 5529 Ξ)
979 5470 1011 5512 se
1034 5453 1125 5527 gessit
1150 5449 1222 5514 Ood.
1244 5453 1336 5516 Reor.
1376 5450 1405 5530 ³)
1428 5451 1616 5528 fragilitatem
1642 5451 1714 5514 coa.
1736 5453 1829 5515 Roer,
