4162 6288
987 567 1097 617 nmen
1124 567 1319 620 snrrrmus.
1613 557 1615 562 '
1647 545 1715 644 (Α.
1734 545 1783 622 D.
1805 543 1952 644 1257.)

680 873 837 946 rmdauo
865 873 1088 946 cracoviensis
1116 873 1268 956 riritrtis
1294 873 1327 945 in
1354 873 1423 946 irre
1449 874 1634 948 leubrico.

487 1114 614 1188 Urbem
638 1109 745 1187 'suam
780 1111 1033 1188 Oracoriensem
1076 1113 1252 1188 Boleslaus
1287 1112 1434 1188 Pudicus
1469 1111 1697 1188 Oracoriensis
1732 1115 1768 1189 ct
1803 1115 1930 1189 Sando-

386 1233 555 1308 miriensis
580 1237 660 1309 Dux
685 1234 730 1308 ad
756 1233 972 1325 incrementa,
1002 1255 1088 1324 quae
1114 1237 1177 1309 sub
1203 1233 1339 1308 Polonis
1365 1236 1401 1308 et
1426 1232 1499 1309 iure
1524 1233 1681 1310 Polonioo
1711 1235 1846 1326 assequi
1865 1257 1932 1338 non

385 1357 528 1449 potarat,
557 1355 789 1449 perducturus,
816 1353 870 1428 ius
897 1353 949 1426 illi
976 1353 1124 1448 largitur
1150 1355 1332 1429 Srzedense
1364 1375 1423 1429 seu
1451 1353 1689 1446 Teutonicum,
1717 1355 1932 1430 advocatum·

386 1497 450 1569 que
476 1475 512 1549 in
538 1497 579 1551 ea
604 1474 793 1565 constituit,
831 1474 890 1565 qui
917 1473 1010 1548 urbis
1035 1473 1140 1548 situm
1167 1475 1201 1548 ct
1227 1475 1383 1567 domosb
1417 1474 1543 1568 passim
1570 1477 1606 1549 et
1637 1474 1710 1550 sine
1736 1477 1832 1570 lege,
1860 1476 1933 1550 sinc

386 1595 501 1670 ordine
528 1595 750 1672 consistentes
766 1593 804 1688 ι),
833 1595 1021 1669 translocat
1048 1597 1083 1670 et
1109 1596 1328 1686 transmutet,
1364 1599 1400 1670 et
1426 1595 1512 1670 circo
1539 1595 1633 1670 urbis
1669 1595 1816 1690 primum
1842 1596 1931 1671 ordi-

386 1717 477 1806 nato,
506 1715 609 1790 otiam
637 1716 770 1809 pluteus
797 1714 906 1809 ipsius
932 1713 1307 1810 proportionabiliterl)
1334 1716 1370 1790 et
1395 1737 1439 1790 ex
1462 1737 1571 1808 aequo
1599 1715 1793 1812 distinguit.

420 2078 577 2154 fundatio
603 2079 796 2154 nonasterii
822 2080 967 2152 lratmm
994 2077 1034 2150 do
1061 2079 1261 2170 poenitum
1287 2081 1460 2153 mauron
1486 2081 1660 2172 lartprrn
1687 2081 1721 2152 in
1747 2081 1901 2155 bracerio

867 2260 872 2270 ,
925 2218 989 2300 par
1015 2200 1199 2273 solearum
1225 2199 1387 2273 ludicen.

489 2439 683 2514 Alexander
709 2441 803 2534 Papa
828 2443 971 2531 quartus
998 2461 1118 2513 noram
1143 2438 1343 2534 religionem
1369 2439 1631 2514 mendicantium
1658 2441 1699 2514 de
1726 2440 1935 2534 poenitentia

386 2561 566 2636 Beatorum
593 2561 780 2654 Martyrum
807 2559 1020 2633 intitulatam
1047 2558 1209 2633 instituit.
1246 2559 1349 2634 (iuius
1376 2561 1500 2634 iratres
1525 2561 1561 2634 et
1587 2562 1790 2654 professores
1816 2560 1934 2636 (traco-

386 2681 477 2755 riam
516 2679 732 2755 advenientes
758 2680 935 2755 Bolealens
966 2679 1113 2754 Pudicua
1148 2680 1377 2756 cracoviensis
1403 2683 1439 2756 et
1464 2680 1746 2756 Sandomirioneis
1772 2683 1852 2755 Dux
1877 2681 1934 2756 be·

387 2800 492 2894 migne
518 2801 709 2895 appellatos
736 2799 890 2894 suscipit,
929 2802 965 2875 et
990 2800 1131 2876 ecclesia
1157 2799 1193 2874 in
1220 2801 1336 2877 Sancti
1371 2800 1477 2877 blarci
1510 2801 1752 2897 Euangelistue
1777 2803 1937 2876 honorem

388 2921 428 2996 de
454 2943 539 2996 noro
566 2921 720 3012 fundata,
755 2921 827 2994 illis
862 2921 972 2996 locum
1007 2920 1183 2996 Orsooriae
1218 2921 1374 3014 eontulit,
1412 2924 1447 2997 et
1472 2925 1628 3018 sumptus
1653 2943 1714 3018 pro
1741 2920 1935 2998 monasterii

388 3043 423 3116 ot
449 3040 609 3118 ecclcsiae
635 3040 866 3118 aedificatione
892 3041 966 3116 dari
992 3040 1181 3116 liberaliter
1203 3040 1314 3116 iussit.

427 3405 646 3480 l'rrrmirlmr
672 3407 743 3480 du
768 3407 998 3480 lornanienrir
1024 3406 1170 3494 noritur,
1196 3425 1261 3478 ιιι
1288 3407 1356 3480 llio
1384 3405 1529 3480 ciusdem
1556 3407 1696 3480 nouum
1723 3407 1897 3500 pmthrnu

1100 3529 1225 3602 relicto.

493 3766 606 3842 Pridie
632 3768 746 3842 Nonas
772 3767 874 3857 Iunii,
903 3767 938 3840 in
966 3766 1187 3842 Posnaniensi
1223 3769 1334 3843 castro
1370 3767 1494 3842 nobilis
1530 3771 1566 3842 et
1593 3768 1740 3843 illustris
1776 3769 1936 3863 Princeps

392 3886 619 3962 Praemialaus
655 3887 892 3962 Poananiensis
920 3889 1009 3978 Dux,
1046 3888 1139 3962 filius
1175 3887 1357 3964 Wladislai
1384 3888 1519 3963 Ottonis
1545 3889 1648 3964 Ducis
1675 3890 1812 3964 Maioris
1837 3891 1935 3966 Polo·

391 4007 478 4097 niae,
508 4010 584 4102 post
609 4007 800 4098 quindecim
826 4008 956 4083 dierum
983 4009 1169 4100 decursum,
1199 4009 1320 4101 quibus
1346 4012 1389 4084 ub
1416 4009 1628 4104 aegritudine
1655 4031 1835 4104 oppressus
1861 4012 1935 4084 lun-

391 4130 522 4224 guerat,
550 4128 758 4203 tricesimum
784 4133 820 4203 eb
847 4131 982 4202 sertum
1016 4151 1142 4203 ennom
1176 4131 1407 4205 tantummodo
1434 4153 1550 4225 agens,
1588 4130 1740 4222 moritur,
1770 4131 1937 4223 funusque

391 4271 490 4324 suum
516 4248 551 4322 in
579 4249 719 4324 ecclesia
746 4249 864 4324 maiori
891 4249 1112 4324 Posnaniensi
1139 4273 1215 4325 cum
1246 4249 1413 4326 cineribus
1440 4252 1573 4346 Regum
1599 4253 1635 4326 et
1660 4250 1857 4345 Principum
1874 4254 1936 4326 Po·

392 4369 513 4459 loniae,
542 4369 631 4444 iusto
659 4370 782 4445 honore
810 4371 844 4444 ct
871 4370 1010 4466 lugubri
1047 4370 1195 4446 omnium
1232 4371 1380 4445 militum
1415 4373 1635 4466 comploratu,
1673 4373 1847 4465 sepultum
1873 4374 1934 4446 ost.

392 4489 459 4562 Hic
486 4489 575 4564 inter
601 4489 775 4585 Principes
802 4491 961 4566 Poloniae
988 4491 1041 4565 sui
1068 4491 1230 4586 temporis
1266 4491 1466 4566 mitissimus
1492 4495 1528 4567 et
1554 4513 1657 4586 snpra
1683 4494 1831 4568 aetutem
1859 4515 1935 4587 prn-

392 4609 486 4700 dens,
514 4611 597 4684 duas
623 4611 802 4706 praecipue
828 4611 983 4703 virtutos,
1012 4612 1254 4688 continentiam
1281 4613 1438 4688 videlicet
1463 4614 1499 4688 et
1524 4612 1703 4704 iustitiam,
1731 4635 1865 4688 summa
1882 4635 1936 4688 ou-

392 4752 441 4821 ra,
465 4753 660 4823 summoque
683 4732 795 4806 studio
822 4735 982 4826 sectatus,
1011 4732 1148 4808 cilicina
1174 4735 1267 4808 reste
1284 4733 1321 4806 in
1339 4733 1455 4808 diebus
1481 4733 1774 4829 Quadrugesimae,
1803 4737 1844 4808 ιιι
1864 4755 1937 4810 caro

392 4850 533 4927 serviret
559 4851 717 4946 spiritui,
745 4855 781 4927 ot
807 4853 949 4928 cervisia
975 4875 1093 4948 parum
1121 4853 1259 4948 sapida,
1287 4857 1348 4929 unt
1374 4853 1451 4930 rino
1478 4854 1657 4950 limphuto,
1685 4855 1856 4930 utebatur.
1897 4855 1938 4928 In

392 4969 641 5066 pronuntiando
667 4994 747 5048 rora
772 4973 942 5049 sententia
969 4977 1004 5048 et
1030 4974 1093 5050 lito
1119 4973 1308 5050 dirimenda
1338 4975 1408 5048 tam
1435 4973 1616 5066 modestus,
1652 4977 1723 5050 tam
1750 4975 1872 5067 iustus,
1900 4977 1937 5049 ιιι

394 5093 535 5186 utreque
562 5114 642 5188 pars
667 5091 740 5168 eius
767 5095 923 5188 probaret
949 5095 1130 5171 decretum.
1164 5096 1268 5170 Nemo
1296 5094 1395 5169 illum
1422 5119 1571 5188 unquam
1597 5095 1684 5172 ridit
1710 5097 1770 5170 aut
1796 5095 1934 5186 ebrium,

393 5215 454 5288 aut
471 5213 607 5304 iratum,
627 5215 688 5288 sut
705 5215 818 5309 gestu,
847 5214 1053 5309 indumento,
1081 5237 1234 5291 sermone
1260 5219 1320 5290 aut
1347 5237 1445 5311 opere
1472 5219 1664 5312 superbum.
1692 5216 1793 5293 Sacro
1811 5217 1936 5294 coense

505 5471 528 5558 ¹)
551 5474 652 5540 domus
678 5472 748 5544 ooo.
772 5476 865 5542 Roar.
903 5473 932 5556 ¹¹)
956 5475 1163 5544 consistentem
1189 5474 1260 5543 Qud.
1282 5477 1375 5543 noer.
1414 5473 1443 5560 ³)
1465 5477 1726 5560 proportionaliter
1751 5472 1823 5546 Ood.
1847 5477 1935 5544 coe.
