4192 6272
178 477 239 572 (Α.
261 478 307 554 D.
329 475 448 572 1292.)
791 499 903 552 ursus
930 499 1123 552 ansuinus.
1655 477 1729 550 511

175 688 356 764 Bobemiae
383 687 475 764 Duce
502 687 636 764 eteius
663 687 814 764 exercitu
842 687 1106 782 prudentissima
1141 683 1390 762 consultatione
1413 707 1480 760 non
1516 685 1666 776 ueniens,
1696 685 1731 759 iu

178 810 325 906 singuiis
351 807 496 884 locis'et
521 808 668 902 statiuis
699 809 830 902 qruoties
866 829 901 884 se
928 809 1062 883 offerret
1102 807 1230 883 occasio
1271 805 1368 882 utitis
1410 809 1444 880 et
1485 805 1731 902 opportunitas,

178 931 392 1008 Bohemioum
421 935 457 1008 et
483 930 696 1006 Almanicum
725 931 911 1007 exercitum
952 930 1126 1005 nocturnis
1164 929 1392 1004 invasionibus
1428 929 1625 1005 lacessebat.
1667 929 1732 1003 Sed

177 1057 213 1128 et
240 1053 367 1129 milites
395 1054 689 1148 pabulatoresque,
717 1053 853 1147 longius
881 1052 1063 1147 pabulandi
1101 1053 1160 1126 ant
1196 1050 1379 1146 populandi
1416 1051 1530 1145 gratia
1565 1050 1732 1125 acastris

179 1176 392 1270 progressos,
413 1177 596 1266 obterebat,
625 1175 865 1265 fundebatque,
894 1175 1096 1264 tantumque
1123 1174 1250 1247 metum
1278 1171 1432 1247 hostibus
1459 1173 1605 1248 locorum
1625 1171 1730 1267 impe·
1825 1195 1829 1202 ·

178 1297 266 1388 ritis,
296 1297 427 1392 peritus
455 1297 527 1391 ipse
555 1297 726 1386 iniecerat,
756 1297 795 1369 ut
821 1294 961 1390 uigiliae
988 1295 1023 1368 in
1052 1293 1173 1369 castris
1199 1293 1473 1368 Bohemicalibus
1493 1294 1516 1388 ¹)
1553 1297 1587 1368 et
1614 1292 1731 1368 Alma-

178 1417 264 1493 nicis
291 1418 554 1514 duplicarentur,
585 1421 620 1492 et
647 1440 743 1492 nemo
771 1417 971 1512 pabulatum
998 1417 1147 1506 auderet,
1185 1415 1250 1489 nisi
1278 1417 1340 1490 sub
1367 1415 1449 1489 forti
1478 1416 1626 1490 militum
1654 1437 1731 1489 con·

177 1541 293 1630 ductu,
321 1539 464 1635 prodire.
494 1539 563 1614 Sub
590 1541 643 1613 tot
669 1542 704 1614 ct
739 1538 848 1613 tantis
884 1536 1147 1612 difficultatibus
1183 1535 1403 1612 Wencosiaus
1438 1536 1618 1611 Boheumae
1653 1537 1732 1610 Dux

177 1683 254 1736 cum
282 1662 405 1737 Ottoue
431 1662 547 1757 Longo
575 1659 869 1754 Brundeburgeusi
897 1657 1088 1736 biarchioue
1115 1657 1281 1734 Siradiam
1310 1657 1532 1753 perveniens,
1570 1658 1731 1752 oppidum

178 1782 372 1859 Siradienso
398 1782 567 1858 obsidione
594 1782 702 1878 cingit
742 1785 777 1857 et
804 1781 839 1855 in
866 1780 920 1855 die
947 1779 1064 1855 Sancti
1091 1779 1283 1856 Weuoesiai
1311 1779 1489 1872 conquirit.
1516 1778 1636 1854 Arcem
1655 1801 1732 1882 ¹vero

177 1903 403 1980 Siradiensom
433 1905 628 1998 conquirere
655 1925 691 1978 se
719 1924 816 1999 posse
856 1903 1047 1997 desperans,
1087 1902 1210 1996 palude
1250 1901 1340 1976 enim
1380 1904 1415 1976 et
1455 1901 1556 1976 undis
1583 1901 1732 1993 undique

179 2028 350 2120 consepta,
381 2025 552 2122 praesidio·
572 2025 710 2120 insuper
737 2024 818 2098 forti
845 2023 993 2098 militum
1022 2021 1172 2113 munita,
1202 2025 1264 2097 aut
1290 2022 1532 2118 impossibilem
1569 2026 1630 2096 aut
1648 2021 1731 2097 'diu-

179 2149 328 2238 turnam
359 2147 601 2240 difficilemque
636 2147 688 2220 sui
716 2145 995 2239 conquisitionem
1037 2145 1278 2239 portendebat,
1308 2145 1343 2218 in
1379 2144 1586 2236 Bobemiam,
1613 2167 1732 2238 parum

179 2289 335 2364 prospere
352 2291 388 2344 re
401 2272 510 2364 gesta,
526 2268 695 2343 militibus
708 2267 879 2361 aliquibus
907 2267 941 2340 iu
969 2267 1127 2341 cracovia
1146 2289 1204 2360 pro
1219 2266 1355 2342 tuendis
1382 2267 1542 2342 subiectis
1569 2266 1729 2356 remissie,

177 2413 220 2464 ex
247 2390 384 2465 statiuis
411 2391 499 2496 apud
527 2389 694 2464 Sirudiam
721 2389 860 2480 habitis,
890 2387 1144 2482 gloriabundus,
1175 2389 1263 2480 quod
1282 2387 1441 2484 oppidum
1462 2387 1652 2463 Simdierrse
1671 2408 1732 2462 nec

178 2513 250 2586 arte
278 2534 338 2586 nec
365 2513 490 2586 nutura
515 2505 704 2587 emunitum
731 2510 885 2606 cepisset,
914 2509 1013 2586 redit.
1041 2508 1112 2602 ouo
1139 2511 1339 2585 abscedente
1354 2509 1393 2604 ²),
1413 2509 1623 2585 Wladislaus
1640 2510 1730 2584 Lok-

181 2635 242 2707 teir
269 2633 488 2729 Grrpauiensis
514 2635 594 2707 Dux
621 2633 656 2706 in
684 2632 868 2708 Siradionsi
904 2635 939 2706 et
974 2631 1186 2708 (iracoviensi
1222 2631 1408 2706 Ducatibus
1445 2631 1630 2728 principari
1664 2655 1731 2705 uon

177 2755 288 2846 desiit,
318 2755 591 2851 pertinaciusque
618 2757 653 2828 in
681 2754 847 2830 Boreum
874 2755 909 2829 et
936 2753 1079 2829 rebelles
1110 2755 1312 2850 grassatus*

175 3121 383 3214 Kunegundis
410 3121 545 3194 bociam
574 3122 798 3242 bracariensis
834 3124 867 3195 in
895 3122 1093 3196 monasterio
1128 3120 1344 3194 aureonensi
1380 3119 1517 3195 noritur
1547 3125 1581 3193 ot
1615 3121 1731 3213 sopoli-

201 3249 274 3316 tru:
302 3244 395 3318 cuias
423 3244 588 3316 sanctitas
615 3245 678 3316 etsi
706 3245 820 3328 multis
847 3249 881 3317 ct
907 3244 1008 3316 ramis
1034 3243 1200 3317 miraculis
1228 3243 1395 3316 declarata
1423 3244 1478 3332 rit,
1505 3243 1705 3333 negligentia

426 3371 535 3438 mnan
562 3366 754 3438 bolonorum
782 3367 987 3439 canonisatio
1015 3366 1106 3438 rurus
1133 3369 1305 3457 procurato
1332 3383 1395 3438 ooo
1422 3368 1487 3438 est.
1609 3365 1612 3374 '

280 3607 424 3702 Magnae
451 3607 645 3681 sanctitatis
672 3609 707 3681 et
734 3607 921 3702 religionis,
952 3607 1121 3700 miraeque
1149 3606 1334 3681 deuotionis
1374 3605 1409 3680 in
1445 3606 1563 3697 Deum,
1603 3607 1730 3682 femina

175 3729 210 3802 et
237 3728 332 3822 uirgo
359 3728 501 3802 Duciasu
529 3729 645 3822 Kiuga
672 3729 820 3805 Boleslai
848 3728 964 3803 Pudici
984 3727 1231 3803 ‘cracoviensis
1258 3730 1293 3803 et
1320 3727 1601 3803 Sandomirieusis
1627 3729 1730 3803 Ducis

177 3849 298 3923 relicta
325 3852 360 3922 et
388 3849 460 3922 iiiia
479 3851 589 3962 ¹Betae
616 3850 722 3944 Regis
750 3851 960 3945 Huugeriae,
999 3871 1074 3924 cum
1114 3871 1220 3925 anuos
1261 3850 1421 3925 tredecim
1462 3850 1498 3923 in
1526 3851 1729 3925 monasterio
1876 3944 1880 3951 Ι

175 3971 397 4045 Sandecnensi
418 3971 453 4044 in
470 3971 619 4045 maxima
635 3969 662 4065 ³)
681 3971 887 4046 abstinentia
905 3975 940 4047 et
959 3972 1083 4068 proprii
1104 3972 1251 4066 corporis
1270 3971 1529 4047 mortificatione
1546 3973 1727 4066 exegisset,

175 4091 272 4185 graui
300 4091 500 4167 infirmitate
527 4115 614 4168 anno
643 4115 744 4188 prope
772 4117 837 4168 runo
857 4095 998 4184 uenam,
1036 4093 1196 4168 vicesima
1235 4096 1357 4184 quarta
1396 4093 1479 4167 Iulii
1515 4093 1729 4168 devotissime

177 4213 320 4287 moritur
360 4216 406 4288 et¹
422 4214 456 4286 in
485 4215 687 4289 monasterio
714 4215 935 4290 Saudecueusi
962 4215 1147 4309 sepelitur:
1185 4215 1272 4289 diem
1299 4217 1334 4288 et
1361 4216 1477 4289 horam
1504 4213 1622 4288 mortis
1649 4236 1729 4290 suae

173 4336 302 4410 habens
331 4336 436 4410 multo
464 4337 544 4411 ante
571 4339 721 4432 tempore
749 4337 864 4411 diuina
890 4337 1097 4414 repedatione
1124 4338 1341 4432 patefactam.
1380 4337 1422 4410 ln
1448 4337 1531 4411 hora
1558 4337 1726 4411 transitus

176 4456 230 4530 sui
257 4457 368 4531 felicis
404 4457 618 4532 adustiones
644 4459 824 4533 canonieus
851 4459 1080 4550 Vislioieusis,
1111 4458 1162 4534 rir
1189 4457 1369 4553 religiosus
1410 4461 1444 4532 et
1481 4460 1641 4549 deuotus,
1669 4459 1728 4534 Vi·
1793 4545 1797 4555 ἱ

175 4577 292 4652 aliciae
320 4579 355 4652 in
383 4578 532 4654 oratione
560 4579 699 4672 positus,
729 4580 816 4653 vidit
843 4581 990 4654 animam
1017 4579 1090 4654 eius
1117 4602 1161 4654 ex
1178 4601 1313 4675 corpore
1332 4601 1512 4675 egressum,
1533 4579 1630 4655 niueo
1648 4601 1726 4654 can·

175 4701 255 4775 dors
282 4699 317 4773 in
345 4700 484 4792 coelum,
513 4701 711 4775 canentibus
738 4700 931 4795 agminibus
958 4701 1105 4776 sanctis:
1143 4702 1344 4796 Regnum
1380 4701 1551 4792 mundi,
1590 4702 1724 4778 deferri.

173 4821 266 4914 Quod
293 4843 368 4896 cum
396 4843 520 4915 magna
547 4821 769 4897 admiratione
796 4824 957 4914 cerneret,
987 4822 1114 4896 dietum
1142 4821 1196 4895 illi
1223 4826 1296 4898 est:
1326 4822 1591 4898 animamillam
1609 4825 1727 4898 beatae

173 4942 398 5037 Kunegundis
426 4963 497 5017 esse
524 4942 559 5016 in
587 4943 647 5017 illo
675 4947 842 5019 momento
869 4966 890 5018 a
916 4965 1051 5038 corpore
1069 4944 1227 5018 solutam.
1255 4942 1347 5038 Quae
1366 4943 1502 5035 quidem
1520 4944 1605 5020 visio
1623 4945 1727 5021 etiam

173 5063 329 5159 pluribus
355 5064 434 5164 aliis
461 5064 591 5150 deuotis
619 5066 771 5160 personis
799 5067 987 5166 monstrata
1013 5069 1077 5141 est.
1108 5067 1161 5140 m
1187 5066 1465 5157 quemadmodum
1493 5066 1528 5140 in
1557 5067 1628 5142 uita
1654 5053 1736 5162 pie?

172 5190 227 5261 tas
253 5184 346 5280 Agni
372 5187 525 5261 coelestis
552 5187 729 5281 stupendis
756 5187 928 5262 miraculis
955 5210 1030 5262 eam
1056 5187 1239 5281 extulerat,
1268 5188 1318 5262 ita
1344 5191 1380 5264 et
1407 5191 1483 5282 post
1502 5189 1633 5265 felicem
1653 5189 1723 5263 obi·
1874 5207 1878 5212 ·

283 5447 307 5528 ¹)
329 5449 494 5510 Bohemieis
521 5448 591 5511 Ood.
615 5449 708 5509 Rorr.
734 5445 760 5526 2)
783 5447 952 5509 discedente
979 5447 1050 5510 Ood.
1073 5449 1177 5511 Rosa
1190 5445 1217 5524 3)
1239 5465 1345 5524 magna
1369 5447 1440 5512 Ood.
1462 5447 1555 5512 Rozr.
