4192 6272
375 474 455 546 524
975 493 1088 544 nrnren
1114 492 1308 544 strennuus.
1652 466 1720 570 (Α.
1741 469 1787 544 D.
1808 469 1929 564 1294.)

373 683 500 758 lestans
528 679 695 756 Musoniue
722 681 800 754 Dux
827 678 1056 774 legationibus
1083 701 1122 754 uc
1149 678 1281 753 nuntiis
1309 678 1502 774 fatigatus,
1531 677 1666 754 fucinus
1692 678 1727 754 id
1744 678 1929 754 rescindere

375 805 525 897 volebat)
551 801 721 895 conquirit
748 802 784 876 et
808 800 932 877 exurit.
958 800 1205 876 Irithuancruun
1233 801 1343 876 cestre
1364 801 1387 894 ¹)
1414 801 1550 896 Kymel,
1578 799 1767 878 Ludoricue
1793 801 1834 876 de
1859 801 1927 876 Rc

374 926 506 1020 gnethu
533 925 800 1016 conruendetor,
829 923 932 1000 ernis
960 925 1023 1000 sub
1051 923 1139 1000 idem
1165 925 1301 1019 tempus
1328 922 1483 1014 quaesitu
1496 921 1535 1018 ²),
1564 922 1704 998 eandem
1727 921 1929 999 incensionis

379 1047 483 1124 infert
509 1049 642 1122 scrteru.

406 1417 529 1488 lertuu
556 1414 737 1506 Iturcrugiu
766 1365 972 1486 quereuiee
998 1414 1100 1500 Buce,
1127 1413 1342 1484 incontritus
1370 1412 1500 1484 tuturis
1526 1413 1677 1486 Puluriue
1703 1415 1773 1486 itur
1800 1411 1904 1486 siden

942 1535 975 1605 iu
1002 1533 1186 1624 Prineiuutu
1215 1533 1372 1606 succedit.

483 1777 608 1850 Octavo
635 1776 800 1850 (talendes
826 1830 912 1849 ....
937 1773 965 1869 ³)
992 1774 1183 1870 Msccugius
1209 1777 1288 1848 Dux
1315 1775 1532 1850 Pernersniee
1569 1774 1709 1850 noritur
1735 1777 1771 1851 et
1797 1775 1834 1850 in
1861 1797 1929 1850 nno-

379 1898 527 1970 nnsterio
556 1898 590 1970 in
618 1897 723 1972 Oliuu
750 1897 785 1972 in
823 1898 1111 1991 praedeeessorum
1139 1919 1275 1972 suerum
1302 1897 1492 1992 sepulchris
1518 1897 1692 1991 sepelitur.
1728 1899 1810 1971 Pest
1837 1896 1931 1972 cuius

380 2019 519 2098 rnertern
549 2019 628 2091 Dux
655 2017 792 2092 Maioris
821 2017 979 2093 Peloniue
1019 2017 1255 2109 PrzeruisluuS,
1283 2019 1326 2092 ud
1353 2041 1453 2109 quern
1492 2017 1658 2094 successio
1686 2019 1839 2092 Ducutus
1867 2020 1928 2092 Pc-

379 2141 571 2229 meraniae,
617 2141 688 2213 tarn
724 2138 902 2234 sanguinis
938 2162 1039 2231 quun
1080 2139 1325 2234 designationis
1367 2139 1438 2214 iure
1479 2139 1688 2234 pertinebat,
1721 2139 1756 2212 in
1793 2138 1931 2215 udansu

380 2259 507 2354 ventu)
534 2261 569 2335 et
597 2260 703 2335 tetius
730 2263 882 2336 Dueetus
900 2261 1120 2336 Poneruniee
1133 2261 1264 2355 accepit
1279 2261 1414 2355 plenum
1432 2263 1467 2336 et
1485 2260 1659 2356 pacificum
1679 2259 1931 2355 possessionum

385 2367 626 2474 civitatemque
653 2382 792 2458 Gdunsk
820 2382 950 2477 primus
976 2382 1105 2458 blancis
1133 2381 1256 2458 nuuiri
1284 2382 1486 2478 procurarit.

493 2644 515 2724 ¹)
538 2652 666 2708 cestrum
691 2645 762 2710 uod.
785 2645 859 2708 Aut.
885 2644 911 2724 Ε)
935 2647 1099 2722 conquisito
1125 2645 1197 2708 Ood.
1221 2649 1314 2709 Roer.
1339 2644 1366 2726 ³)
1389 2649 1507 2711 Mensis
1521 2647 1599 2710 deest
1620 2649 1656 2708 ier
1677 2649 1818 2708 omnibus
1836 2641 1930 2707 Cedet.

379 2756 405 2812 et
427 2753 463 2814 ie
478 2751 562 2812 Edit.
586 2747 681 2828 Lepe-
704 2757 751 2814 ast
774 2753 866 2814 Vetus
889 2752 1055 2812 Chronieon
1078 2752 1214 2814 Olivense
1236 2748 1345 2834 (apud.
1368 2751 1479 2813 Theod.
1501 2752 1619 2812 Hirsch:
1643 2751 1810 2826 Scriptores
1835 2767 1932 2810 rerum

380 2857 590 2916 Prussiecrnm.
617 2855 691 2915 Tem
713 2857 739 2916 I.
751 2873 823 2932 pcc.
841 2853 918 2936 694)
941 2855 1043 2932 refert,
1073 2857 1265 2932 Meeeqrcm
1287 2855 1405 2916 Ducem
1427 2857 1629 2918 Pumerem‘ue
1651 2855 1720 2914 VIII
1743 2853 1865 2914 Galend.
1887 2853 1932 2914 Ie·

381 2961 476 3022 nuarii
498 2962 561 3020 vtte
574 2957 716 3032 functum
737 2977 806 3024 esse.
830 2956 857 3038 ⁴)
879 2961 960 3021 venit
982 2956 1134 3023 Gedannrn
1158 2961 1216 3020 Ed.
1240 2960 1327 3039 Lips.
