4172 6278
146 537 198 634 (Α.
216 535 260 612 D.
280 529 398 631 1223.)
406 603 415 618 ,.
757 557 870 610 amna
896 555 1049 611 suxnus.
1604 536 1678 612 213

144 751 175 825 in
199 767 257 823 sua
282 743 493 824 Oraeoriensi
519 743 642 823 diocesi
669 743 747 838 sito,
776 741 1008 820 Gisterciensis
1035 743 1160 820 ordinis
1187 744 1427 821 monasterinm
1454 745 1495 821 de
1513 767 1597 820 noro
1614 745 1681 822 eri-

144 871 191 968 git
214 871 314 962 atque
340 867 506 961 instituit,
535 866 634 960 eique
660 889 721 962 pro
747 866 824 943 dote
850 865 969 943 villam
997 866 1136 943 eandam
1162 865 1326 942 Kacnicns
1352 868 1388 942 et
1405 866 1506 942 villas
1531 867 1681 943 Prande-

144 991 219 1084 enin,
245 989 491 1086 Monykouicne
510 990 545 1084 ¹),
582 987 796 1082 (tholomeus,
834 1010 896 1064 nea
922 1010 989 1063 non
1016 988 1162 1064 decimas
1189 987 1419 1084 manipulares
1445 1011 1581 1065 mensae
1608 989 1681 1086 epi-

18 1127 19 1136 '
143 1111 276 1209 moedis
301 1111 338 1187 in
365 1111 491 1189 eisdem
517 1104 781 1205 rillis'quatuor
816 1109 1060 1206 provenientes,
1097 1109 1285 1207 consignat,
1322 1111 1426 1186 donat
1451 1112 1487 1186 et
1513 1110 1679 1205 inscribit,

143 1237 308 1328 locumque
334 1233 425 1310 rasis
451 1236 487 1310 et
512 1232 727 1310 vestimentis
753 1231 948 1308 necessariis
975 1233 1129 1307 exornat.

236 1355 427 1432 Ploeaensis
462 1355 583 1432 ciuitas
618 1377 678 1450 por
704 1355 895 1429 Pruthanos
921 1355 957 1430 et
983 1356 1186 1429 Pomeranos
1221 1353 1376 1430 uastatur
1402 1355 1437 1428 et
1464 1353 1680 1446 comburitur,

142 1498 324 1574 magnaque
359 1479 454 1556 clade
493 1479 565 1554 tam
599 1475 719 1554 ciuitas
754 1474 967 1568 Plocnensis‚
1005 1496 1108 1574 qnam
1144 1475 1237 1575 regio
1271 1474 1441 1553 Masouiao
1475 1497 1496 1552 a
1531 1475 1683 1552 barbaris

142 1598 298 1676 obruitur.

141 1965 291 2043 lautatlo
319 1965 511 2040 monostemi
546 1963 670 2040 ordinis
705 1961 929 2042 blmcrcicuria
957 1966 989 2040 iu
1016 1967 1205 2043 barriclos
1236 1987 1293 2062 aar
1318 1969 1486 2044 dicolaun
1512 1969 1684 2044 notarium.

236 2207 304 2285 Sed
331 2229 438 2302 neque
465 2207 501 2282 in
528 2207 599 2284 solo
626 2205 784 2303 pontifice
819 2207 1030 2285 cracoviensi
1065 2208 1168 2285 Irone
1204 2231 1297 2285 amor
1339 2209 1401 2287 Dei
1427 2207 1578 2305 viguisse
1605 2233 1684 2287 eon-

142 2332 271 2426 spectus
299 2331 365 2422 est,
393 2329 477 2423 quin
504 2327 608 2404 etlam
635 2328 669 2403 in
699 2329 841 2404 aliorum
869 2330 1022 2405 cordibus
1049 2331 1220 2406 flammam
1246 2353 1342 2406 suam
1358 2331 1385 2426 ²)
1413 2330 1603 2407 dilectionis
1629 2355 1684 2409 ac-

142 2451 258 2529 cendit.
307 2451 470 2526 Nicotaus
497 2450 664 2542 siquidem
691 2453 732 2526 de
759 2451 959 2526 Henrichou
993 2451 1096 2527 Ducis
1126 2452 1420 2529 Wratislarisnsis
1445 2453 1585 2529 Henrici
1612 2477 1687 2530 curn

142 2575 240 2649 barba
266 2574 473 2650 secretorum
500 2571 673 2664 notarius,
703 2594 825 2667 genere
852 2573 887 2647 et
913 2571 1044 2648 actione
1070 2573 1205 2666 nobilis,
1237 2575 1318 2648 dum
1344 2574 1442 2649 annis
1469 2574 1624 2669 pluribus
1651 2575 1687 2649 in

142 2693 304 2788 obsequiis
332 2693 480 2770 eiusdem
506 2693 608 2770 Ducis
634 2689 774 2770 Henrici
806 2715 882 2768 cum
908 2695 1012 2769 barba
1049 2697 1214 2788 versatus,
1251 2718 1318 2770 non
1341 2717 1480 2791 parvam
1515 2717 1626 2772 rerum
1653 2695 1688 2772 et

141 2815 356 2912 pecuniarum
383 2816 632 2912 supellectilem
663 2815 877 2911 collegisset,
916 2815 1069 2892 dominae
1095 2839 1176 2892 suae
1201 2815 1363 2893 Ducissae
1390 2817 1534 2894 Sanctae
1560 2814 1687 2894 Hodoi·

140 2938 191 3034 gis
208 2939 243 3013 et
260 2937 516 3014 conuersatione
534 2936 731 3014 aedificatus
751 2938 787 3014 et
808 2937 973 3033 exemplo,
1003 2959 1104 3032 quam
1122 2938 1259 3015 coelesti
1286 2961 1397 3015 amore
1424 2940 1533 3015 totam
1560 2939 1690 3016 viderat

141 3061 207 3135 fore
232 3058 475 3155 mancipatam,
505 3059 545 3136 de
563 3079 727 3136 consensu
753 3061 789 3134 et
815 3059 1000 3135 annuentia
1025 3059 1129 3136 Ducis
1155 3059 1296 3136 Henrici
1323 3061 1529 3154 cumbarba,
1550 3059 1690 3137 invilla

142 3179 336 3276 patrimonii
364 3181 417 3256 sui
444 3180 645 3258 Henrichow
670 3179 964 3258 Wratislariensis
997 3180 1139 3257 diocesis
1174 3205 1277 3278 prope
1303 3182 1441 3260 Nissam
1455 3180 1484 3278 ³)
1510 3181 1588 3275 sita,
1618 3203 1689 3258 mo·

141 3303 327 3380 casterium
353 3302 480 3380 ordinis
506 3301 739 3380 cisterciensis
765 3303 899 3395 fundat,
928 3304 963 3378 et
989 3305 1061 3378 tarn
1088 3303 1173 3380 uilla
1199 3305 1262 3380 illa
1276 3304 1316 3400 ⁴),
1346 3326 1446 3398 quam
1473 3301 1551 3380 aliis
1578 3305 1621 3380 ad
1646 3305 1689 3378 il-

141 3425 208 3499 lum
235 3423 473 3522 spectantibus
498 3425 610 3502 locum
637 3425 744 3500 dotat.
785 3424 902 3518 Neque
928 3447 990 3500 sua
1017 3426 1158 3501 donasse
1185 3426 1255 3502 Deo
1283 3425 1394 3501 omnia
1420 3427 1610 3518 contentus,
1640 3427 1690 3501 lo·

141 3568 212 3623 cnm
240 3546 350 3624 etiam
377 3547 490 3643 ipsum
516 3535 629 3642 eprs'to
656 3546 791 3622 sacculo
817 3546 1002 3644 ingressus,
1031 3548 1205 3643 assumpto
1232 3547 1363 3641 habitu,
1393 3547 1430 3622 in
1452 3547 1567 3625 ordine
1586 3568 1692 3642 usque

140 3669 180 3743 ad
205 3669 353 3745 mortem
380 3667 468 3743 felix
494 3668 655 3743 fundator
681 3665 855 3742 militarit.

237 3789 443 3886 Hungariae
470 3790 547 3866 Rex
572 3788 725 3865 Andreas
751 3811 835 3864 noro
862 3787 1013 3866 exercitu
1039 3788 1076 3864 in
1102 3811 1179 3865 eum
1206 3811 1331 3864 annum
1350 3791 1552 3885 comparato,
1581 3788 1692 3864 filium

141 3931 236 3986 suum
271 3911 494 3988 Golomanum
530 3911 647 3987 contra
681 3908 913 3985 Halicaicnses
949 3909 1174 4002 transmittit,
1221 3910 1280 4003 qui
1316 3909 1427 4006 magis
1463 3933 1566 4004 quam
1605 3933 1692 3986 anno

139 4034 311 4110 transacto
339 4053 421 4107 usus
447 4053 609 4128 prospera
634 4031 783 4122 fortuna,
811 4028 953 4107 Daniele
979 4031 1211 4107 Romanouicn
1237 4033 1329 4108 Duce
1355 4054 1423 4106 non
1449 4032 1541 4106 ultra
1568 4032 1693 4106 auden·

139 4153 234 4230 less
261 4153 342 4246 sibi,
373 4175 520 4246 suaeque
544 4151 718 4249 auantiae
746 4173 922 4248 opponere,
951 4154 1078 4245 absque
1105 4151 1196 4234 omni
1214 4152 1410 4230 resistentia
1428 4151 1695 4230 Halicaiensium

139 4274 267 4368 potitus
294 4275 350 4354 est
377 4271 514 4371 regione
540 4276 576 4352 et
602 4295 688 4352 arco.

600 4629 809 4747 nonos
846 4632 1071 4748 nomon
1106 4631 1246 4750 neae.
1392 4775 1396 4782 ‚

187 4885 243 4958 lvo
271 4883 448 4978 concauus
475 4883 566 4976 onus
593 4881 768 4957 nudatum
796 4883 829 4955 iu
855 4883 937 4956 rllla
963 4881 1136 4974 Prandnrlr
1163 4877 1397 4957 monasterium
1424 4883 1458 4955 ln
1484 4881 1657 4955 ecclesiam

569 5005 681 5080 sancti
708 5005 850 5098 spiritur
877 5003 1064 5080 braccolum
1090 5005 1272 5079 transtulit.

241 5209 494 5300 miserabilium
512 5231 742 5306 personarum,
771 5232 914 5304 quarum
941 5209 978 5286 in
1005 5209 1143 5288 ciuitate
1161 5207 1416 5305 (iracoriensi')
1442 5209 1601 5304 nequens
1618 5231 1696 5286 con-

249 5400 276 5488 ¹)
299 5402 509 5466 Manikouicae
529 5393 600 5466 (iod.
623 5403 717 5466 Rorr.
739 5402 922 5466 Manlrowice
944 5397 1004 5464 Ed.
1027 5402 1123 5465 Dobr.
1162 5391 1282 5480 llaurac
1297 5398 1359 5466 Ed.
1374 5399 1468 5462 Dobr.
1508 5395 1535 5477 l)
1558 5399 1698 5477 oppidum

142 5507 259 5576 Nissam
286 5507 363 5571 Ood.
384 5507 479 5576 Rern.
520 5503 547 5596 ⁴)
571 5508 673 5572 eadem
700 5503 772 5581 eoo.
794 5509 887 5580 Roar.
927 5503 955 5596 θ)
977 5507 1201 5578 cracoviensem
1224 5507 1371 5574 cibatam
1397 5501 1469 5567 Ood.
1492 5505 1586 5567 acor.
