<?xml version="1.0" encoding="UTF-8"?>
<!DOCTYPE html PUBLIC "-//W3C//DTD XHTML 1.0 Transitional//EN"
    "http://www.w3.org/TR/xhtml1/DTD/xhtml1-transitional.dtd">
<html xmlns="http://www.w3.org/1999/xhtml" xml:lang="en" lang="en">
 <head>
  <title>
</title>
<meta http-equiv="Content-Type" content="text/html;charset=utf-8" />
  <meta name='ocr-system' content='tesseract 3.04.00' />
  <meta name='ocr-capabilities' content='ocr_page ocr_carea ocr_par ocr_line ocrx_word'/>
</head>
<body>
  <div class='ocr_page' id='page_1' title='image "./operaomnia02paulgoog_0245.png"; bbox 0 0 4172 6278; ppageno 0'>
   <div class='ocr_carea' id='block_1_1' title="bbox 161 567 1720 692">
    <p class='ocr_par' dir='ltr' id='par_1_1' title="bbox 161 567 1720 692">
     <span class='ocr_line' id='line_1_1' title="bbox 161 567 1720 692; baseline 0.003 -24"><span class='ocrx_word' id='word_1_1' title='bbox 161 593 221 686; x_wconf 77' lang='grc' dir='ltr'>(Α.Ι</span> <span class='ocrx_word' id='word_1_2' title='bbox 242 593 289 668; x_wconf 84' lang='lat' dir='ltr'>D.</span> <span class='ocrx_word' id='word_1_3' title='bbox 310 592 437 692; x_wconf 75' lang='lat'><strong>¹229.)</strong></span> <span class='ocrx_word' id='word_1_4' title='bbox 784 618 896 669; x_wconf 78' lang='lat' dir='ltr'>crana</span> <span class='ocrx_word' id='word_1_5' title='bbox 922 619 1075 672; x_wconf 84' lang='lat' dir='ltr'>snxnus.</span> <span class='ocrx_word' id='word_1_6' title='bbox 1460 567 1472 597; x_wconf 28' lang='grc' dir='ltr'>ἰ</span> <span class='ocrx_word' id='word_1_7' title='bbox 1633 599 1720 674; x_wconf 78' lang='grc' dir='ltr'>229ΙΙ</span> 
     </span>
    </p>
   </div>
   <div class='ocr_carea' id='block_1_2' title="bbox 65 801 1813 2950">
    <p class='ocr_par' dir='ltr' id='par_1_2' title="bbox 158 801 1711 1023">
     <span class='ocr_line' id='line_1_2' title="bbox 158 801 1711 896; baseline 0.005 -20"><span class='ocrx_word' id='word_1_8' title='bbox 158 801 286 877; x_wconf 86' lang='lat' dir='ltr'>ordinis</span> <span class='ocrx_word' id='word_1_9' title='bbox 313 801 603 895; x_wconf 86' lang='lat' dir='ltr'>Praedicatorum,</span> <span class='ocrx_word' id='word_1_10' title='bbox 641 806 703 880; x_wconf 88' lang='lat' dir='ltr'>sub</span> <span class='ocrx_word' id='word_1_11' title='bbox 729 804 831 879; x_wconf 93' lang='lat' dir='ltr'>titulo</span> <span class='ocrx_word' id='word_1_12' title='bbox 858 806 1043 881; x_wconf 91' lang='lat' dir='ltr'>ethonore</span> <span class='ocrx_word' id='word_1_13' title='bbox 1079 805 1196 882; x_wconf 87' lang='lat' dir='ltr'>Sancti</span> <span class='ocrx_word' id='word_1_14' title='bbox 1231 805 1375 896; x_wconf 89' lang='lat' dir='ltr'>Nicolai,</span> <span class='ocrx_word' id='word_1_15' title='bbox 1412 807 1448 881; x_wconf 95' lang='lat' dir='ltr'>in</span> <span class='ocrx_word' id='word_1_16' title='bbox 1484 807 1623 884; x_wconf 88' lang='lat' dir='ltr'>civitate</span> <span class='ocrx_word' id='word_1_17' title='bbox 1649 829 1711 883; x_wconf 86' lang='lat' dir='ltr'>sua</span> 
     </span>
     <span class='ocr_line' id='line_1_3' title="bbox 159 923 1613 1023; baseline 0.003 -25"><span class='ocrx_word' id='word_1_18' title='bbox 159 923 309 1016; x_wconf 82' lang='lat' dir='ltr'>Gdanslr,</span> <span class='ocrx_word' id='word_1_19' title='bbox 338 927 374 1000; x_wconf 96' lang='lat' dir='ltr'>et</span> <span class='ocrx_word' id='word_1_20' title='bbox 400 926 511 1000; x_wconf 90' lang='lat' dir='ltr'>locum</span> <span class='ocrx_word' id='word_1_21' title='bbox 540 924 750 1021; x_wconf 90' lang='lat' dir='ltr'>praedictum</span> <span class='ocrx_word' id='word_1_22' title='bbox 778 926 995 1002; x_wconf 74' lang='lat' dir='ltr'><strong>libertatibus</strong></span> <span class='ocrx_word' id='word_1_23' title='bbox 1022 929 1057 1002; x_wconf 90' lang='lat' dir='ltr'>et</span> <span class='ocrx_word' id='word_1_24' title='bbox 1084 927 1272 1023; x_wconf 82' lang='lat' dir='ltr'>privilegiis</span> <span class='ocrx_word' id='word_1_25' title='bbox 1298 927 1477 1023; x_wconf 77' lang='lat' dir='ltr'>insignivit</span> <span class='ocrx_word' id='word_1_26' title='bbox 1506 933 1532 1023; x_wconf 73' lang='lat' dir='ltr'>t.</span> <span class='ocrx_word' id='word_1_27' title='bbox 1611 951 1613 954; x_wconf 86' lang='lat'>·</span> 
     </span>
    </p>

    <p class='ocr_par' dir='ltr' id='par_1_3' title="bbox 160 1045 1716 1874">
     <span class='ocr_line' id='line_1_4' title="bbox 263 1045 1712 1125; baseline 0.002 -5"><span class='ocrx_word' id='word_1_28' title='bbox 263 1045 490 1121; x_wconf 87' lang='lat' dir='ltr'>Praernislaus</span> <span class='ocrx_word' id='word_1_29' title='bbox 535 1046 622 1121; x_wconf 88' lang='lat' dir='ltr'>alias</span> <span class='ocrx_word' id='word_1_30' title='bbox 662 1048 846 1122; x_wconf 86' lang='lat' dir='ltr'>Ottolrarus</span> <span class='ocrx_word' id='word_1_31' title='bbox 882 1047 1063 1122; x_wconf 87' lang='lat' dir='ltr'>Bohemiae</span> <span class='ocrx_word' id='word_1_32' title='bbox 1107 1050 1182 1124; x_wconf 87' lang='lat' dir='ltr'>Rex</span> <span class='ocrx_word' id='word_1_33' title='bbox 1218 1047 1503 1124; x_wconf 76' lang='lat' dir='ltr'>valetudinarium</span> <span class='ocrx_word' id='word_1_34' title='bbox 1541 1051 1576 1124; x_wconf 92' lang='lat' dir='ltr'>et</span> <span class='ocrx_word' id='word_1_35' title='bbox 1611 1051 1712 1125; x_wconf 90' lang='lat' dir='ltr'>morti</span> 
     </span>
     <span class='ocr_line' id='line_1_5' title="bbox 161 1165 1713 1263; baseline 0.005 -23"><span class='ocrx_word' id='word_1_36' title='bbox 161 1165 352 1261; x_wconf 86' lang='lat' dir='ltr'>proximum</span> <span class='ocrx_word' id='word_1_37' title='bbox 380 1189 416 1242; x_wconf 94' lang='lat' dir='ltr'>se</span> <span class='ocrx_word' id='word_1_38' title='bbox 443 1166 651 1263; x_wconf 87' lang='lat' dir='ltr'>intelligens,</span> <span class='ocrx_word' id='word_1_39' title='bbox 691 1167 800 1242; x_wconf 86' lang='lat' dir='ltr'>filium</span> <span class='ocrx_word' id='word_1_40' title='bbox 829 1190 926 1242; x_wconf 87' lang='lat' dir='ltr'>suurn</span> <span class='ocrx_word' id='word_1_41' title='bbox 953 1169 1189 1245; x_wconf 89' lang='lat' dir='ltr'>Wenceslaum</span> <span class='ocrx_word' id='word_1_42' title='bbox 1216 1193 1260 1244; x_wconf 84' lang='lat' dir='ltr'>en</span> <span class='ocrx_word' id='word_1_43' title='bbox 1286 1169 1483 1244; x_wconf 73' lang='lat' dir='ltr'>Constantia</span> <span class='ocrx_word' id='word_1_44' title='bbox 1509 1193 1621 1246; x_wconf 90' lang='lat' dir='ltr'>sorore</span> <span class='ocrx_word' id='word_1_45' title='bbox 1648 1173 1713 1248; x_wconf 92' lang='lat' dir='ltr'>Be·</span> 
     </span>
     <span class='ocr_line' id='line_1_6' title="bbox 161 1287 1712 1388; baseline 0.004 -26"><span class='ocrx_word' id='word_1_46' title='bbox 161 1290 214 1364; x_wconf 90' lang='lat' dir='ltr'>lae</span> <span class='ocrx_word' id='word_1_47' title='bbox 241 1287 440 1384; x_wconf 86' lang='lat' dir='ltr'>Hungariae</span> <span class='ocrx_word' id='word_1_48' title='bbox 467 1288 583 1385; x_wconf 80' lang='lat' dir='ltr'>Regia,</span> <span class='ocrx_word' id='word_1_49' title='bbox 613 1311 711 1383; x_wconf 87' lang='lat' dir='ltr'>quam</span> <span class='ocrx_word' id='word_1_50' title='bbox 740 1289 896 1384; x_wconf 89' lang='lat' dir='ltr'>legitima</span> <span class='ocrx_word' id='word_1_51' title='bbox 917 1293 952 1365; x_wconf 92' lang='lat' dir='ltr'>et</span> <span class='ocrx_word' id='word_1_52' title='bbox 970 1290 1073 1385; x_wconf 85' lang='lat' dir='ltr'>priori</span> <span class='ocrx_word' id='word_1_53' title='bbox 1101 1314 1204 1366; x_wconf 86' lang='lat' dir='ltr'>uxore</span> <span class='ocrx_word' id='word_1_54' title='bbox 1230 1288 1319 1365; x_wconf 79' lang='lat' dir='ltr'>ddla</span> <span class='ocrx_word' id='word_1_55' title='bbox 1346 1289 1480 1368; x_wconf 81' lang='lat' dir='ltr'>uiuente</span> <span class='ocrx_word' id='word_1_56' title='bbox 1507 1294 1712 1388; x_wconf 83' lang='lat' dir='ltr'>superduxe-</span> 
     </span>
     <span class='ocr_line' id='line_1_7' title="bbox 160 1411 1713 1509; baseline 0.004 -25"><span class='ocrx_word' id='word_1_57' title='bbox 160 1415 226 1503; x_wconf 90' lang='lat' dir='ltr'>rat,</span> <span class='ocrx_word' id='word_1_58' title='bbox 255 1413 462 1506; x_wconf 89' lang='lat' dir='ltr'>susceptum,</span> <span class='ocrx_word' id='word_1_59' title='bbox 500 1411 535 1485; x_wconf 90' lang='lat' dir='ltr'>in</span> <span class='ocrx_word' id='word_1_60' title='bbox 571 1411 711 1487; x_wconf 90' lang='lat' dir='ltr'>ecclesie</span> <span class='ocrx_word' id='word_1_61' title='bbox 747 1412 910 1507; x_wconf 90' lang='lat' dir='ltr'>Pragensi</span> <span class='ocrx_word' id='word_1_62' title='bbox 938 1412 973 1487; x_wconf 92' lang='lat' dir='ltr'>in</span> <span class='ocrx_word' id='word_1_63' title='bbox 1000 1413 1142 1509; x_wconf 86' lang='lat' dir='ltr'>Regem,</span> <span class='ocrx_word' id='word_1_64' title='bbox 1180 1416 1365 1488; x_wconf 79' lang='lat' dir='ltr'>consortem</span> <span class='ocrx_word' id='word_1_65' title='bbox 1395 1437 1470 1489; x_wconf 52' lang='lat' dir='ltr'>acero</span> <span class='ocrx_word' id='word_1_66' title='bbox 1497 1413 1569 1489; x_wconf 89' lang='lat' dir='ltr'>eius</span> <span class='ocrx_word' id='word_1_67' title='bbox 1596 1416 1713 1490; x_wconf 90' lang='lat' dir='ltr'>Kone·</span> 
     </span>
     <span class='ocr_line' id='line_1_8' title="bbox 160 1531 1715 1630; baseline 0.001 -22"><span class='ocrx_word' id='word_1_68' title='bbox 160 1532 315 1628; x_wconf 81' lang='lat' dir='ltr'>grandim,</span> <span class='ocrx_word' id='word_1_69' title='bbox 352 1531 504 1629; x_wconf 88' lang='lat' dir='ltr'>Philippi</span> <span class='ocrx_word' id='word_1_70' title='bbox 541 1533 644 1608; x_wconf 91' lang='lat' dir='ltr'>Ducis</span> <span class='ocrx_word' id='word_1_71' title='bbox 681 1533 822 1610; x_wconf 87' lang='lat' dir='ltr'>Sueviae</span> <span class='ocrx_word' id='word_1_72' title='bbox 854 1534 889 1608; x_wconf 95' lang='lat' dir='ltr'>in</span> <span class='ocrx_word' id='word_1_73' title='bbox 916 1536 1045 1630; x_wconf 86' lang='lat' dir='ltr'>Regem</span> <span class='ocrx_word' id='word_1_74' title='bbox 1082 1536 1308 1610; x_wconf 89' lang='lat' dir='ltr'>Romanorum</span> <span class='ocrx_word' id='word_1_75' title='bbox 1346 1536 1380 1609; x_wconf 93' lang='lat' dir='ltr'>in</span> <span class='ocrx_word' id='word_1_76' title='bbox 1415 1535 1579 1611; x_wconf 87' lang='lat' dir='ltr'>discordia</span> <span class='ocrx_word' id='word_1_77' title='bbox 1615 1537 1715 1612; x_wconf 91' lang='lat' dir='ltr'>electi</span> 
     </span>
     <span class='ocr_line' id='line_1_9' title="bbox 161 1654 1716 1753; baseline 0.003 -25"><span class='ocrx_word' id='word_1_78' title='bbox 161 1655 282 1747; x_wconf 87' lang='lat' dir='ltr'>filiam,</span> <span class='ocrx_word' id='word_1_79' title='bbox 312 1654 347 1728; x_wconf 95' lang='lat' dir='ltr'>in</span> <span class='ocrx_word' id='word_1_80' title='bbox 376 1654 543 1750; x_wconf 79' lang='lat' dir='ltr'>Reginam</span> <span class='ocrx_word' id='word_1_81' title='bbox 570 1679 630 1751; x_wconf 93' lang='lat' dir='ltr'>per</span> <span class='ocrx_word' id='word_1_82' title='bbox 657 1656 817 1730; x_wconf 84' lang='lat' dir='ltr'>Silridum</span> <span class='ocrx_word' id='word_1_83' title='bbox 847 1657 1134 1753; x_wconf 90' lang='lat' dir='ltr'>archiepiscopum</span> <span class='ocrx_word' id='word_1_84' title='bbox 1162 1657 1457 1753; x_wconf 80' lang='lat' dir='ltr'>Mogontinensem</span> <span class='ocrx_word' id='word_1_85' title='bbox 1485 1657 1520 1732; x_wconf 92' lang='lat' dir='ltr'>in</span> <span class='ocrx_word' id='word_1_86' title='bbox 1539 1657 1716 1734; x_wconf 88' lang='lat' dir='ltr'>Dominica</span> 
     </span>
     <span class='ocr_line' id='line_1_10' title="bbox 160 1775 1316 1874; baseline 0.001 -23"><span class='ocrx_word' id='word_1_87' title='bbox 160 1775 442 1872; x_wconf 74' lang='lat' dir='ltr'>Quadragosinoo</span> <span class='ocrx_word' id='word_1_88' title='bbox 469 1776 638 1852; x_wconf 87' lang='lat' dir='ltr'>ordinavit</span> <span class='ocrx_word' id='word_1_89' title='bbox 665 1801 700 1853; x_wconf 91' lang='lat' dir='ltr'>se</span> <span class='ocrx_word' id='word_1_90' title='bbox 728 1780 916 1873; x_wconf 76' lang='lat' dir='ltr'>spectatore</span> <span class='ocrx_word' id='word_1_91' title='bbox 944 1779 1065 1874; x_wconf 86' lang='lat' dir='ltr'>inungi</span> <span class='ocrx_word' id='word_1_92' title='bbox 1091 1782 1127 1855; x_wconf 91' lang='lat' dir='ltr'>et</span> <span class='ocrx_word' id='word_1_93' title='bbox 1153 1779 1316 1854; x_wconf 85' lang='lat' dir='ltr'>coronari.</span> 
     </span>
    </p>

    <p class='ocr_par' dir='ltr' id='par_1_4' title="bbox 162 1897 1813 2240">
     <span class='ocr_line' id='line_1_11' title="bbox 266 1897 1714 1996; baseline 0.004 -25"><span class='ocrx_word' id='word_1_94' title='bbox 266 1899 309 1972; x_wconf 94' lang='lat' dir='ltr'>In</span> <span class='ocrx_word' id='word_1_95' title='bbox 337 1897 421 1972; x_wconf 87' lang='lat' dir='ltr'>villa</span> <span class='ocrx_word' id='word_1_96' title='bbox 447 1900 604 1991; x_wconf 87' lang='lat' dir='ltr'>Brzesko,</span> <span class='ocrx_word' id='word_1_97' title='bbox 639 1899 760 1994; x_wconf 92' lang='lat' dir='ltr'>oppido</span> <span class='ocrx_word' id='word_1_98' title='bbox 788 1902 935 1975; x_wconf 85' lang='lat' dir='ltr'>Braeslro</span> <span class='ocrx_word' id='word_1_99' title='bbox 964 1901 1164 1996; x_wconf 89' lang='lat' dir='ltr'>propinqua,</span> <span class='ocrx_word' id='word_1_100' title='bbox 1203 1902 1245 1974; x_wconf 87' lang='lat' dir='ltr'>ad</span> <span class='ocrx_word' id='word_1_101' title='bbox 1273 1901 1400 1976; x_wconf 88' lang='lat' dir='ltr'>fluenta</span> <span class='ocrx_word' id='word_1_102' title='bbox 1427 1900 1569 1992; x_wconf 88' lang='lat' dir='ltr'>Wislae,</span> <span class='ocrx_word' id='word_1_103' title='bbox 1597 1924 1714 1976; x_wconf 91' lang='lat' dir='ltr'>mona-</span> 
     </span>
     <span class='ocr_line' id='line_1_12' title="bbox 162 2019 1716 2118; baseline 0.003 -24"><span class='ocrx_word' id='word_1_104' title='bbox 162 2019 304 2096; x_wconf 90' lang='lat' dir='ltr'>sterium</span> <span class='ocrx_word' id='word_1_105' title='bbox 332 2021 478 2095; x_wconf 88' lang='lat' dir='ltr'>fratrum</span> <span class='ocrx_word' id='word_1_106' title='bbox 516 2021 643 2095; x_wconf 87' lang='lat' dir='ltr'>ordinis</span> <span class='ocrx_word' id='word_1_107' title='bbox 670 2022 1013 2097; x_wconf 85' lang='lat' dir='ltr'>Praomonstratensis</span> <span class='ocrx_word' id='word_1_108' title='bbox 1040 2023 1258 2118; x_wconf 60' lang='lat' dir='ltr'>fundatur2),</span> <span class='ocrx_word' id='word_1_109' title='bbox 1292 2025 1326 2098; x_wconf 94' lang='lat' dir='ltr'>et</span> <span class='ocrx_word' id='word_1_110' title='bbox 1354 2023 1388 2096; x_wconf 92' lang='lat' dir='ltr'>in</span> <span class='ocrx_word' id='word_1_111' title='bbox 1418 2023 1529 2098; x_wconf 90' lang='lat' dir='ltr'>dotem</span> <span class='ocrx_word' id='word_1_112' title='bbox 1557 2023 1610 2096; x_wconf 95' lang='lat' dir='ltr'>illi</span> <span class='ocrx_word' id='word_1_113' title='bbox 1638 2046 1716 2099; x_wconf 91' lang='lat' dir='ltr'>con-</span> 
     </span>
     <span class='ocr_line' id='line_1_13' title="bbox 163 2141 1813 2240; baseline 0 -26"><span class='ocrx_word' id='word_1_114' title='bbox 163 2143 320 2218; x_wconf 83' lang='lat' dir='ltr'>teruntur</span> <span class='ocrx_word' id='word_1_115' title='bbox 347 2141 450 2216; x_wconf 90' lang='lat' dir='ltr'>villae</span> <span class='ocrx_word' id='word_1_116' title='bbox 477 2145 512 2218; x_wconf 93' lang='lat' dir='ltr'>et</span> <span class='ocrx_word' id='word_1_117' title='bbox 538 2143 686 2218; x_wconf 88' lang='lat' dir='ltr'>decimae</span> <span class='ocrx_word' id='word_1_118' title='bbox 701 2141 740 2238; x_wconf 83' lang='lat'>³),</span> <span class='ocrx_word' id='word_1_119' title='bbox 769 2143 969 2238; x_wconf 75' lang='lat' dir='ltr'>uidelicet⁴)</span> <span class='ocrx_word' id='word_1_120' title='bbox 996 2145 1144 2220; x_wconf 87' lang='lat' dir='ltr'>Bruesko</span> <span class='ocrx_word' id='word_1_121' title='bbox 1171 2145 1331 2240; x_wconf 92' lang='lat' dir='ltr'>oppidum</span> <span class='ocrx_word' id='word_1_122' title='bbox 1346 2143 1374 2239; x_wconf 76' lang='grc'>5)</span> <span class='ocrx_word' id='word_1_123' title='bbox 1401 2147 1436 2220; x_wconf 90' lang='lat' dir='ltr'>et</span> <span class='ocrx_word' id='word_1_124' title='bbox 1464 2145 1557 2220; x_wconf 86' lang='lat' dir='ltr'>villa.</span> <span class='ocrx_word' id='word_1_125' title='bbox 1810 2209 1813 2214; x_wconf 90' lang='lat'>.</span> 
     </span>
    </p>

    <p class='ocr_par' dir='ltr' id='par_1_5' title="bbox 65 2263 1717 2950">
     <span class='ocr_line' id='line_1_14' title="bbox 271 2263 1717 2362; baseline -0.001 -21"><span class='ocrx_word' id='word_1_126' title='bbox 271 2263 456 2359; x_wconf 75' lang='lat' dir='ltr'>Gregorius</span> <span class='ocrx_word' id='word_1_127' title='bbox 484 2266 576 2361; x_wconf 87' lang='lat' dir='ltr'>Papa</span> <span class='ocrx_word' id='word_1_128' title='bbox 603 2287 711 2340; x_wconf 88' lang='lat' dir='ltr'>nonus</span> <span class='ocrx_word' id='word_1_129' title='bbox 738 2267 871 2340; x_wconf 87' lang='lat' dir='ltr'>beatam</span> <span class='ocrx_word' id='word_1_130' title='bbox 903 2267 1079 2342; x_wconf 87' lang='lat' dir='ltr'>Elisabeth</span> <span class='ocrx_word' id='word_1_131' title='bbox 1098 2266 1252 2342; x_wconf 83' lang='lat' dir='ltr'>Andreae</span> <span class='ocrx_word' id='word_1_132' title='bbox 1270 2265 1376 2362; x_wconf 87' lang='lat' dir='ltr'>Regis</span> <span class='ocrx_word' id='word_1_133' title='bbox 1395 2265 1592 2362; x_wconf 86' lang='lat' dir='ltr'>Humgariae</span> <span class='ocrx_word' id='word_1_134' title='bbox 1610 2266 1717 2340; x_wconf 85' lang='lat' dir='ltr'>filiam</span> 
     </span>
     <span class='ocr_line' id='line_1_15' title="bbox 163 2385 1717 2483; baseline 0.001 -24"><span class='ocrx_word' id='word_1_135' title='bbox 163 2389 198 2460; x_wconf 94' lang='lat' dir='ltr'>et</span> <span class='ocrx_word' id='word_1_136' title='bbox 225 2385 386 2461; x_wconf 77' lang='lat' dir='ltr'>ludovici</span> <span class='ocrx_word' id='word_1_137' title='bbox 413 2387 614 2482; x_wconf 82' lang='lat' dir='ltr'>Lantgravii</span> <span class='ocrx_word' id='word_1_138' title='bbox 642 2386 851 2482; x_wconf 85' lang='lat' dir='ltr'>Thuringiae</span> <span class='ocrx_word' id='word_1_139' title='bbox 879 2387 1043 2480; x_wconf 89' lang='lat' dir='ltr'>relictam,</span> <span class='ocrx_word' id='word_1_140' title='bbox 1081 2387 1278 2464; x_wconf 87' lang='lat' dir='ltr'>canoniuat:</span> <span class='ocrx_word' id='word_1_141' title='bbox 1317 2388 1412 2464; x_wconf 88' lang='lat' dir='ltr'>ouius</span> <span class='ocrx_word' id='word_1_142' title='bbox 1439 2410 1570 2464; x_wconf 89' lang='lat' dir='ltr'>sacrum</span> <span class='ocrx_word' id='word_1_143' title='bbox 1598 2410 1717 2483; x_wconf 89' lang='lat' dir='ltr'>eorpus</span> 
     </span>
     <span class='ocr_line' id='line_1_16' title="bbox 65 2507 1713 2605; baseline 0.002 -25"><span class='ocrx_word' id='word_1_144' title='bbox 65 2597 68 2602; x_wconf 21' lang='grc' dir='ltr'>Ι</span> <span class='ocrx_word' id='word_1_145' title='bbox 163 2507 356 2584; x_wconf 80' lang='lat' dir='ltr'>Fridericus</span> <span class='ocrx_word' id='word_1_146' title='bbox 382 2509 609 2582; x_wconf 85' lang='lat' dir='ltr'>Romanorum</span> <span class='ocrx_word' id='word_1_147' title='bbox 637 2509 825 2603; x_wconf 88' lang='lat' dir='ltr'>Imperator</span> <span class='ocrx_word' id='word_1_148' title='bbox 853 2509 888 2582; x_wconf 92' lang='lat' dir='ltr'>in</span> <span class='ocrx_word' id='word_1_149' title='bbox 915 2511 1078 2605; x_wconf 86' lang='lat' dir='ltr'>Marpurg</span> <span class='ocrx_word' id='word_1_150' title='bbox 1092 2509 1121 2604; x_wconf 83' lang='lat'>⁶)</span> <span class='ocrx_word' id='word_1_151' title='bbox 1157 2509 1330 2604; x_wconf 89' lang='lat' dir='ltr'>hospitali,</span> <span class='ocrx_word' id='word_1_152' title='bbox 1369 2509 1457 2602; x_wconf 91' lang='lat' dir='ltr'>quod</span> <span class='ocrx_word' id='word_1_153' title='bbox 1492 2508 1609 2585; x_wconf 82' lang='lat' dir='ltr'>uirens</span> <span class='ocrx_word' id='word_1_154' title='bbox 1635 2511 1713 2583; x_wconf 87' lang='lat' dir='ltr'>fun·</span> 
     </span>
     <span class='ocr_line' id='line_1_17' title="bbox 162 2629 1715 2726; baseline 0 -22"><span class='ocrx_word' id='word_1_155' title='bbox 162 2630 301 2704; x_wconf 80' lang='lat' dir='ltr'>deserat</span> <span class='ocrx_word' id='word_1_156' title='bbox 328 2631 363 2704; x_wconf 91' lang='lat' dir='ltr'>et</span> <span class='ocrx_word' id='word_1_157' title='bbox 389 2630 564 2705; x_wconf 81' lang='lat' dir='ltr'>dotaverat</span> <span class='ocrx_word' id='word_1_158' title='bbox 578 2629 618 2724; x_wconf 57' lang='grc' dir='ltr'>ἢ,</span> <span class='ocrx_word' id='word_1_159' title='bbox 648 2629 689 2705; x_wconf 93' lang='lat' dir='ltr'>de</span> <span class='ocrx_word' id='word_1_160' title='bbox 715 2632 856 2722; x_wconf 87' lang='lat' dir='ltr'>tumulo,</span> <span class='ocrx_word' id='word_1_161' title='bbox 886 2631 1060 2707; x_wconf 88' lang='lat' dir='ltr'>associatis</span> <span class='ocrx_word' id='word_1_162' title='bbox 1087 2632 1242 2726; x_wconf 87' lang='lat' dir='ltr'>pluritas</span> <span class='ocrx_word' id='word_1_163' title='bbox 1278 2630 1494 2726; x_wconf 85' lang='lat' dir='ltr'>pontificibus</span> <span class='ocrx_word' id='word_1_164' title='bbox 1522 2631 1557 2705; x_wconf 95' lang='lat' dir='ltr'>et</span> <span class='ocrx_word' id='word_1_165' title='bbox 1579 2630 1715 2720; x_wconf 86' lang='lat' dir='ltr'>¹Princi-</span> 
     </span>
     <span class='ocr_line' id='line_1_18' title="bbox 163 2751 1717 2850; baseline 0.002 -25"><span class='ocrx_word' id='word_1_166' title='bbox 163 2751 272 2847; x_wconf 88' lang='lat' dir='ltr'>pibus,</span> <span class='ocrx_word' id='word_1_167' title='bbox 302 2773 376 2826; x_wconf 88' lang='lat' dir='ltr'>oum</span> <span class='ocrx_word' id='word_1_168' title='bbox 406 2773 529 2847; x_wconf 81' lang='lat' dir='ltr'>inagna</span> <span class='ocrx_word' id='word_1_169' title='bbox 555 2751 759 2828; x_wconf 85' lang='lat' dir='ltr'>solennitate</span> <span class='ocrx_word' id='word_1_170' title='bbox 777 2755 813 2829; x_wconf 91' lang='lat' dir='ltr'>et</span> <span class='ocrx_word' id='word_1_171' title='bbox 830 2752 940 2850; x_wconf 88' lang='lat' dir='ltr'>gloria</span> <span class='ocrx_word' id='word_1_172' title='bbox 966 2755 1068 2846; x_wconf 86' lang='lat' dir='ltr'>leuat,</span> <span class='ocrx_word' id='word_1_173' title='bbox 1100 2755 1135 2830; x_wconf 91' lang='lat' dir='ltr'>et</span> <span class='ocrx_word' id='word_1_174' title='bbox 1162 2776 1222 2849; x_wconf 93' lang='lat' dir='ltr'>pro</span> <span class='ocrx_word' id='word_1_175' title='bbox 1249 2755 1340 2830; x_wconf 92' lang='lat' dir='ltr'>testa</span> <span class='ocrx_word' id='word_1_176' title='bbox 1366 2752 1489 2850; x_wconf 87' lang='lat' dir='ltr'>capitis</span> <span class='ocrx_word' id='word_1_177' title='bbox 1515 2751 1569 2828; x_wconf 89' lang='lat' dir='ltr'>eui</span> <span class='ocrx_word' id='word_1_178' title='bbox 1596 2775 1717 2828; x_wconf 89' lang='lat' dir='ltr'>ornan·</span> 
     </span>
     <span class='ocr_line' id='line_1_19' title="bbox 162 2873 693 2950; baseline -0.004 0"><span class='ocrx_word' id='word_1_179' title='bbox 162 2874 207 2950; x_wconf 90' lang='lat' dir='ltr'>da</span> <span class='ocrx_word' id='word_1_180' title='bbox 232 2895 371 2950; x_wconf 89' lang='lat' dir='ltr'>auream</span> <span class='ocrx_word' id='word_1_181' title='bbox 398 2895 552 2950; x_wconf 90' lang='lat' dir='ltr'>coronam</span> <span class='ocrx_word' id='word_1_182' title='bbox 579 2873 693 2948; x_wconf 89' lang='lat' dir='ltr'>donat.</span> 
     </span>
    </p>
   </div>
   <div class='ocr_carea' id='block_1_3' title="bbox 617 3234 1263 3352">
    <p class='ocr_par' dir='ltr' id='par_1_6' title="bbox 617 3234 1263 3352">
     <span class='ocr_line' id='line_1_20' title="bbox 617 3234 1263 3352; baseline -0.003 -2"><span class='ocrx_word' id='word_1_183' title='bbox 617 3234 825 3350; x_wconf 83' lang='lat' dir='ltr'>ANNUS</span> <span class='ocrx_word' id='word_1_184' title='bbox 860 3237 1087 3352; x_wconf 85' lang='lat' dir='ltr'><strong>DOMINI</strong></span> <span class='ocrx_word' id='word_1_185' title='bbox 1123 3235 1263 3352; x_wconf 76' lang='lat'><strong>1229.</strong></span> 
     </span>
    </p>
   </div>
   <div class='ocr_carea' id='block_1_4' title="bbox 162 3485 1721 3944">
    <p class='ocr_par' dir='ltr' id='par_1_7' title="bbox 162 3485 1721 3578">
     <span class='ocr_line' id='line_1_21' title="bbox 162 3485 1721 3578; baseline -0.001 -16"><span class='ocrx_word' id='word_1_186' title='bbox 162 3488 296 3562; x_wconf 82' lang='lat' dir='ltr'>llltarua</span> <span class='ocrx_word' id='word_1_187' title='bbox 324 3485 524 3560; x_wconf 72' lang='lat' dir='ltr'>wladislaus</span> <span class='ocrx_word' id='word_1_188' title='bbox 551 3485 759 3578; x_wconf 70' lang='lat' dir='ltr'>lpaakonogl</span> <span class='ocrx_word' id='word_1_189' title='bbox 786 3485 936 3558; x_wconf 84' lang='lat' dir='ltr'>iniuriam</span> <span class='ocrx_word' id='word_1_190' title='bbox 964 3504 983 3558; x_wconf 90' lang='lat' dir='ltr'>a</span> <span class='ocrx_word' id='word_1_191' title='bbox 1011 3485 1190 3559; x_wconf 70' lang='lat' dir='ltr'>wladislao</span> <span class='ocrx_word' id='word_1_192' title='bbox 1218 3487 1551 3578; x_wconf 72' lang='lat' dir='ltr'>maenianorum,</span> <span class='ocrx_word' id='word_1_193' title='bbox 1579 3503 1652 3560; x_wconf 84' lang='lat' dir='ltr'>oon</span> <span class='ocrx_word' id='word_1_194' title='bbox 1669 3505 1721 3560; x_wconf 83' lang='grc' dir='ltr'>ιι·</span> 
     </span>
    </p>

    <p class='ocr_par' dir='ltr' id='par_1_8' title="bbox 164 3606 1720 3702">
     <span class='ocr_line' id='line_1_22' title="bbox 164 3606 1720 3702; baseline 0 -22"><span class='ocrx_word' id='word_1_195' title='bbox 164 3607 231 3681; x_wconf 80' lang='lat' dir='ltr'>liclo</span> <span class='ocrx_word' id='word_1_196' title='bbox 259 3608 407 3682; x_wconf 79' lang='lat' dir='ltr'>exercitu</span> <span class='ocrx_word' id='word_1_197' title='bbox 445 3609 550 3701; x_wconf 84' lang='lat' dir='ltr'>ipsum</span> <span class='ocrx_word' id='word_1_198' title='bbox 585 3607 737 3700; x_wconf 80' lang='lat' dir='ltr'>prodigal</span> <span class='ocrx_word' id='word_1_199' title='bbox 764 3611 798 3681; x_wconf 87' lang='lat' dir='ltr'>et</span> <span class='ocrx_word' id='word_1_200' title='bbox 825 3608 929 3702; x_wconf 85' lang='lat' dir='ltr'>eapit;</span> <span class='ocrx_word' id='word_1_201' title='bbox 967 3609 1022 3700; x_wconf 80' lang='lat' dir='ltr'>qni</span> <span class='ocrx_word' id='word_1_202' title='bbox 1057 3607 1189 3681; x_wconf 86' lang='lat' dir='ltr'>taudem</span> <span class='ocrx_word' id='word_1_203' title='bbox 1217 3608 1345 3699; x_wconf 78' lang='lat' dir='ltr'>lugiens</span> <span class='ocrx_word' id='word_1_204' title='bbox 1373 3606 1417 3684; x_wconf 84' lang='lat' dir='ltr'>ed</span> <span class='ocrx_word' id='word_1_205' title='bbox 1445 3608 1720 3701; x_wconf 77' lang='lat' dir='ltr'>suantopellam,</span> 
     </span>
    </p>

    <p class='ocr_par' dir='ltr' id='par_1_9' title="bbox 163 3729 1720 3944">
     <span class='ocr_line' id='line_1_23' title="bbox 163 3729 1720 3824; baseline 0 -22"><span class='ocrx_word' id='word_1_206' title='bbox 163 3731 336 3824; x_wconf 77' lang='lat' dir='ltr'>ipronque</span> <span class='ocrx_word' id='word_1_207' title='bbox 363 3734 477 3804; x_wconf 87' lang='lat' dir='ltr'>contra</span> <span class='ocrx_word' id='word_1_208' title='bbox 503 3734 654 3823; x_wconf 85' lang='lat' dir='ltr'>patruum</span> <span class='ocrx_word' id='word_1_209' title='bbox 682 3729 813 3819; x_wconf 86' lang='lat' dir='ltr'>doeens,</span> <span class='ocrx_word' id='word_1_210' title='bbox 840 3749 916 3821; x_wconf 86' lang='lat' dir='ltr'>praa</span> <span class='ocrx_word' id='word_1_211' title='bbox 942 3733 1064 3803; x_wconf 84' lang='lat' dir='ltr'>terrore</span> <span class='ocrx_word' id='word_1_212' title='bbox 1091 3730 1182 3803; x_wconf 87' lang='lat' dir='ltr'>illum</span> <span class='ocrx_word' id='word_1_213' title='bbox 1212 3731 1322 3821; x_wconf 81' lang='lat' dir='ltr'>lugere</span> <span class='ocrx_word' id='word_1_214' title='bbox 1349 3729 1439 3821; x_wconf 77' lang='lat' dir='ltr'>cogit</span> <span class='ocrx_word' id='word_1_215' title='bbox 1465 3733 1499 3804; x_wconf 86' lang='lat' dir='ltr'>ot</span> <span class='ocrx_word' id='word_1_216' title='bbox 1525 3747 1637 3804; x_wconf 83' lang='lat' dir='ltr'>onnes</span> <span class='ocrx_word' id='word_1_217' title='bbox 1660 3733 1720 3803; x_wconf 86' lang='lat' dir='ltr'>ter·</span> 
     </span>
     <span class='ocr_line' id='line_1_24' title="bbox 832 3856 1062 3944; baseline 0 -20"><span class='ocrx_word' id='word_1_218' title='bbox 832 3871 886 3924; x_wconf 85' lang='lat' dir='ltr'>raa</span> <span class='ocrx_word' id='word_1_219' title='bbox 914 3856 1062 3944; x_wconf 85' lang='lat' dir='ltr'>occupat.</span> 
     </span>
    </p>
   </div>
   <div class='ocr_carea' id='block_1_5' title="bbox 165 4091 1721 4800">
    <p class='ocr_par' dir='ltr' id='par_1_10' title="bbox 165 4091 1721 4800">
     <span class='ocr_line' id='line_1_25' title="bbox 271 4091 1719 4169; baseline -0.001 0"><span class='ocrx_word' id='word_1_220' title='bbox 271 4091 454 4169; x_wconf 76' lang='lat' dir='ltr'>Concordia</span> <span class='ocrx_word' id='word_1_221' title='bbox 480 4093 661 4168; x_wconf 87' lang='lat' dir='ltr'>Ploczlram</span> <span class='ocrx_word' id='word_1_222' title='bbox 688 4091 778 4167; x_wconf 93' lang='lat' dir='ltr'>inter</span> <span class='ocrx_word' id='word_1_223' title='bbox 805 4092 991 4168; x_wconf 90' lang='lat' dir='ltr'>Henricum</span> <span class='ocrx_word' id='word_1_224' title='bbox 1019 4091 1148 4168; x_wconf 84' lang='lat' dir='ltr'>Slesiae</span> <span class='ocrx_word' id='word_1_225' title='bbox 1175 4095 1210 4167; x_wconf 91' lang='lat' dir='ltr'>et</span> <span class='ocrx_word' id='word_1_226' title='bbox 1236 4092 1427 4167; x_wconf 78' lang='lat' dir='ltr'>(luuradum</span> <span class='ocrx_word' id='word_1_227' title='bbox 1457 4091 1623 4168; x_wconf 83' lang='lat' dir='ltr'>Maeoniae</span> <span class='ocrx_word' id='word_1_228' title='bbox 1650 4093 1719 4167; x_wconf 90' lang='lat' dir='ltr'>Du·</span> 
     </span>
     <span class='ocr_line' id='line_1_26' title="bbox 165 4213 1720 4310; baseline -0.002 -19"><span class='ocrx_word' id='word_1_229' title='bbox 165 4238 231 4307; x_wconf 89' lang='lat' dir='ltr'>ces,</span> <span class='ocrx_word' id='word_1_230' title='bbox 270 4237 330 4310; x_wconf 92' lang='lat' dir='ltr'>per</span> <span class='ocrx_word' id='word_1_231' title='bbox 367 4216 499 4290; x_wconf 89' lang='lat' dir='ltr'>beatam</span> <span class='ocrx_word' id='word_1_232' title='bbox 536 4214 695 4290; x_wconf 83' lang='lat' dir='ltr'>feminam</span> <span class='ocrx_word' id='word_1_233' title='bbox 733 4213 909 4290; x_wconf 90' lang='lat' dir='ltr'>Ducissam</span> <span class='ocrx_word' id='word_1_234' title='bbox 947 4213 1128 4310; x_wconf 88' lang='lat' dir='ltr'>Hedrigim</span> <span class='ocrx_word' id='word_1_235' title='bbox 1164 4213 1305 4290; x_wconf 89' lang='lat' dir='ltr'>Henrici</span> <span class='ocrx_word' id='word_1_236' title='bbox 1341 4216 1539 4305; x_wconf 80' lang='lat' dir='ltr'>consortem,</span> <span class='ocrx_word' id='word_1_237' title='bbox 1577 4215 1613 4289; x_wconf 92' lang='lat' dir='ltr'>et</span> <span class='ocrx_word' id='word_1_238' title='bbox 1647 4213 1720 4289; x_wconf 92' lang='lat' dir='ltr'>eius</span> 
     </span>
     <span class='ocr_line' id='line_1_27' title="bbox 165 4335 1721 4432; baseline -0.001 -20"><span class='ocrx_word' id='word_1_239' title='bbox 165 4335 423 4412; x_wconf 87' lang='lat' dir='ltr'>solertissimam</span> <span class='ocrx_word' id='word_1_240' title='bbox 451 4335 741 4431; x_wconf 87' lang='lat' dir='ltr'>interpositionem</span> <span class='ocrx_word' id='word_1_241' title='bbox 769 4337 955 4428; x_wconf 87' lang='lat' dir='ltr'>celebrata,</span> <span class='ocrx_word' id='word_1_242' title='bbox 994 4335 1158 4432; x_wconf 86' lang='lat' dir='ltr'>gravique</span> <span class='ocrx_word' id='word_1_243' title='bbox 1185 4337 1220 4412; x_wconf 91' lang='lat' dir='ltr'>et</span> <span class='ocrx_word' id='word_1_244' title='bbox 1247 4335 1396 4411; x_wconf 88' lang='lat' dir='ltr'>infausto</span> <span class='ocrx_word' id='word_1_245' title='bbox 1423 4336 1512 4412; x_wconf 89' lang='lat' dir='ltr'>bello</span> <span class='ocrx_word' id='word_1_246' title='bbox 1539 4335 1632 4412; x_wconf 89' lang='lat' dir='ltr'>civili</span> <span class='ocrx_word' id='word_1_247' title='bbox 1661 4359 1721 4411; x_wconf 85' lang='lat' dir='ltr'>ex·</span> 
     </span>
     <span class='ocr_line' id='line_1_28' title="bbox 166 4457 1721 4555; baseline -0.001 -21"><span class='ocrx_word' id='word_1_248' title='bbox 166 4459 286 4550; x_wconf 93' lang='lat' dir='ltr'>tincto,</span> <span class='ocrx_word' id='word_1_249' title='bbox 315 4481 431 4533; x_wconf 91' lang='lat' dir='ltr'>rursus</span> <span class='ocrx_word' id='word_1_250' title='bbox 458 4457 552 4532; x_wconf 89' lang='lat' dir='ltr'>aliud</span> <span class='ocrx_word' id='word_1_251' title='bbox 579 4459 706 4534; x_wconf 87' lang='lat' dir='ltr'>bollum</span> <span class='ocrx_word' id='word_1_252' title='bbox 734 4458 823 4534; x_wconf 89' lang='lat' dir='ltr'>inter</span> <span class='ocrx_word' id='word_1_253' title='bbox 846 4458 981 4532; x_wconf 90' lang='lat' dir='ltr'>llaioris</span> <span class='ocrx_word' id='word_1_254' title='bbox 1001 4457 1159 4534; x_wconf 89' lang='lat' dir='ltr'>Poloniae</span> <span class='ocrx_word' id='word_1_255' title='bbox 1176 4459 1295 4550; x_wconf 90' lang='lat' dir='ltr'>Duces,</span> <span class='ocrx_word' id='word_1_256' title='bbox 1324 4457 1552 4534; x_wconf 88' lang='lat' dir='ltr'>Wladislaum</span> <span class='ocrx_word' id='word_1_257' title='bbox 1571 4459 1721 4555; x_wconf 83' lang='lat' dir='ltr'>Lpasko·</span> 
     </span>
     <span class='ocr_line' id='line_1_29' title="bbox 166 4578 1721 4675; baseline -0.001 -20"><span class='ocrx_word' id='word_1_258' title='bbox 166 4579 293 4675; x_wconf 68' lang='lat' dir='ltr'>nogi⁸t</span> <span class='ocrx_word' id='word_1_259' title='bbox 319 4581 497 4675; x_wconf 88' lang='lat' dir='ltr'>patruum,</span> <span class='ocrx_word' id='word_1_260' title='bbox 528 4581 563 4654; x_wconf 94' lang='lat' dir='ltr'>et</span> <span class='ocrx_word' id='word_1_261' title='bbox 589 4579 817 4656; x_wconf 88' lang='lat' dir='ltr'>Wladislaum</span> <span class='ocrx_word' id='word_1_262' title='bbox 846 4579 980 4655; x_wconf 87' lang='lat' dir='ltr'>Ottonis</span> <span class='ocrx_word' id='word_1_263' title='bbox 1008 4582 1182 4675; x_wconf 88' lang='lat' dir='ltr'>nepotem,</span> <span class='ocrx_word' id='word_1_264' title='bbox 1212 4579 1352 4655; x_wconf 82' lang='lat' dir='ltr'>exarsit.</span> <span class='ocrx_word' id='word_1_265' title='bbox 1390 4579 1529 4675; x_wconf 86' lang='lat' dir='ltr'>Pnoprio</span> <span class='ocrx_word' id='word_1_266' title='bbox 1556 4578 1721 4672; x_wconf 88' lang='lat' dir='ltr'>siquidem</span> 
     </span>
     <span class='ocr_line' id='line_1_30' title="bbox 166 4699 1720 4800; baseline -0.001 -23"><span class='ocrx_word' id='word_1_267' title='bbox 166 4705 203 4778; x_wconf 92' lang='lat' dir='ltr'>et</span> <span class='ocrx_word' id='word_1_268' title='bbox 229 4702 369 4777; x_wconf 84' lang='lat' dir='ltr'>externo</span> <span class='ocrx_word' id='word_1_269' title='bbox 396 4701 505 4777; x_wconf 92' lang='lat' dir='ltr'>milite</span> <span class='ocrx_word' id='word_1_270' title='bbox 541 4701 753 4779; x_wconf 87' lang='lat' dir='ltr'>Wladislaus</span> <span class='ocrx_word' id='word_1_271' title='bbox 788 4701 1002 4800; x_wconf 80' lang='lat' dir='ltr'>Lyaskonogi</span> <span class='ocrx_word' id='word_1_272' title='bbox 1039 4700 1186 4793; x_wconf 86' lang='lat' dir='ltr'>adiutus,</span> <span class='ocrx_word' id='word_1_273' title='bbox 1223 4699 1316 4777; x_wconf 91' lang='lat' dir='ltr'>veuit</span> <span class='ocrx_word' id='word_1_274' title='bbox 1351 4703 1467 4778; x_wconf 88' lang='lat' dir='ltr'>contra</span> <span class='ocrx_word' id='word_1_275' title='bbox 1493 4701 1720 4780; x_wconf 87' lang='lat' dir='ltr'>Wladisluum</span> 
     </span>
    </p>
   </div>
   <div class='ocr_carea' id='block_1_6' title="bbox 162 4943 1726 5662">
    <p class='ocr_par' dir='ltr' id='par_1_11' title="bbox 162 4943 1726 5662">
     <span class='ocr_line' id='line_1_31' title="bbox 280 4943 1722 5022; baseline -0.002 -14"><span class='ocrx_word' id='word_1_276' title='bbox 280 4944 303 5022; x_wconf 92' lang='lat'>¹)</span> <span class='ocrx_word' id='word_1_277' title='bbox 326 4947 402 5008; x_wconf 77' lang='lat' dir='ltr'>Rern</span> <span class='ocrx_word' id='word_1_278' title='bbox 424 4947 503 5008; x_wconf 77' lang='lat' dir='ltr'>tono</span> <span class='ocrx_word' id='word_1_279' title='bbox 524 4948 725 5008; x_wconf 70' lang='lat' dir='ltr'>detractione</span> <span class='ocrx_word' id='word_1_280' title='bbox 753 4949 931 5008; x_wconf 79' lang='lat' dir='ltr'>monasterii</span> <span class='ocrx_word' id='word_1_281' title='bbox 960 4947 1079 5010; x_wconf 79' lang='lat' dir='ltr'>ordinis</span> <span class='ocrx_word' id='word_1_282' title='bbox 1109 4948 1358 5008; x_wconf 65' lang='lat' dir='ltr'>Praedmotorum</span> <span class='ocrx_word' id='word_1_283' title='bbox 1391 4948 1426 5006; x_wconf 79' lang='lat' dir='ltr'>io</span> <span class='ocrx_word' id='word_1_284' title='bbox 1452 4945 1594 5018; x_wconf 74' lang='lat' dir='ltr'>Gdooet,</span> <span class='ocrx_word' id='word_1_285' title='bbox 1630 4943 1722 5006; x_wconf 79' lang='lat' dir='ltr'>Godd.</span> 
     </span>
     <span class='ocr_line' id='line_1_32' title="bbox 167 5050 1721 5128; baseline 0 -16"><span class='ocrx_word' id='word_1_286' title='bbox 167 5050 243 5112; x_wconf 75' lang='lat' dir='ltr'>Aac</span> <span class='ocrx_word' id='word_1_287' title='bbox 267 5055 294 5112; x_wconf 85' lang='lat' dir='ltr'>et</span> <span class='ocrx_word' id='word_1_288' title='bbox 316 5052 383 5113; x_wconf 83' lang='lat' dir='ltr'>Lis.</span> <span class='ocrx_word' id='word_1_289' title='bbox 406 5052 447 5112; x_wconf 83' lang='lat' dir='ltr'>acl</span> <span class='ocrx_word' id='word_1_290' title='bbox 469 5069 589 5112; x_wconf 75' lang='lat' dir='ltr'>cocum</span> <span class='ocrx_word' id='word_1_291' title='bbox 611 5056 717 5127; x_wconf 68' lang='lat'>12:333</span> <span class='ocrx_word' id='word_1_292' title='bbox 751 5051 842 5114; x_wconf 82' lang='lat' dir='ltr'>Oodd.</span> <span class='ocrx_word' id='word_1_293' title='bbox 870 5051 952 5113; x_wconf 80' lang='lat' dir='ltr'>(latu.</span> <span class='ocrx_word' id='word_1_294' title='bbox 977 5054 1069 5114; x_wconf 74' lang='lat' dir='ltr'>Reor.</span> <span class='ocrx_word' id='word_1_295' title='bbox 1092 5056 1119 5112; x_wconf 86' lang='lat' dir='ltr'>et</span> <span class='ocrx_word' id='word_1_296' title='bbox 1141 5051 1222 5113; x_wconf 78' lang='lat' dir='ltr'>Edu.</span> <span class='ocrx_word' id='word_1_297' title='bbox 1244 5052 1339 5112; x_wconf 83' lang='lat' dir='ltr'>Dobr.</span> <span class='ocrx_word' id='word_1_298' title='bbox 1362 5052 1449 5128; x_wconf 73' lang='lat' dir='ltr'>Dipo.</span> <span class='ocrx_word' id='word_1_299' title='bbox 1472 5067 1539 5112; x_wconf 82' lang='lat' dir='ltr'>cero</span> <span class='ocrx_word' id='word_1_300' title='bbox 1561 5051 1617 5112; x_wconf 83' lang='lat' dir='ltr'>eut</span> <span class='ocrx_word' id='word_1_301' title='bbox 1635 5053 1721 5112; x_wconf 82' lang='grc'><em>1226</em></span> 
     </span>
     <span class='ocr_line' id='line_1_33' title="bbox 162 5153 1723 5233; baseline -0.001 -17"><span class='ocrx_word' id='word_1_302' title='bbox 162 5159 304 5232; x_wconf 65' lang='lat' dir='ltr'>maort:</span> <span class='ocrx_word' id='word_1_303' title='bbox 327 5157 392 5216; x_wconf 81' lang='lat' dir='ltr'>licet</span> <span class='ocrx_word' id='word_1_304' title='bbox 411 5157 609 5233; x_wconf 75' lang='lat' dir='ltr'>privilegium</span> <span class='ocrx_word' id='word_1_305' title='bbox 631 5155 829 5228; x_wconf 75' lang='lat' dir='ltr'>fundationis</span> <span class='ocrx_word' id='word_1_306' title='bbox 842 5175 899 5233; x_wconf 83' lang='lat' dir='ltr'>per</span> <span class='ocrx_word' id='word_1_307' title='bbox 916 5156 1160 5232; x_wconf 76' lang='lat' dir='ltr'>Swaatcpettam</span> <span class='ocrx_word' id='word_1_308' title='bbox 1174 5157 1292 5218; x_wconf 80' lang='lat' dir='ltr'>Ducem</span> <span class='ocrx_word' id='word_1_309' title='bbox 1313 5157 1349 5215; x_wconf 79' lang='lat' dir='ltr'>ia</span> <span class='ocrx_word' id='word_1_310' title='bbox 1371 5155 1420 5216; x_wconf 82' lang='lat' dir='ltr'>dic</span> <span class='ocrx_word' id='word_1_311' title='bbox 1441 5155 1472 5216; x_wconf 83' lang='lat' dir='ltr'>S.</span> <span class='ocrx_word' id='word_1_312' title='bbox 1495 5155 1647 5214; x_wconf 74' lang='lat' dir='ltr'>Vincentia·</span> <span class='ocrx_word' id='word_1_313' title='bbox 1665 5153 1723 5215; x_wconf 77' lang='lat' dir='ltr'>Le-</span> 
     </span>
     <span class='ocr_line' id='line_1_34' title="bbox 167 5257 1723 5338; baseline -0.002 -17"><span class='ocrx_word' id='word_1_314' title='bbox 167 5261 257 5334; x_wconf 80' lang='lat' dir='ltr'>vitae,</span> <span class='ocrx_word' id='word_1_315' title='bbox 280 5259 315 5320; x_wconf 81' lang='lat' dir='ltr'>id</span> <span class='ocrx_word' id='word_1_316' title='bbox 336 5265 386 5332; x_wconf 82' lang='lat' dir='ltr'>est,</span> <span class='ocrx_word' id='word_1_317' title='bbox 410 5262 458 5322; x_wconf 85' lang='lat' dir='ltr'>die</span> <span class='ocrx_word' id='word_1_318' title='bbox 480 5263 527 5321; x_wconf 87' lang='grc'>22</span> <span class='ocrx_word' id='word_1_319' title='bbox 549 5262 700 5323; x_wconf 81' lang='lat' dir='ltr'>Ianuarii</span> <span class='ocrx_word' id='word_1_320' title='bbox 721 5265 809 5322; x_wconf 81' lang='grc'><em>1227</em></span> <span class='ocrx_word' id='word_1_321' title='bbox 824 5263 929 5322; x_wconf 80' lang='lat' dir='ltr'>dotum</span> <span class='ocrx_word' id='word_1_322' title='bbox 944 5262 984 5324; x_wconf 79' lang='lat' dir='ltr'>eit</span> <span class='ocrx_word' id='word_1_323' title='bbox 1006 5261 1202 5338; x_wconf 86' lang='lat' dir='ltr'>(Hasselbaeh</span> <span class='ocrx_word' id='word_1_324' title='bbox 1231 5267 1261 5322; x_wconf 90' lang='lat' dir='ltr'>et</span> <span class='ocrx_word' id='word_1_325' title='bbox 1275 5259 1476 5335; x_wconf 85' lang='lat' dir='ltr'>Kosegarten:</span> <span class='ocrx_word' id='word_1_326' title='bbox 1500 5257 1600 5319; x_wconf 82' lang='lat' dir='ltr'>Codex</span> <span class='ocrx_word' id='word_1_327' title='bbox 1621 5258 1723 5318; x_wconf 91' lang='lat' dir='ltr'>Pome-</span> 
     </span>
     <span class='ocr_line' id='line_1_35' title="bbox 167 5360 1724 5446; baseline -0.002 -22"><span class='ocrx_word' id='word_1_328' title='bbox 167 5366 271 5424; x_wconf 85' lang='lat' dir='ltr'>raniae</span> <span class='ocrx_word' id='word_1_329' title='bbox 303 5363 421 5439; x_wconf 88' lang='lat' dir='ltr'>diplom.</span> <span class='ocrx_word' id='word_1_330' title='bbox 458 5365 526 5426; x_wconf 89' lang='lat' dir='ltr'>Nro</span> <span class='ocrx_word' id='word_1_331' title='bbox 560 5360 646 5446; x_wconf 84' lang='lat'><strong><em>160).</em></strong></span> <span class='ocrx_word' id='word_1_332' title='bbox 686 5362 840 5442; x_wconf 69' lang='lat' dir='ltr'>⁹)londat</span> <span class='ocrx_word' id='word_1_333' title='bbox 872 5365 943 5429; x_wconf 79' lang='lat' dir='ltr'>Ood.</span> <span class='ocrx_word' id='word_1_334' title='bbox 974 5363 1048 5426; x_wconf 81' lang='lat' dir='ltr'>Aut.</span> <span class='ocrx_word' id='word_1_335' title='bbox 1087 5362 1114 5442; x_wconf 88' lang='lat'>³)</span> <span class='ocrx_word' id='word_1_336' title='bbox 1138 5365 1268 5426; x_wconf 87' lang='lat' dir='ltr'>decimae</span> <span class='ocrx_word' id='word_1_337' title='bbox 1297 5364 1494 5438; x_wconf 85' lang='lat' dir='ltr'>manipulares</span> <span class='ocrx_word' id='word_1_338' title='bbox 1528 5361 1600 5424; x_wconf 78' lang='lat' dir='ltr'>God.</span> <span class='ocrx_word' id='word_1_339' title='bbox 1630 5363 1724 5423; x_wconf 78' lang='lat' dir='ltr'>Roer.</span> 
     </span>
     <span class='ocr_line' id='line_1_36' title="bbox 169 5463 1726 5550; baseline 0.003 -22"><span class='ocrx_word' id='word_1_340' title='bbox 169 5463 198 5544; x_wconf 81' lang='lat'>⁴)</span> <span class='ocrx_word' id='word_1_341' title='bbox 221 5485 287 5528; x_wconf 87' lang='lat' dir='ltr'>cnm</span> <span class='ocrx_word' id='word_1_342' title='bbox 318 5467 389 5530; x_wconf 80' lang='lat' dir='ltr'>Ood.</span> <span class='ocrx_word' id='word_1_343' title='bbox 412 5469 505 5530; x_wconf 74' lang='lat' dir='ltr'>Reor.</span> <span class='ocrx_word' id='word_1_344' title='bbox 545 5464 571 5540; x_wconf 57' lang='grc' dir='ltr'>Β)</span> <span class='ocrx_word' id='word_1_345' title='bbox 593 5471 724 5529; x_wconf 87' lang='lat' dir='ltr'>Brzeslro</span> <span class='ocrx_word' id='word_1_346' title='bbox 746 5471 855 5544; x_wconf 85' lang='lat' dir='ltr'>oppido</span> <span class='ocrx_word' id='word_1_347' title='bbox 882 5469 953 5530; x_wconf 79' lang='lat' dir='ltr'>God.</span> <span class='ocrx_word' id='word_1_348' title='bbox 976 5471 1069 5532; x_wconf 68' lang='lat' dir='ltr'>Rosa.</span> <span class='ocrx_word' id='word_1_349' title='bbox 1108 5465 1137 5544; x_wconf 71' lang='grc' dir='ltr'>ο)</span> <span class='ocrx_word' id='word_1_350' title='bbox 1159 5469 1299 5550; x_wconf 77' lang='lat' dir='ltr'>Marborg</span> <span class='ocrx_word' id='word_1_351' title='bbox 1322 5467 1382 5528; x_wconf 80' lang='lat' dir='ltr'>Ed.</span> <span class='ocrx_word' id='word_1_352' title='bbox 1405 5467 1501 5528; x_wconf 66' lang='grc' dir='ltr'><em>Βοῦν.</em></span> <span class='ocrx_word' id='word_1_353' title='bbox 1541 5463 1726 5548; x_wconf 60' lang='lat' dir='ltr'>ememtes</span> 
     </span>
     <span class='ocr_line' id='line_1_37' title="bbox 167 5571 1193 5662; baseline 0.002 -30"><span class='ocrx_word' id='word_1_354' title='bbox 167 5573 326 5655; x_wconf 80' lang='lat' dir='ltr'>largitione</span> <span class='ocrx_word' id='word_1_355' title='bbox 349 5573 503 5640; x_wconf 66' lang='lat' dir='ltr'>domuerat</span> <span class='ocrx_word' id='word_1_356' title='bbox 521 5572 592 5646; x_wconf 79' lang='lat' dir='ltr'>God.</span> <span class='ocrx_word' id='word_1_357' title='bbox 615 5575 708 5646; x_wconf 66' lang='lat' dir='ltr'>Ros-r.</span> <span class='ocrx_word' id='word_1_358' title='bbox 747 5571 773 5662; x_wconf 75' lang='lat'>⁸)</span> <span class='ocrx_word' id='word_1_359' title='bbox 796 5575 1000 5658; x_wconf 78' lang='lat' dir='ltr'>Lanszlronogi</span> <span class='ocrx_word' id='word_1_360' title='bbox 1027 5573 1097 5642; x_wconf 77' lang='lat' dir='ltr'>eoa.</span> <span class='ocrx_word' id='word_1_361' title='bbox 1121 5571 1193 5642; x_wconf 81' lang='lat' dir='ltr'>Aut.</span> 
     </span>
    </p>
   </div>
   <div class='ocr_carea' id='block_1_7' title="bbox 0 0 2101 6276">
    <p class='ocr_par' dir='ltr' id='par_1_12' title="bbox 0 0 2101 6276">
     <span class='ocr_line' id='line_1_38' title="bbox 0 0 2101 6276; baseline 0 0"><span class='ocrx_word' id='word_1_362' title='bbox 0 0 2101 6276; x_wconf 95' lang='lat' dir='ltr'> </span> 
     </span>
    </p>
   </div>
  </div>
 </body>
</html>
