4208 6282
411 571 457 643 66
1023 591 1133 642 urana
1162 589 1332 654 curuans.
1690 561 1750 658 (Α.
1772 563 1817 649 D.
1838 563 1944 657 1105.)

408 780 590 869 temerato,
627 778 669 854 ad
704 777 860 874 profanos
894 776 1074 873 gentilium
1110 778 1250 854 redeunt
1284 776 1391 869 ritus,
1428 797 1467 852 ac
1497 715 1684 851 sacerdotes
1710 777 1746 851 et
1771 774 1943 850 ministres

408 900 469 974 Dei
496 923 555 996 pro
581 921 695 976 eorum
720 899 907 976 eruditione
934 921 955 973 a
980 899 1134 974 Boleslao
1160 899 1305 992 relictos,
1342 900 1448 972 morte
1475 897 1702 988 interminata,
1741 896 1770 971 si
1797 897 1839 972 ad
1865 895 1944 971 illos

408 1024 630 1115 reuertentur,
659 1021 693 1096 in
721 1022 894 1097 Poluniam
913 1021 1102 1096 remittunt.
1132 1021 1284 1098 Boleslao
1311 1024 1423 1095 autem
1449 1020 1648 1096 Poloncrum
1674 1020 1770 1111 Duei,
1799 1042 1873 1095 curn
1900 1021 1943 1093 ab

314 1169 316 1180 ·
407 1143 468 1218 illo
495 1167 615 1220 uocum
643 1143 707 1219 sibi
734 1143 836 1218 indici
871 1145 996 1220 bellum
1032 1147 1234 1236 uererentur,
1272 1166 1331 1238 pro
1366 1142 1539 1218 commisso
1574 1143 1761 1238 apostasiae
1796 1137 1942 1217 facinere
2043 1201 2048 1214 .

407 1265 624 1358 satisfacturi,
653 1265 843 1360 bellumque
869 1266 933 1341 sibi
961 1265 1170 1341 inferendum
1197 1265 1355 1358 aversuri,
1388 1265 1524 1339 nuntios
1550 1267 1585 1340 et
1610 1264 1739 1339 tributa
1765 1267 1800 1340 ct
1825 1285 1942 1338 mune·

407 1411 445 1462 ra
471 1389 616 1463 ferentes
642 1387 892 1463 transmittunt.
938 1389 1053 1480 Orant,
1083 1412 1125 1464 ne
1151 1389 1188 1463 in
1214 1389 1346 1484 eulpam
1382 1387 1454 1462 illis
1489 1387 1586 1463 cedat
1613 1410 1634 1462 a
1659 1386 1725 1462 lide
1760 1385 1944 1470 christiana

407 1497 559 1602 aversio,
574 1533 610 1585 se
637 1534 743 1603 neque
769 1512 855 1586 Deos
881 1531 957 1586 suos
985 1512 1122 1606 patrios,
1161 1533 1242 1604 quos
1277 1512 1451 1607 tantopere
1483 1511 1665 1600 coluerant,
1703 1531 1810 1600 neque
1836 1529 1941 1599 sacra,

407 1633 527 1726 quibus
554 1633 776 1726 insueverant,
804 1634 990 1726 relicturos,
1024 1633 1220 1729 religionem
1255 1633 1473 1709 christianam
1499 1655 1634 1728 grauem
1661 1631 1732 1706 illis
1759 1631 1793 1707 et
1819 1629 1942 1706 diffici-

406 1758 473 1834 lem
500 1757 581 1850 lore,
609 1779 716 1850 neque
742 1761 877 1852 gentem
904 1757 1141 1833 Prutbeuicam
1168 1756 1240 1832 eius
1267 1755 1399 1852 legibus
1425 1756 1532 1832 teneri
1568 1754 1683 1848 quouis
1710 1757 1806 1850 pacto
1833 1775 1940 1848 posse;

407 1901 474 1954 non
510 1881 550 1954 ob
578 1878 611 1953 id
637 1881 750 1954 tamen
777 1879 817 1954 de
844 1879 1048 1955 subiectione
1074 1881 1109 1956 et
1136 1878 1201 1954 lide
1227 1879 1330 1954 semel
1358 1879 1512 1954 Bolcslao
1538 1880 1573 1953 ct
1598 1876 1734 1952 Polonis
1765 1876 1939 1972 praest'ta,

408 2001 605 2076 attributis
632 1999 695 2075 sibi
722 2000 889 2096 impositis
919 2002 1100 2094 quicquam
1126 2003 1186 2076 aut
1211 1999 1408 2092 variaturus,
1446 2003 1505 2075 cut
1531 1999 1764 2075 diminutores.
1809 1999 1942 2073 Sineret

406 2123 595 2198 Pruthemos
621 2122 743 2198 ritibus
769 2126 804 2198 et
830 2123 933 2198 sacris
960 2123 1031 2198 suis
1057 2123 1177 2215 rivere,
1211 2122 1377 2216 sciretque
1396 2123 1420 2218 1)
1446 2123 1524 2198 illos
1549 2122 1591 2197 ad
1616 2120 1833 2217 uectigalium
1860 2143 1941 2216 pen·

406 2245 536 2320 sienum
562 2243 773 2337 solutionem,
801 2245 844 2320 ad
869 2247 1020 2322 obeunda
1036 2246 1175 2342 insuper
1200 2269 1259 2341 pro
1278 2245 1414 2320 Polcnis
1440 2229 1541 2336 bella,
1569 2246 1605 2319 et
1621 2244 1663 2319 ad
1682 2243 1827 2338 singula,
1856 2264 1942 2336 quae

406 2369 539 2462 praeter
565 2366 663 2443 fidem
700 2367 917 2443 christianam
953 2369 1208 2464 imperarentur,
1245 2368 1328 2445 lidos
1362 2368 1424 2442 sibi
1461 2368 1592 2443 futuros
1617 2370 1652 2442 et
1678 2367 1822 2442 sinceros
1857 2387 1940 2439 esse.

405 2490 577 2584 Rupturos
604 2512 734 2584 quoque
760 2512 796 2566 se
823 2469 1046 2566 minabantur⁴
1063 2491 1257 2587 imperium,
1294 2491 1323 2565 si
1350 2515 1415 2566 neu
1443 2491 1562 2586 patriis
1578 2489 1616 2585 l),
1655 2491 1712 2566 sed
1739 2489 1939 2564 Polouorum

405 2615 440 2687 et
466 2611 730 2688 Christianorum
757 2613 878 2688 ritibus
903 2611 1110 2710 cogamur)
1136 2614 1258 2692 uiuere.
1286 2613 1486 2706 Notandum,
1502 2613 1826 2703 abominandumque
1852 2613 1937 2684 Pru-

405 2733 582 2809 tbeuorum
617 2733 804 2831 apostasiae
824 2736 1006 2831 ¹piaculum
1041 2735 1077 2811 in
1109 2737 1235 2829 Deum,
1272 2735 1437 2829 fidemque
1472 2735 1690 2810 orthodoxam
1716 2732 1939 2822 commissum,

324 2857 330 2864 “
406 2855 656 2951 euidentemque
682 2857 735 2933 sui
761 2858 925 2934 ducatoris
952 2857 1121 2952 iniuriam,
1149 2859 1219 2935 sire
1245 2857 1408 2955 precibus
1437 2857 1507 2934 siue
1534 2857 1726 2934 muneribus
1752 2857 1940 2932 Prutbeno-

405 3002 480 3056 rum
506 2981 682 3075 Boleslaue
707 2981 906 3057 Polonorum
933 2982 1012 3056 Dux
1038 2984 1263 3077 expugnatus,
1293 2980 1411 3073 leuius,
1440 3001 1540 3074 quam
1566 3001 1645 3055 suae
1662 2979 1842 3055 conditioni
1862 3000 1939 3054 con·

405 3102 569 3198 ueniebat,
597 3105 742 3200 perferre
777 3103 887 3194 risus,
926 3127 1033 3197 neque
1060 3105 1145 3179 illud
1171 3104 1357 3196 uindicare,
1394 3127 1501 3196 neque
1536 3102 1722 3179 rescindere
1748 3123 1938 3198 aggressus,

406 3225 683 3302 dissimulationis
709 3228 841 3322 torpore
867 3227 902 3302 iu
929 3229 999 3302 tam
1026 3227 1186 3323 flagranti
1213 3229 1247 3302 et
1272 3226 1397 3302 euorrui
1426 3225 1571 3303 facinore
1597 3246 1688 3316 usus,
1722 3225 1778 3300 ubi
1806 3223 1938 3298 distric-

407 3346 558 3424 tissimae
585 3347 762 3425 coertionis
787 3349 966 3424 articulum
994 3372 1054 3444 pru
1080 3349 1248 3444 expianda
1274 3349 1324 3424 ira
1349 3349 1422 3440 Dei,
1459 3347 1651 3444 honoranda
1680 3346 1843 3442 religione
1869 3345 1940 3420 cius

405 3472 441 3545 et
466 3471 622 3546 scandalo
647 3471 807 3564 tollendo,
845 3471 1014 3546 celerrime
1048 3472 1266 3572 conueniebat
1297 3471 1476 3567 interponi.
1522 3475 1668 3568 legatos
1693 3471 1938 3546 Prothenorum

406 3591 440 3666 in
469 3614 529 3666 sua
555 3592 741 3688 pertinacia
766 3597 802 3669 et
827 3595 972 3689 apostasi
1010 3595 1118 3689 iungis
1153 3595 1313 3669 solidatos
1345 3616 1444 3689 quam
1473 3597 1635 3671 correctos
1661 3593 1802 3685 remisit,
1830 3614 1941 3667 rerum

406 3712 494 3805 lidei,
522 3735 696 3808 rerumque
723 3715 920 3809 divinarum,
950 3716 1151 3808 quaesitae
1178 3739 1308 3810 quoque
1326 3717 1392 3812 ipsi
1410 3717 1659 3812 anteponendas
1676 3718 1782 3808 erant,
1811 3735 1942 3792 curnem

407 3857 429 3909 a
454 3857 490 3911 se
516 3858 630 3912 curam
656 3859 792 3934 prorsus
818 3839 983 3934 relegans,
1015 3841 1050 3912 et
1076 3839 1275 3914 coelestibus
1302 3842 1404 3933 atque
1431 3839 1576 3916 aeternis
1602 3840 1793 3935 praeferens
1819 3837 1944 3913 caduca

405 3958 440 4032 et
465 3961 611 4053 terrem,
639 3960 726 4035 nibil
753 3983 788 4034 se
814 3962 958 4052 laesum,
997 3961 1149 4056 nihilque
1185 3961 1249 4037 sibi
1285 3961 1482 4037 iniuriatum
1517 3965 1578 4038 aut
1612 3961 1804 4058 ademptum
1830 3961 1938 4052 ratus,

403 4079 434 4153 si
460 4081 623 4156 Prutbeni
642 4081 678 4157 in
695 4081 774 4158 fidei
801 4082 1034 4158 contumeliam
1059 4084 1101 4157 ad
1117 4085 1144 4178 ⁴)
1172 4083 1397 4158 idololatriam
1423 4085 1559 4180 relapsi,
1587 4106 1722 4160 censum
1745 4105 1781 4160 se
1799 4084 1940 4179 pendere

405 4201 641 4296 pollicerentur
655 4203 832 4317 fiscalium.
848 4205 1061 4295 tributorum,
1089 4207 1253 4297 rebusque
1278 4207 1350 4281 suis
1377 4206 1517 4302 priuatis
1543 4227 1640 4281 suum
1658 4207 1796 4298 metum,
1824 4228 1939 4280 suum·

404 4346 468 4418 que
493 4327 644 4400 tenorem
670 4327 904 4418 retinentibus,
933 4349 986 4401 res
1012 4327 1089 4402 fidei
1116 4328 1254 4419 aequius
1281 4329 1419 4404 lacerari
1438 4331 1472 4403 et
1489 4329 1708 4405 mutaminari
1735 4327 1937 4424 patiebatur,

405 4447 440 4520 in
467 4448 690 4542 periculosum
717 4449 892 4526 discrimen
922 4449 1010 4524 iusto
1037 4450 1098 4524 Dei
1126 4450 1259 4543 iudicio,
1295 4451 1389 4526 cuius
1416 4451 1611 4548 religionem
1637 4451 1805 4528 uindicare
1830 4451 1939 4526 dist·

403 4569 502 4660 leret,
530 4573 759 4665 peruenturus.
804 4571 884 4670 Nec,
900 4571 951 4646 ita
976 4574 1083 4647 multo
1110 4575 1186 4668 post
1212 4573 1376 4650 Prutheui
1402 4574 1633 4653 insolentiores
1668 4597 1711 4649 ex
1737 4573 1939 4670 impunitate

404 4692 550 4786 neglecti
577 4692 664 4767 ritus
691 4694 801 4768 effecti
816 4693 854 4788 ὃ),
891 4717 950 4769 suo
983 4694 1117 4790 ingenio
1144 4695 1195 4771 uti
1210 4695 1238 4790 ῦ)
1264 4699 1299 4772 et
1325 4697 1413 4772 bello
1448 4719 1563 4772 rursus
1599 4698 1740 4772 Polcnes
1776 4698 1938 4772 lacessere

405 4817 594 4909 coeperunt.
639 4813 838 4890 Abiicieuda
874 4819 984 4891 autem
1020 4839 1154 4911 prorsus
1181 4817 1243 4891 illa
1270 4819 1430 4912 pestifera
1455 4842 1476 4893 a
1502 4819 1611 4894 ducali
1646 4818 1825 4893 autoritate
1852 4820 1937 4894 tole·

404 4935 557 5032 rantia⁷)
584 4957 657 5011 esse
683 4939 853 5030 debuerat,
887 4961 971 5030 quae
998 4939 1075 5014 aliis
1103 4939 1277 5015 deferendo
1294 4941 1333 5036 Β),
1370 4965 1405 5016 se
1432 4941 1538 5037 ipsam
1566 4943 1704 5018 scelesto
1731 4941 1876 5017 facinore
1904 4944 1939 5015 et

404 5057 635 5155 indignatione
662 5059 775 5136 diuina
808 5059 991 5147 irretiebat,
1029 5060 1160 5137 diuinae
1196 5061 1346 5138 iustitiae
1380 5065 1581 5160 excepturus
1607 5065 1821 5157 senentiam,
1858 5064 1938 5157 quia

510 5355 534 5436 ¹)
557 5359 690 5434 sinatque
712 5359 771 5420 Ed.
795 5359 889 5420 Dobr.
923 5357 949 5438 π)
971 5361 1097 5435 propriis
1123 5361 1193 5422 Ood.
1216 5361 1308 5423 Beer.
1341 5357 1367 5440 ³)
1384 5367 1557 5436 cogerentur
1582 5361 1651 5423 Ood.
1674 5361 1766 5423 Roer.
1790 5357 1816 5442 ⁴)
1832 5364 1862 5423 in
1878 5364 1936 5425 Ed.

402 5461 495 5523 Dour.
535 5459 561 5540 ι)
585 5462 656 5524 iacti
682 5463 751 5525 coc.
774 5465 866 5524 socr.
906 5460 932 5544 ⁰)
955 5465 999 5524 usi
1030 5464 1099 5526 Cod.
1122 5467 1214 5526 moer.
1256 5463 1487 5546 ⁷Jconniventia
1520 5467 1590 5528 Cod.
1612 5470 1703 5529 Roar.
1743 5465 1936 5546 ⁸)parcendo

405 5565 476 5629 Coei.
505 5569 597 5630 Beer.
