4172 6278
173 534 231 631 (Α.
251 533 300 612 D.
321 535 439 632 1225.)
787 522 900 612 urens
926 557 1079 613 annuns.
1637 537 1711 613 217

170 746 206 819 et
231 743 391 820 iniuriam
418 743 591 820 restitutio
618 743 819 840 proveniret.
845 745 971 822 Orabat
997 743 1136 820 deinde:
1164 745 1204 819 nt
1230 743 1260 819 si
1288 744 1384 820 illum
1412 743 1572 821 Bohemis
1590 745 1717 822 bellum

169 866 295 943 inferre
327 865 548 962 contingeret,
586 866 622 940 in
648 866 702 941 sai
728 867 889 943 solatium
909 867 933 961 ¹)
969 869 1021 943 vel
1049 866 1272 962 personaliter
1297 865 1438 958 veniret,
1475 867 1530 942 vel
1557 866 1717 942 militiam

169 1009 265 1063 suam
292 987 552 1064 transmitteret.
581 989 627 1063 Et
653 989 693 1062 de
720 988 831 1065 reditu
859 987 993 1082 quidem
1019 987 1121 1064 ricini
1148 989 1251 1080 atque
1269 988 1368 1064 amici
1395 987 1501 1084 Regis
1528 1011 1549 1063 a
1574 988 1717 1064 Lestko·

170 1131 212 1185 ne
237 1111 330 1185 Duce
356 1108 463 1184 amieo
491 1131 580 1184 more
606 1108 881 1204 'congratulatum
907 1112 977 1201 est,
1006 1110 1165 1185 correctio
1192 1110 1444 1186 deformitatum
1472 1111 1507 1185 et
1533 1109 1673 1186 resartio
1687 1109 1717 1204 ²)
1768 1195 1770 1200 ,

169 1231 367 1306 damnorum
394 1230 483 1306 inter
509 1229 661 1307 subditos
689 1232 836 1326 accepta,
864 1232 900 1307 et
926 1233 967 1306 ob
995 1231 1029 1305 id
1056 1231 1127 1307 dies
1154 1233 1246 1307 certa
1272 1231 1370 1308 iuxta
1395 1231 1652 1334 observantiam,
1681 1230 1718 1305 in

170 1352 367 1447 Regnorum
393 1352 495 1426 ruetis
532 1351 703 1444 instituta,
740 1353 799 1426 sed
826 1353 861 1426 et
886 1351 1085 1447 suffragium
1112 1352 1148 1426 in
1176 1352 1390 1428 Bohemicam
1425 1352 1673 1448 expeditionem
1688 1349 1717 1448 ³)

170 1495 232 1567 per
258 1495 297 1548 se
321 1474 382 1549 aut
408 1473 535 1550 milites
562 1474 735 1550 ferendum
762 1473 1013 1569 repromissum.

276 1593 443 1670 Pratheni
469 1594 603 1670 barbari
631 1595 723 1670 facta
762 1594 950 1689 irruptione
977 1594 1013 1668 in
1040 1593 1280 1670 monasterium
1307 1593 1424 1687 Oliva,
1461 1595 1616 1670 abicam
1643 1616 1717 1669 cum

172 1714 337 1790 iratribus
361 1717 397 1791 et
424 1713 579 1790 universo
614 1716 779 1791 conventu
815 1715 1000 1810 captivant,
1028 1717 1064 1790 et
1090 1737 1206 1791 versus
1231 1715 1370 1790 Gdanslr
1397 1715 1567 1800 deductos,
1604 1737 1719 1791 omnes

172 1835 300 1912 crudeli
326 1837 434 1912 moute
460 1835 672 1928 interimunt,
701 1839 736 1911 et
763 1837 889 1913 extunc
915 1839 1023 1912 terras
1049 1836 1261 1912 ilulmensem
1288 1839 1323 1913 et
1348 1836 1590 1913 landaviensem
1605 1836 1634 1932 ⁴)
1660 1859 1719 1932 por

173 1957 321 2032 insultus
347 1959 384 2033 et
408 1957 623 2033 excursiones
649 1957 876 2034 clandestinae
908 1959 1041 2034 vastare
1068 1959 1259 2053 coepemnt.
1303 1957 1357 2032 Ad
1384 1979 1525 2050 quorum
1552 1979 1718 2052 compres-

172 2079 300 2154 sionem
326 2079 499 2154 Ounradus
515 2080 595 2154 Dux
612 2079 778 2155 llasoviae
796 2079 934 2156 Fratres
950 2079 1147 2172 cruciferos,
1175 2079 1233 2176 qui
1252 2077 1449 2155 dicebantur
1474 2079 1603 2154 Milites
1621 2079 1718 2152 dhri-

173 2199 230 2290 sti,
259 2201 360 2276 rubeo
387 2221 467 2275 ense
493 2201 529 2276 et
554 2222 650 2276 cruce
685 2200 847 2295 signatos,
885 2200 1049 2291 accersiit,
1087 2201 1122 2275 et
1157 2201 1304 2276 castrum
1340 2201 1507 2296 Dobmpn,
1536 2201 1719 2275 utcontra
1799 2190 1803 2196 ’

174 2320 364 2396 Prathenos
390 2321 569 2414 bellarent,
605 2320 655 2396 eis
680 2320 843 2410 tradidit;
877 2322 935 2397 sed
962 2320 1034 2395 illis
1061 2345 1127 2397 non
1154 2319 1406 2417 proficientibus
1441 2322 1477 2396 et
1502 2321 1638 2396 tenuem
1665 2343 1718 2394 re·

173 2441 367 2518 sistentiam
392 2441 546 2545 barbaris
580 2443 845 2538 opponentibus,
881 2444 992 2518 terrae
1027 2442 1217 2538 praedictae
1251 2441 1439 2519 (dulmensis
1469 2442 1505 2519 et
1531 2441 1718 2518 hubavlen·

174 2562 267 2657 sis⁶)
293 2563 431 2639 inerunt
458 2562 595 2659 penitus
621 2563 851 2658 desertatae⁶J
878 2565 913 2639 et
939 2564 1141 2640 destructae.

277 2683 422 2760 Ducissa
447 2683 679 2762 Grnimislavva
705 2685 886 2760 Lestkonis
912 2683 993 2760 Alei
1019 2707 1172 2778 consors,
1210 2687 1345 2782 partum
1380 2683 1563 2780 femineum
1602 2683 1719 2760 edidit:

174 2803 233 2899 qui
261 2805 327 2880 etei
360 2805 450 2901 patri
476 2806 638 2882 Lestkoni
666 2805 850 2901 semiplene
876 2808 996 2902 gratas
1021 2809 1131 2901 esset,
1167 2829 1205 2882 eo
1232 2808 1346 2883 tamen
1372 2831 1439 2882 uno
1466 2806 1720 2897 incendebatur,

173 2926 264 3019 qnod
290 2925 364 3002 filia
388 2928 471 3002 tuno
497 2927 630 3023 genita,
662 2930 698 3003 et
724 2927 919 3003 sterilitatis
954 2928 1168 3024 opprobrium
1204 2927 1367 3004 consortis
1403 2949 1484 3004 suae
1519 2928 1718 3018 abstulerat,

174 3047 211 3122 et
237 3047 337 3121 arrha
350 3047 379 3142 7)
405 3047 595 3124 certissima
621 3048 756 3122 futurae
789 3048 994 3124 masculinae
1030 3049 1135 3144 prolis
1161 3051 1253 3139 erat;
1290 3071 1376 3143 quae
1402 3048 1438 3123 in
1464 3048 1632 3144 baptismo
1659 3071 1721 3144 pa·

173 3169 228 3243 tre
255 3169 392 3245 iubente
418 3169 576 3245 Salomea
601 3171 720 3245 vocata
746 3171 809 3246 est.

279 3289 299 3332 *
326 3291 553 3387 lantgravius
564 3345 638 3366 ......
659 3291 688 3386 ⁰)
714 3291 873 3367 Poloniae
899 3290 1114 3388 Prineipatus
1149 3291 1329 3385 invadens,
1366 3292 1514 3368 castrum
1540 3293 1575 3367 et
1601 3290 1722 3367 civita-

173 3411 244 3486 tem
270 3411 430 3488 Lubusch
457 3412 656 3506 conquirens
682 3412 869 3508 occupavit.
902 3411 921 3453 *

626 3769 835 3888 ANNUS
870 3770 1097 3886 DOMINI
1135 3772 1274 3888 1225.

177 4019 333 4093 dardana
350 4019 628 4095 wratislaviensis
647 4022 718 4094 ltux
735 4022 953 4096 flanarellum
978 4021 1131 4095 roloniae
1158 4021 1365 4113 repetiturus,
1392 4037 1464 4092 oum
1490 4018 1637 4093 exercitu
1654 4017 1725 4093 tra·

178 4141 307 4216 aovin
325 4141 426 4232 vadii,
453 4147 488 4215 at
514 4161 586 4216 ann
613 4142 767 4216 maiorem
792 4143 974 4236 potentiam
1001 4141 1326 4230 particularitates,
1354 4141 1420 4214 icto
1439 4159 1512 4214 aava
1530 4159 1568 4213 ao
1587 4139 1725 4229 loedere,

499 4263 540 4336 da
566 4264 633 4336 inve
661 4281 722 4336 auo
750 4264 801 4336 ilii
828 4263 977 4338 caditat
1003 4263 1046 4338 ai
1072 4263 1200 4356 propria
1225 4261 1406 4336 revomitur.

283 4502 337 4578 Ad
363 4502 529 4579 notoriam
555 4526 651 4580 suam
678 4503 898 4599 ignominiam
924 4504 960 4580 et
985 4505 1144 4579 offensam
1172 4502 1340 4579 Hernicus
1367 4524 1443 4578 cnm
1468 4504 1573 4579 barba
1598 4500 1726 4580 Slesiae

181 4627 216 4699 et
242 4623 533 4702 wratislaviensis
566 4625 646 4700 Dux
680 4625 881 4701 existimans
916 4625 1097 4720 pertinere,
1134 4625 1222 4718 quod
1257 4625 1382 4699 Lestko
1417 4623 1526 4700 Albus
1561 4622 1727 4700 Kanimiri

289 4849 314 4928 ¹)
336 4853 474 4913 auxilium
500 4851 572 4914 God.
594 4853 688 4914 Rovr.
728 4849 948 4930 ²)iniuriarum
970 4857 1002 4912 et
1021 4852 1172 4912 restitutio
1195 4850 1254 4913 Ed.
1276 4845 1370 4912 Dobr.
1409 4846 1647 4928 ⁸)Bohemicnm
1665 4848 1727 4911 bel·

179 4957 240 5016 lum
262 4955 323 5016 Ed.
346 4956 442 5017 maor.
474 4951 501 5034 ⁴)
523 4957 725 5018 Lubucensem
751 4954 823 5018 Ood.
847 4957 940 5017 Roar.
973 4951 1000 5032 ὓ)
1015 4955 1197 5017 Lubucensis
1224 4953 1295 5016 God.
1318 4955 1412 5016 Roar.
1444 4950 1471 5032 ⁶)
1488 4955 1638 5016 desolatas
1656 4951 1728 5015 Occi.

180 5061 275 5121 Roar.
315 5057 434 5137 ⁷)arca
458 5059 529 5122 Ood.
552 5061 644 5123 Roar.
667 5077 735 5136 spes
757 5060 818 5122 Eri.
840 5061 935 5121 Dour.
975 5056 1004 5140 8)
1028 5060 1144 5120 Nomen
1167 5059 1361 5135 Landgruoii
1383 5059 1572 5120 muctar
1593 5059 1629 5119 ia
1655 5055 1727 5122 (ioci.

180 5163 267 5240 Arata
290 5167 337 5224 ast
357 5165 439 5225 tuac
459 5163 556 5236 fumea
575 5165 755 5226 Ludovicnm
775 5164 826 5224 IV.
849 5163 1084 5240 Landgraaa‘am
1109 5165 1306 5238 ruminatae,
1320 5158 1427 5242 ‚tiliam
1450 5161 1633 5235 Hermmmt,
1652 5178 1728 5221 cora-

177 5269 317 5345 param
337 5269 500 5330 eoo-Adami
522 5268 621 5330 Ursini
644 5269 750 5330 chron.
772 5268 950 5344 'thuringiae
973 5287 1022 5345 cp.
1045 5268 1207 5330 Mencken:
1239 5267 1345 5343 Seript
1368 5281 1426 5327 rer.
1452 5266 1550 5327 Germ.
1572 5267 1655 5326 Tom.
1676 5265 1729 5326 llI.

180 5372 235 5434 ool.
257 5375 352 5435 1283.
576 5373 577 5376 ’

232 5526 255 5568 a.
270 5523 365 5577 naam.
380 5524 464 5568 naar.
477 5525 554 5567 veroa
568 5523 594 5568 n.
608 5525 640 5570 u.
999 5489 1002 5494 ¹
1232 5527 1235 5541 ·
1543 5511 1575 5562 aa
