4246 6274
174 545 232 643 (Α.
251 545 298 622 D.
318 545 424 640 1158.)
780 567 892 622 ursus
918 568 1088 664 qumans.
1655 551 1704 622 49

174 757 403 852 indignatione
430 780 496 832 non
523 758 710 832 moueretur
731 757 765 852 ¹),
794 757 1041 832 restitutionem
1068 757 1185 832 fratris
1212 756 1309 832 cisilo
1336 758 1479 848 bellum,
1508 757 1707 850 caedemque

172 883 204 954 et
230 879 467 954 exterminium
496 879 678 954 multorum
705 879 908 954 effecturam.
937 879 1019 954 burn
1047 880 1110 953 bac
1127 878 1340 973 responsione
1369 878 1560 973 imperiales
1583 878 1705 970 nuntii,

171 1000 306 1076 comiter
333 1002 368 1075 et
393 1000 580 1077 liberaliter
615 1000 744 1090 babiti,
784 1001 913 1075 dimissi
949 1024 1023 1076 cnm
1058 1001 1256 1091 rediissent,
1293 1000 1483 1076 Fridericus
1519 1000 1707 1096 Imperator

171 1123 381 1218 responsione
408 1123 482 1218 ipse
509 1123 618 1218 magis
645 1124 790 1198 offensus
809 1147 909 1216 qnam
928 1124 1090 1214 mollitus,
1119 1123 1366 1218 expeditionem
1392 1126 1507 1198 contra
1533 1123 1706 1198 Poloniam

171 1246 204 1320 in
232 1247 383 1320 futuram
411 1247 591 1336 aestatem,
620 1245 847 1322 Wladislanm
874 1246 1112 1336 restituturum
1142 1245 1317 1320 almaniae
1344 1245 1555 1341 Principibus
1581 1248 1616 1319 et
1643 1245 1705 1320 nni-

170 1367 288 1442 litibus
315 1367 523 1464 pronuntiat,
553 1368 722 1443 occasione
749 1369 831 1444 belli
857 1368 935 1442 binc
964 1367 1108 1442 maximo
1135 1367 1321 1462 receptat,
1351 1369 1436 1460 quod
1459 1367 1616 1467 Poloniqe
1633 1368 1704 1440 Dn-

48 1571 54 1585 ,
171 1511 222 1566 ces
250 1490 322 1566 eius
348 1489 492 1585 Imperio
519 1491 743 1566 calcitrabant
758 1488 805 1584 It:
847 1491 1046 1586 Imperatori
1081 1490 1169 1565 enim
1186 1489 1214 1584 4)
1251 1492 1495 1566 sacramentnm
1531 1488 1707 1564 fidelitatis

171 1615 339 1708 praestare
365 1615 400 1688 et
426 1612 592 1687 tributum
620 1612 879 1708 quingentarum
908 1635 1089 1687 marcarum
1119 1612 1250 1707 argenti
1277 1613 1375 1686 anule
1402 1611 1547 1708 singulis
1574 1612 1707 1706 publico

170 1735 296 1810 aerario
322 1735 461 1829 Imperii
489 1726 617 1810 inferre
636 1738 677 1810 ab
697 1735 745 1810 cis
764 1735 926 1829 exigenti,
956 1737 1136 1830 negabant,
1165 1734 1272 1808 satius
1299 1734 1456 1810 ducentos
1484 1733 1578 1826 mori,
1608 1757 1707 1826 qnam

170 1857 327 1934 Poloniae
354 1858 511 1952 Regnum
540 1858 688 1933 subicere
714 1857 868 1948 tributis,
896 1857 1088 1952 apertisque
1115 1859 1149 1932 et
1176 1857 1384 1932 evidentibus
1411 1857 1597 1953 responsio,
1626 1880 1706 1931 nus-

171 2002 270 2073 quam
298 2002 333 2054 se
361 1982 422 2054 sub
449 1980 595 2075 Imperio
622 1983 681 2054 ant
707 1981 845 2055 tributis
873 1981 986 2071 fauisse,
1007 1983 1041 2054 et
1059 2002 1124 2054 non
1144 1979 1383 2055 clanculariam
1409 1979 1467 2055 sed
1494 1980 1707 2055 manifestam

170 2103 411 2198 opposItionem
438 2125 474 2178 so
501 2126 559 2198 pro
587 2103 744 2178 libertate
771 2104 920 2178 facturos
948 2102 1181 2178 moliebantur.
1634 2107 1638 2112 ’

377 2472 560 2563 upeoaslao
587 2472 665 2545 Ituci
692 2471 822 2546 datoris
849 2472 999 2546 folcuino
1025 2457 1114 2545 llius
1141 2471 1320 2563 Stephanus
1347 2472 1500 2544 resultus.

272 2712 401 2787 Effnndit
427 2713 489 2788 hoc
516 2736 603 2788 anno
631 2735 765 2790 consors
792 2713 972 2808 Myecnslai
999 2713 1134 2788 Maioris
1161 2712 1318 2788 Poloniae
1345 2717 1380 2788 et
1406 2711 1620 2787 Pomeraniae
1637 2713 1706 2786 Du·

167 2834 226 2924 cis,
256 2835 401 2911 Ducissa
427 2835 604 2911 Gertrndis
641 2836 784 2911 alterurn
812 2835 996 2926 infantem,
1034 2835 1087 2912 cni
1123 2838 1230 2910 matre
1267 2837 1478 2926 obsecrante,
1516 2835 1708 2929 Stephanus

165 2979 286 3032 nomeu
322 2957 466 3032 inditum
502 2961 572 3034 est:
602 2959 636 3032 in
663 2957 859 3054 Hungariae
894 2958 982 3032 euim
1009 2959 1126 3054 Regno
1153 2959 1344 3052 Stephanus
1370 2959 1465 3049 Rex,
1493 2979 1573 3032 snus
1601 2979 1704 3053 nepos

166 3101 207 3155 ex
234 3080 340 3155 fratre
368 3103 558 3175 germanus,
583 3081 846 3176 principabatur.
876 3081 944 3157 Nec
970 3081 1076 3156 multo
1106 3081 1181 3176 post
1208 3080 1295 3156 diem
1322 3103 1485 3176 puerpera
1511 3079 1604 3155 obiit.

625 3441 831 3558 annos
865 3353 1099 3557 nomm
1124 3443 1253 3557 nse.

165 3690 347 3766 tridentano
374 3692 572 3766 barbarossa
602 3693 777 3786 Imperator
808 3713 878 3768 eun
907 3695 1047 3768 namne
1076 3695 1221 3768 exercItu
1251 3695 1284 3766 lu
1316 3693 1480 3770 boloniam
1495 3693 1615 3768 uadit:
1652 3694 1708 3766 ubl

165 3813 242 3888 dum
279 3833 392 3906 parurn
427 3816 564 3890 feliciter
598 3835 664 3888 rem
700 3835 735 3889 se
772 3835 879 3909 gerere
914 3816 1055 3906 uideret,
1091 3836 1163 3890 curn
1197 3817 1282 3890 bueo
1319 3817 1468 3889 boleslao
1496 3819 1529 3888 et
1554 3817 1708 3890 lintribus

406 3938 476 4012 eius
503 3957 614 4030 paceuu
642 3939 740 4012 cenis
771 3939 1011 4012 obeditionibus
1038 3940 1100 4012 init
1127 3943 1160 4012 ot
1186 3937 1346 4013 amnicae
1372 3938 1486 4012 quat.
1574 3979 1579 3987 ·

271 4180 421 4256 Boleslai
447 4181 646 4258 Monarcbao
672 4181 840 4274 Dacisque
877 4183 1076 4260 Polonornm
1112 4185 1147 4256 ct
1182 4183 1325 4257 fratrum
1361 4203 1495 4256 snorum
1530 4180 1709 4277 Mpeozslai

164 4302 199 4377 et
234 4302 378 4377 Heurioi
422 4303 634 4398 responsione
667 4303 857 4379 Fridericns
893 4305 1118 4380 Romanorum
1153 4305 1341 4400 Imperator
1380 4303 1534 4378 Inritatus
1570 4324 1710 4399 magnas
1777 4289 1794 4308 ⁸

166 4423 316 4520 concipit
343 4423 422 4514 iras,
452 4427 487 4499 et
513 4447 571 4500 sno
598 4425 634 4500 in
661 4425 837 4521 Herproli
865 4426 998 4502 condito
1025 4428 1156 4503 decreto
1180 4427 1435 4518 satisfacturus,
1463 4425 1709 4521 expeditionem

164 4546 201 4620 in
218 4546 399 4622 Poloniam
426 4551 545 4638 mouet,
575 4547 824 4640 inaximnmqne
850 4551 921 4624 tam
949 4549 1170 4642 equestribus,
1199 4573 1299 4643 quam
1326 4547 1537 4644 pedestribus
1563 4547 1667 4642 copiis
1682 4545 1710 4642 ⁵)

166 4691 225 4764 per
252 4669 438 4744 Saxomam
464 4669 648 4746 exercitum
676 4673 873 4763 traducens,
904 4695 1016 4748 mense
1042 4671 1197 4768 Angusto
1223 4673 1319 4747 illam
1346 4669 1545 4767 ingredItur.
1587 4669 1647 4746 (lui
1675 4669 1710 4744 in

166 4791 336 4868 Senoniae
363 4791 486 4867 finibus
513 4792 722 4869 Wladislans
749 4794 929 4870 Bohemiae
948 4795 1027 4868 Dus
1049 4817 1124 4870 cnm
1150 4793 1319 4884 Bohemis,
1347 4793 1556 4886 Morauisqne
1578 4815 1614 4868 se
1632 4815 1709 4868 con·

166 4912 284 5010 iungit
311 4916 347 4991 et
373 4914 557 4991 exercitum
584 4916 802 5012 Imperatoris
839 4939 897 5011 per
933 4938 969 4992 se
1005 4939 1165 5012 magnum
1200 4915 1307 4993 efficit
1340 4915 1555 5010 ampliorem:
1597 4937 1711 4990 omnes

165 5037 257 5112 enlm
284 5037 427 5133 Imperii
452 5037 541 5114 uires
568 5039 603 5114 et
630 5061 761 5114 omnem
788 5037 999 5116 blmenicam
1036 5039 1225 5132 nationem,
1257 5039 1424 5130 Francos,
1454 5038 1596 5130 Sueuos,
1625 5037 1710 5112 Itbi·

276 5333 304 5415 ¹)
327 5337 556 5412 indignationem
580 5353 637 5398 nou
660 5343 789 5398 moveret
811 5337 870 5399 Ed.
893 5337 985 5398 Dobr.
1023 5335 1048 5414 Ω)
1071 5343 1192 5412 accepta
1218 5335 1288 5398 coc.
1311 5337 1403 5397 Rosa.
1437 5331 1466 5407 3)
1487 5336 1713 5397 recalcitrabant

122 5435 124 5438 ’
171 5437 242 5504 coa.
266 5441 361 5504 Rosr.
408 5437 437 5520 4)
460 5447 557 5502 antem
589 5441 649 5502 Ed.
672 5442 764 5506 Dobr.
811 5437 837 5518 l)
860 5449 919 5504 tem
942 5443 1118 5518 equestrium
1148 5459 1233 5516 quam
1259 5441 1438 5516 pedestrium
1460 5441 1607 5517 copiarum
1640 5440 1712 5502 Ood.

170 5547 261 5610 socr.

220 5664 242 5708 J.
256 5665 349 5718 nimae.
363 5663 447 5708 masor.
461 5664 540 5707 Polou.
555 5665 580 5708 Τ.
594 5663 626 5709 Π.
1544 5669 1557 5724 7
