4172 6278
398 554 472 626 238
1029 565 1141 616 nnana
1168 563 1319 617 snxrus.
1676 537 1739 633 (Α.
1760 538 1806 614 Ι).
1827 538 1946 640 1232.)

397 758 613 848 officialium,
643 779 664 831 a
690 755 843 847 qualibet
868 752 1038 828 ordinaria
1064 753 1099 828 et
1125 749 1394 826 extraordinario
1420 748 1670 841 iurisdictione,
1698 749 1734 824 et
1760 771 1858 824 omno
1884 750 1944 824 dn-

396 884 469 959 calo
495 882 560 972 ius,
597 879 685 973 quod
711 876 776 952 eibi
803 876 839 960 in
866 875 962 951 bonis
997 873 1214 951 ecclesiarum
1251 873 1484 968 praefatorum
1518 873 1683 948 hactenns
1719 872 1942 967 competebat,

397 1005 432 1078 in
459 1004 597 1079 Petrum
624 1001 855 1078 Gnesnensorn
891 996 1180 1092 archiepiscopum
1206 998 1242 1072 et
1267 996 1412 1070 Paulum
1447 995 1709 1072 Posnaniensem
1740 993 1944 1090 episcopum,

396 1145 575 1218 eorumque
613 1143 821 1200 successores
857 1121 1031 1196 conferens
1058 1121 1093 1196 ot
1118 1117 1371 1208 transfundens,
1410 1117 1612 1212 potestatam
1647 1115 1751 1192 etiarn
1778 1116 1945 1191 monetam

396 1245 583 1322 fabricandi
609 1247 644 1320 et
670 1243 865 1320 uenationes
892 1241 927 1316 in
954 1240 1050 1316 bonis
1069 1239 1285 1316 ecclesiarum
1305 1238 1493 1331 exercendi,
1522 1237 1692 1332 quod·eoli
1709 1239 1733 1332 ¹)
1759 1239 1842 1314 tunc
1867 1260 1944 1314 eon-

396 1370 541 1465 gruobat
567 1365 730 1461 Principi,
759 1365 894 1458 utrique
921 1361 1074 1458 pontifici
1101 1361 1304 1436 attribuens.
1349 1359 1497 1436 Donavit
1524 1361 1698 1456 praeterea
1723 1357 1945 1435 Posnanisnsi

395 1490 557 1568 ecclcsiae
584 1491 619 1566 et
645 1488 718 1564 eius
744 1487 897 1582 episcopo
925 1486 1030 1560 Paulo
1057 1483 1177 1559 villam
1205 1484 1363 1558 Sulloua
1397 1483 1545 1578 Krobya,
1582 1483 1695 1577 largos
1730 1483 1944 1577 praebentem

396 1612 578 1688 introitus:
616 1610 820 1704 quapropter
846 1609 1024 1702 paternum
1053 1627 1173 1700 corpus
1200 1604 1335 1680 Ottonis
1365 1604 1468 1679 Ducis
1494 1606 1529 1680 ot
1554 1602 1704 1679 Boloslui
1731 1603 1847 1698 magni
1874 1602 1943 1698 pri-

396 1732 442 1807 mi
460 1731 580 1826 Regis,
609 1731 644 1806 et
662 1729 806 1805 aliorum
833 1729 966 1822 Rugum
993 1725 1152 1802 Poloniae
1178 1727 1340 1801 cadauera
1366 1724 1402 1800 in
1429 1747 1469 1802 oo
1494 1723 1642 1816 condita,
1671 1723 1706 1797 in
1733 1745 1802 1816 qua
1818 1725 1855 1800 et
1872 1723 1944 1820 ipse

396 1855 605 1949 sepulturum
632 1851 698 1928 sibi
724 1849 927 1942 destinabat,
965 1847 1157 1924 huiusmodi
1188 1846 1355 1943 singulari
1382 1846 1559 1924 donatione
1586 1844 1695 1922 voluit
1719 1845 1868 1941 amplius
1893 1847 1943 1921 ol·

393 1976 482 2051 ferre
501 1975 541 2070 ²).

390 2340 562 2418 laurentio
590 2339 742 2432 episcopo
770 2323 1033 2414 wratislaviensi
1069 2334 1217 2411 succedit
1252 2335 1410 2424 llonar,
1446 2339 1481 2408 ot
1507 2333 1674 2409 vincentio
1701 2333 1943 2426 uouoplmopo

1001 2459 1178 2534 dnornunrl
1206 2459 1331 2532 lutros.

495 2703 700 2781 laurentius
727 2701 1017 2780 Wratislauionsis
1043 2699 1232 2798 epiecopus,
1265 2716 1342 2778 cum
1368 2721 1475 2776 annos
1502 2699 1650 2793 quinque
1676 2700 1712 2774 et
1737 2696 1864 2794 uiginti
1890 2721 1941 2775 sc·

391 2829 509 2922 disset,
547 2826 699 2923 Septimo
735 2827 817 2900 Idus
853 2824 944 2899 lunii
960 2825 988 2918 ⁸)
1016 2823 1051 2899 in
1078 2822 1229 2899 Priohou
1263 2821 1407 2898 moritur
1440 2824 1476 2898 et
1512 2822 1548 2896 in
1588 2819 1731 2897 ooclceia
1757 2819 1939 2896 Wratisla·

391 2950 498 3027 riensi
526 2949 702 3045 sepelitur.
749 2949 792 3020 In
818 2945 915 3023 ouius
941 2947 1052 3023 locum
1080 2946 1226 3021 Thomas
1253 2946 1401 3021 Polonus
1435 2943 1572 3020 natione
1598 2945 1634 3020 et
1659 2965 1781 3039 genero
1806 2941 1940 3035 nobilis,

392 3095 451 3169 per
486 3065 683 3148 electionem
720 3068 913 3146 cononicam
948 3068 1115 3144 substitus
1151 3069 1204 3144 est
1238 3069 1274 3142 et
1308 3089 1367 3162 por
1402 3066 1620 3144 vincentium
1654 3063 1940 3160 arehiepiscopum

391 3189 621 3270 confirmatus.
655 3191 719 3287 Qui
746 3214 813 3268 non
839 3193 948 3266 solum
976 3193 1113 3286 propter
1139 3188 1352 3266 nobilitatem
1380 3187 1514 3284 generis
1540 3189 1597 3281 (do
1623 3186 1729 3282 stirpe
1755 3185 1846 3262 enim
1872 3187 1940 3263 Ko-

391 3317 568 3411 snlyorogy
585 3313 611 3410 ⁴)
639 3313 781 3389 ducebat
807 3317 941 3408 genus),
976 3313 1035 3388 sed
1068 3310 1172 3386 etiarn
1198 3312 1335 3406 propter
1361 3309 1523 3386 scientiae
1549 3310 1585 3386 ot
1612 3307 1812 3404 prudentiae
1836 3329 1940 3400 raros,

391 3438 513 3532 quibus
540 3436 756 3528 clarescebat,
794 3435 899 3528 dotes,
938 3433 1094 3530 opinione
1121 3434 1274 3510 etfama
1309 3433 1400 3528 apud
1426 3431 1578 3528 proprios
1604 3433 1640 3507 et
1665 3429 1830 3506 finitimos
1857 3431 1941 3507 cola·

390 3559 471 3652 bris,
500 3560 536 3633 in
563 3581 673 3635 arcam
700 3556 929 3654 pontificalem
956 3555 1132 3632 sublimari
1159 3554 1355 3651 promeruit.
1383 3553 1518 3631 Accidit
1543 3555 1659 3629 autom
1681 3553 1834 3648 praefato
1851 3553 1940 3628 Lau·

390 3681 499 3760 rentio
526 3701 616 3756 mors
651 3703 718 3756 non
752 3678 926 3776 uulgaris:
964 3703 1007 3755 ox
1034 3677 1168 3754 assiduo
1204 3675 1370 3770 siqnidem
1406 3678 1442 3752 ct
1476 3675 1581 3752 nimio
1616 3696 1768 3752 rosarum
1803 3675 1940 3750 odoratu

391 3806 543 3880 morbum
569 3801 755 3878 rheumatis
777 3801 964 3892 incurrens,
993 3800 1104 3876 curari
1131 3824 1199 3876 non
1226 3800 1370 3895 potarat.

493 3923 694 4000 Vincentius
721 3922 928 3998 (lucanensis
955 3921 1238 4016 archiepiscopus,
1272 3942 1348 3996 cum
1375 3941 1481 3994 annos
1507 3941 1611 4015 propo
1637 3915 1812 3993 duodecim
1838 3917 1940 3993 sedis

389 4049 452 4139 sot,
481 4045 624 4121 moritur
650 4045 685 4119 et
712 4042 747 4117 in
774 4043 964 4120 Gnesnensi
990 4042 1133 4119 ecelesia
1159 4042 1325 4136 sepultus,
1355 4064 1415 4137 per
1441 4040 1639 4118 electionem
1665 4038 1860 4116 canonicam
1878 4041 1939 4114 Po·

388 4172 480 4244 trum
506 4165 627 4242 habuit
653 4186 887 4241 successorem.
919 4165 1046 4240 Eodem
1064 4163 1168 4239 etiarn
1191 4162 1309 4238 mortis
1336 4161 1526 4238 conditione
1553 4161 1725 4238 Gunterus
1750 4160 1941 4236 Ploceensis

388 4289 574 4385 opiscopus,
612 4286 711 4362 annis
738 4285 887 4379 quinque
914 4285 950 4360 in
977 4285 1177 4380 pontificatu
1204 4284 1345 4376 exactis,
1371 4285 1571 4379 absumptus
1598 4285 1670 4360 est:
1708 4282 1765 4378 qui
1793 4281 1938 4358 Crucif-

389 4433 444 4488 ros
471 4411 507 4484 in
534 4408 719 4484 subsidium
756 4411 874 4484 contra
909 4408 1098 4483 Prothenos
1133 4407 1234 4483 acciri
1270 4409 1305 4482 ot
1339 4406 1465 4483 eisdem
1500 4407 1628 4482 terram
1663 4405 1897 4482 Ghelmonsom
1912 4403 1939 4498 5)

390 4531 506 4608 donari
533 4529 721 4618 consensit;
750 4529 804 4606 cui
831 4531 954 4605 Petrus
981 4528 1141 4606 successit
1156 4530 1195 4624 6).

498 4829 521 4907 ¹)
545 4829 600 4888 eibi
624 4827 683 4888 Ed.
706 4827 799 4887 Dobr.
840 4823 1234 4905 perseuerandum.
1275 4823 1301 4902 ³)
1323 4826 1390 4886 Iulii
1423 4825 1493 4887 Cori.
1516 4827 1610 4885 Rorr.
1650 4819 1677 4900 ⁴)
1699 4823 1860 4896 Kozlercgi
1881 4823 1938 4883 mi.

388 4937 484 4996 Dobr.
523 4929 550 5009 ι)
573 4932 756 4992 culmensem
783 4929 852 4993 Ood.
876 4933 968 4992 Rorr.
1008 4927 1037 5002 ὅ)
1059 4931 1189 4992 Mortem
1215 4930 1347 4992 ductori
1367 4931 1498 5006 episcopi
1520 4929 1674 4990 Ploccnsto
1695 4929 1760 4988 tum
1778 4924 1870 5004 prius
1896 4941 1938 4988 sc·

391 5041 447 5105 auct
469 5043 558 5103 ordor
580 5035 621 5098 od
642 5051 762 5104 murum
783 5039 864 5096 1231
886 5037 1000 5096 rotulit.
