4140 6298
381 545 468 621 -264
1020 567 1137 638 urrann
1163 567 1317 624 snxrus.
1657 515 1726 645 (A.
1746 543 1793 624 D.
1812 545 1939 647 1240.)

391 757 454 832 bus
481 745 653 832 mensibus
677 756 713 831 et
740 755 858 832 diebus
885 722 1150 848 quattuordeoini.
1179 755 1249 832 Sub
1276 778 1342 850 quo
1368 757 1518 852 mmpore
1545 753 1736 832 Friderious
1755 757 1941 854 Imperator

220 873 225 880 ’
390 877 500 952 hostis
526 877 706 970 Ecclesiae,
735 879 845 954 multa
872 877 1099 954 in'Foolesiae
1125 878 1350 954 turbationem
1378 877 1575 974 ampliorem
1603 877 1741 955 molitus
1766 881 1831 970 est,
1859 878 1939 954 fide·

390 1000 441 1075 les
468 1021 618 1093 quosque
644 1001 680 1076 et
706 1000 842 1076 devotos
860 1000 1034 1077 Eoolesiae
1060 999 1233 1098 opprimit,
1263 1001 1486 1097 depraedetur
1511 1001 1547 1076 et
1573 1003 1689 1077 vexat.

495 1120 663 1198 Henrieus
690 1122 856 1197 seeundus
882 1121 1177 1199 wratislaviensis
1203 1123 1282 1199 Dux
1318 1125 1353 1198 et
1393 1123 1512 1200 beatae
1547 1121 1712 1220 Hedvigis
1737 1143 1777 1198 ae
1803 1119 1941 1199 Henriei

392 1265 466 1319 oum
494 1244 598 1320 barba
625 1241 730 1336 iilius,
759 1245 916 1320 monente
941 1243 1058 1322 eadem
1085 1243 1320 1321 illustrissima
1348 1247 1454 1322 matre
1479 1243 1639 1342 Hedvigi,
1667 1245 1807 1322 Fratres
1833 1243 1940 1320 ltine·

389 1387 443 1440 res
474 1365 508 1440 in
536 1364 791 1443 wratislaviam
826 1365 977 1459 advocat,
1015 1369 1050 1442 et
1086 1365 1259 1444 eoelesiam
1296 1366 1414 1444 &uoti
1449 1365 1562 1443 Iaeobi
1590 1365 1745 1464 Apostoli
1781 1367 1822 1442 de
1859 1388 1941 1441 novo

392 1488 550 1580 ereetum,
578 1490 613 1564 et
640 1488 750 1564 laeum
778 1510 839 1584 pru
865 1488 1069 1565 rnonasterio
1096 1489 1168 1564 illis
1190 1485 1310 1566 donat.
1338 1489 1403 1565 Sed
1430 1489 1509 1565 dum
1531 1489 1555 1586 Ι)
1581 1511 1658 1566 oum
1684 1488 1862 1565 'l'burtaris
1885 1510 1942 1584 pro

392 1609 458 1686 fide
484 1612 520 1686 et
546 1609 710 1706 religione
736 1611 852 1686 nostra
870 1631 909 1687 ae
928 1603 1078 1687 bdelium
1105 1609 1300 1687 detonsione
1330 1609 1515 1688 fortissime
1541 1633 1699 1708 pugnans
1720 1609 1941 1699 oooubuisset,

392 1732 493 1807 Anna
528 1731 672 1808 Duoissa
706 1731 838 1809 reliota'
862 1753 925 1809 sua
951 1735 987 1810 et
1012 1732 1188 1809 eeclesiam
1223 1732 1339 1809 Sanoti
1377 1732 1489 1809 Iaoobi
1516 1735 1552 1810 et
1577 1731 1828 1825 monasterium,
1858 1754 1943 1826 quae

392 1853 537 1930 maritus
563 1853 762 1950 imperfeeta
788 1853 983 1949 reliquerat,
1014 1854 1293 1930 consummationi
1322 1855 1479 1932 mandare
1507 1855 1649 1933 ouravit.
1793 1943 1795 1948 ,

496 1977 633 2051 Fratres
660 1975 820 2052 Graniferi
847 1978 957 2053 oastro
983 1977 1094 2073 Belga
1120 1977 1183 2052 sub
1205 1976 1388 2053 Pmtbenis
1405 1976 1606 2072 conquisito,
1635 1975 1745 2054 valido
1764 1975 1849 2052 illud
1870 1997 1941 2052 mu·

392 2097 553 2175 siverunt
572 2097 758 2196 praesidio;
785 2100 902 2176 eontra
928 2120 1012 2194 quos
1038 2098 1215 2196 generatio
1241 2122 1310 2176 una
1336 2100 1377 2176 de
1403 2099 1659 2176 Vermiensibus
1685 2102 1806 2196 potens
1832 2100 1869 2174 et
1885 2119 1941 2174 ra-

393 2219 474 2314 lida,
502 2243 589 2314 qraae
616 2221 794 2319 Bogetyna
808 2220 837 2316 9)
864 2221 1049 2315 dioebatur,
1087 2221 1172 2298 duas
1208 2221 1424 2314 munitiones,
1461 2243 1605 2317 quarum
1640 2243 1742 2298 unam
1769 2220 1940 2315 Portegal,

392 2343 536 2419 alteram
564 2341 737 2420 Sabrando
764 2343 996 2440 appellabant,
1024 2343 1192 2436 extruxit,
1222 2345 1413 2440 exquibus
1440 2343 1476 2422 in
1502 2345 1636 2421 tantum
1664 2343 1803 2421 Fratres
1828 2341 1941 2419 (truri-

393 2465 482 2541 leros
508 2465 837 2562 ooangustiaveraut
866 2466 954 2559 quod
982 2467 1100 2562 ingere
1126 2467 1167 2544 de
1193 2467 1305 2564 Balga
1331 2467 1565 2564 disponebant.
1593 2465 1735 2544 interim
1762 2487 1841 2542 vero
1863 2465 1944 2540 Otto

393 2587 470 2662 Dux
496 2587 538 2663 de
564 2587 745 2683 ansvig
779 2609 854 2664 oum
882 2587 954 2663 suis
981 2588 1148 2666 militibus
1174 2589 1370 2692 supervenit
1395 2592 1431 2666 et
1457 2589 1647 2666 Prutheuos
1674 2588 1819 2685 Balgam
1855 2585 1941 2664 obsi·

393 2710 510 2784 dentes
545 2709 699 2786 oontlixit
714 2707 753 2805 ²),
792 2710 998 2787 munitiones
1035 2735 1112 2788 vero
1149 2733 1261 2787 eorum
1294 2714 1507 2810 expugnatas
1534 2711 1713 2808 ooniregit.
1759 2709 1830 2785 Sub
1856 2707 1942 2784 idern

393 2831 572 2928 tempue⁴l
606 2831 771 2928 Magister
806 2832 966 2910 livoniae
1001 2833 1108 2910 irater
1142 2833 1332 2927 Volquiuus
1347 2833 1375 2929 ὁ)
1402 2833 1551 2910 ordinem
1578 2855 1688 2925 suram,
1726 2831 1783 2926 qui
1812 2831 1941 2907 diceba·

392 2955 451 3028 tur
490 2954 754 3030 Ordo‘llilitum
781 2953 919 3048 christi,
957 2977 1032 3031 oum
1059 2955 1174 3032 ordine
1201 2955 1401 3032 bracitorieo
1429 2956 1548 3052 nigrae
1575 2955 1691 3031 emon
1717 2954 1882 3043 oounivit;
1909 2956 1942 3028 et

390 3077 470 3172 ¹post
496 3076 579 3152 haee
605 3075 718 3152 eodem
746 3099 833 3152 anno
861 3076 896 3152 iu
923 3099 1103 3174 congressu
1130 3100 1206 3155 eura
1233 3077 1415 3155 Litbnanis
1439 3077 1564 3172 babilo,
1593 3099 1667 3154 eum
1695 3075 1943 3172 quinquaginta

390 3199 555 3275 iratribus
581 3199 616 3275 et
644 3197 762 3274 multis
789 3197 841 3274 sui
869 3199 996 3276 ordinis
1023 3222 1180 3297 pugnans
1208 3199 1423 3278 interluitur.

502 3479 527 3564 ¹)
550 3481 619 3543 dum
648 3479 725 3542 deest
754 3482 789 3542 in
823 3479 893 3543 coa.
923 3479 996 3542 eor.
1035 3479 1239 3557 ⁹)Bogietiua
1270 3481 1331 3543 Ed.
1361 3481 1457 3543 Dobr.
1496 3477 1524 3560 ¹)
1550 3478 1717 3557 profligavit
1748 3478 1820 3542 ooo.
1852 3480 1941 3542 uon.

250 3627 256 3638 x
392 3591 507 3663 tempas
529 3587 609 3649 deest
629 3587 665 3648 in
691 3585 761 3648 θοι).
784 3583 857 3648 Aoo.
898 3581 925 3663 ⁴)
948 3585 1120 3660 Volqninius
1151 3585 1212 3647 Ed.
1236 3585 1330 3648 Dobr.
1363 3586 1525 3661 Vetquiuus
1547 3586 1585 3646 de
1607 3585 1804 3648 Winterstedt
1824 3587 1941 3647 rectius
