4162 6288
398 531 474 602 438
1005 549 1118 602 nunna
1143 549 1336 603 susumus.
1681 527 1952 624 (Α.ῠ.1270.)
2042 591 2046 595 .
2074 465 2075 468 ¹

398 759 475 810 rum
500 734 706 813 conscientia
732 737 840 829 aetus,
869 735 1048 829 quicquam
1074 735 1139 810 sibi
1166 736 1207 811 de
1233 735 1446 830 impetranda
1473 735 1713 832 propitiatione
1740 737 1875 828 divina,
1896 760 1951 812 ra·
2074 813 2075 816 v

399 861 456 934 tus
483 880 519 934 se
545 857 816 953 supervicturum
851 859 886 934 et
913 879 992 932 snas
1018 857 1304 953 transgressiones
1331 860 1603 954 resumpturum,
1631 859 1818 954 prospexit.
1846 861 1950 934 Inva-

397 980 546 1056 lescente
573 979 710 1055 tandem
737 982 861 1071 morbo,
889 981 1029 1055 Fratres
1056 979 1306 1055 Praedicatoros
1333 1001 1394 1073 per
1419 982 1604 1056 consortem
1634 981 1730 1055 illius
1748 1004 1808 1075 pro
1826 1003 1952 1056 sanan-

398 1103 442 1178 da
467 1123 571 1196 aegra
597 1104 707 1178 mente
734 1101 854 1192 acciti,
884 1101 1027 1176 militem
1061 1101 1104 1175 ad
1131 1101 1369 1195 poenitendum
1410 1101 1598 1178 multifarie
1633 1125 1692 1197 per
1727 1101 1953 1195 salutiferab

400 1224 529 1302 monita
555 1224 803 1318 persuadebant
818 1222 857 1318 ²).
885 1223 1012 1318 Quibus
1038 1222 1140 1298 misor
1166 1223 1264 1298 homo
1278 1224 1485 1326 commotus:
1514 1223 1639 1316 Sericus,
1658 1223 1783 1316 inquit,
1811 1224 1855 1298 ad
1872 1247 1951 1318 poe-

399 1345 576 1422 nitendum
603 1367 656 1418 me
683 1344 882 1439 impellitis,
911 1344 1018 1420 serius
1045 1344 1286 1421 confessionem
1314 1344 1460 1420 iudicato
1487 1344 1554 1419 iam
1581 1347 1617 1422 et
1643 1345 1800 1420 damnato
1827 1345 1950 1420 suade-

400 1467 457 1557 tis,
486 1488 562 1542 oum
590 1465 818 1560 poenitentiae
840 1467 875 1541 et
901 1466 1033 1560 gratiae
1068 1469 1218 1560 tempore
1253 1465 1397 1556 effluxo,
1433 1465 1653 1541 confessionis
1687 1467 1723 1540 et
1757 1465 1953 1560 poenitendi

399 1587 510 1680 spatio
537 1585 621 1661 mihi
648 1589 827 1680 subrepto,
856 1586 944 1669 iusto
970 1587 1034 1661 Dei
1061 1587 1183 1662 iudicio
1211 1586 1247 1660 in
1274 1587 1479 1680 potestatem
1514 1585 1662 1662 traditus
1698 1608 1773 1660 sum
1808 1585 1950 1680 Spiriti-

400 1710 462 1782 bus
472 1707 501 1800 ³)
528 1709 754 1784 tenebrarum.
782 1709 992 1803 Urgentibus
1016 1708 1135 1784 deinde
1162 1707 1279 1782 maiori
1316 1707 1483 1782 instantia
1509 1729 1649 1802 aegrum
1685 1705 1887 1798 Fratribus,
1917 1709 1954 1782 et

397 1852 440 1904 ne
466 1852 534 1919 qua
559 1829 793 1923 desperatione
819 1829 1070 1906 commissorum
1098 1829 1286 1904 facinorum
1321 1828 1557 1904 aconfitendo
1591 1831 1627 1904 et
1663 1828 1865 1924 poenitendo
1892 1831 1951 1904 ab·

399 1951 620 2041 straheretur,
649 1973 745 2044 opem
771 1950 941 2041 divinam,
979 1952 1009 2024 si
1036 1950 1187 2026 muliteri
1214 1953 1250 2025 et
1276 1950 1447 2044 poenitere
1473 1950 1583 2042 vellit,
1613 1949 1862 2044 pollicentibus,
1891 1972 1953 2025 ex-

400 2073 542 2146 tremam
569 2070 675 2146 edidit
702 2093 825 2147 vocem.
854 2073 1008 2163 Frustra,
1038 2071 1161 2163 inquit,
1192 2071 1349 2166 ingeritis
1375 2071 1416 2147 de
1442 2071 1629 2146 confitendo
1655 2071 1796 2160 monita,
1816 2070 1954 2165 proprio

399 2193 502 2267 exuto
529 2193 565 2265 et
591 2191 777 2286 despoliato
804 2191 955 2283 arbitrio,
984 2192 1088 2266 etiam
1120 2192 1156 2265 in
1187 2194 1394 2268 Daemonum
1412 2193 1580 2286 potestate
1599 2190 1809 2283 consistenti,
1830 2213 1851 2266 a
1869 2213 1954 2282 quo·

399 2335 474 2387 rum
500 2313 648 2388 catervis
673 2312 1031 2408 superimminentibus
1057 2314 1263 2406 torquendus
1280 2315 1315 2390 ot
1332 2313 1558 2408 flagellandus
1577 2313 1645 2388 iam
1663 2315 1815 2408 appetor.
1843 2311 1952 2387 Audi-

400 2435 456 2508 tae
483 2433 575 2509 illico
601 2436 684 2508 sunt
710 2433 939 2528 percussiones
965 2435 1160 2526 horrendae,
1188 2433 1276 2509 ictus
1302 2435 1496 2526 frequentes
1522 2437 1557 2509 et
1583 2434 1794 2510 atrocissima
1821 2451 1866 2507 ex
1898 2457 1953 2508 so·

398 2555 475 2630 nitu
501 2557 536 2630 et
562 2555 736 2630 collisione
762 2559 865 2649 atque
890 2555 1153 2650 reciprocatione
1179 2555 1429 2650 dagellantium
1456 2558 1606 2646 verbera,
1635 2558 1670 2630 et
1696 2555 1732 2629 in
1758 2556 1853 2651 aegri
1880 2577 1954 2631 cor-

399 2699 478 2771 pore
505 2677 638 2768 livores,
667 2679 800 2773 plagae,
828 2679 1035 2771 vulneraque
1062 2700 1083 2752 a
1108 2677 1286 2752 Fratribus
1311 2679 1348 2753 et
1374 2677 1454 2752 aliis
1481 2677 1778 2753 circumstantibus
1804 2677 1951 2753 visibili·

401 2801 465 2890 ter,
494 2801 537 2874 ab
564 2798 792 2876 invisibilibus
819 2798 1002 2874 tortoribus
1029 2799 1149 2890 illata,
1186 2801 1385 2894 conspecta:
1428 2799 1519 2874 inter
1554 2821 1640 2890 quae
1675 2798 1737 2873 ille
1764 2799 1889 2874 infelix
1913 2799 1952 2874 et

399 2921 606 2996 execrandus
632 2921 741 3012 homo,
770 2941 831 2994 nee
857 2942 970 2996 vocem
998 2943 1058 2996 nec
1084 2919 1250 3014 gemitum
1275 2921 1388 3012 edens,
1408 2919 1649 2996 miserabiliter
1675 2919 1877 3015 exspiravit.
1905 2919 1952 2992 ln

401 3064 466 3136 quo
501 3041 674 3116 beatissmi
700 3041 886 3136 Augustini
913 3063 1020 3117 sermo
1048 3064 1107 3136 pro
1133 3041 1246 3116 divino
1273 3043 1406 3118 oraculo
1442 3041 1583 3118 cuilibet
1609 3041 1842 3138 peregrinanti
1868 3041 1954 3116 reti-

402 3165 543 3253 nendus,
572 3163 734 3258 impletus
759 3165 824 3238 est:
854 3164 948 3239 Haeo
973 3164 1037 3254 est,
1066 3163 1197 3256 inquit,
1237 3163 1426 3238 iustissima
1451 3163 1514 3240 noi
1541 3165 1618 3256 lex,
1655 3163 1780 3258 utqui
1806 3162 1951 3240 vivendo

401 3285 661 3362 obliviscebatur
686 3285 760 3376 Dei,
790 3284 959 3360 moriendo
986 3283 1240 3360 oblivisceretur
1266 3284 1331 3358 sui.

772 3651 880 3724 litem
907 3651 1037 3723 tuceta
1062 3653 1207 3742 tempore
1234 3649 1369 3722 insolito
1398 3649 1580 3723 cracoviae.

505 3892 645 3986 Frigore
671 3892 832 3968 immenso
858 3891 893 3965 et
919 3889 993 3964 sine
1020 3890 1176 3984 exemplo
1211 3888 1460 3964 cracoviensem
1495 3888 1701 3983 pmvinciam
1736 3887 1772 3962 in
1799 3887 1866 3963 fine
1892 3889 1953 3963 Se·

402 4013 566 4108 ptombris
594 4012 718 4088 mensis
745 4013 937 4105 premente,
968 4013 1067 4086 sexta
1092 4010 1211 4086 deinde
1239 4011 1392 4085 Octobris
1418 4010 1472 4084 die
1499 4010 1598 4084 tantu
1623 4008 1753 4084 nivium
1780 4009 1954 4104 congeries

302 4224 304 4228 ¹
402 4132 585 4222 descendit,
613 4133 759 4227 Alpibus
786 4131 994 4221 Sarmaticis,
1024 4131 1081 4224 qui
1109 4131 1283 4208 Poloniam
1309 4134 1345 4206 et
1370 4129 1581 4225 Hungariam
1607 4129 1782 4221 dividunt,
1802 4131 1839 4204 et
1863 4129 1953 4220 aliis,

403 4275 487 4346 quos
513 4252 634 4327 Fhatri
661 4253 885 4350 appellamus,
907 4254 949 4328 ad
968 4254 1155 4329 Kesnmark
1182 4252 1273 4342 sitis,
1302 4251 1478 4326 insolitum
1505 4251 1589 4326 coeli
1616 4249 1764 4346 rigorem
1789 4250 1951 4344 augenti·

402 4378 476 4465 bus,
504 4376 544 4448 ut
570 4396 701 4449 omnem
728 4374 899 4469 regionem
925 4373 1146 4470 spissitudine
1173 4395 1290 4469 grossa
1316 4371 1455 4449 vestiret
1482 4373 1518 4447 et
1547 4393 1607 4467 pro
1626 4371 1788 4447 autumno
1805 4371 1954 4466 gelidam
2008 4360 2016 4374 '

402 4496 550 4572 hiemem
574 4495 759 4574 induceret.

730 4859 872 4934 boleslai
898 4859 946 4934 cll
973 4859 1183 4933 colimbum
1209 4857 1306 4931 bacis
1332 4857 1401 4930 tila
1428 4855 1516 4930 tuna
1542 4859 1630 4929 urta.

506 5101 639 5176 Helena
666 5099 753 5174 alias
780 5101 937 5176 Iobeleth
963 5098 1125 5190 Ducissa,
1163 5119 1297 5174 consors
1330 5095 1481 5173 Boleelai
1517 5095 1571 5172 Pii
1598 5095 1811 5173 dalissiensis
1836 5095 1948 5188 Ducis,

405 5224 540 5319 partum
567 5221 761 5314 femineum,
791 5223 871 5296 dum
899 5223 1047 5297 maxime
1073 5220 1183 5296 virilis
1210 5219 1479 5311 desideraretur,
1517 5219 1607 5314 apud
1635 5217 1780 5296 Kalisch
1806 5219 1951 5294 castrum

514 5481 539 5570 ¹)
564 5483 707 5554 salutaria
732 5481 804 5545 Ood.
827 5481 920 5544 Roas.
945 5479 971 5560 ῃ)
993 5481 1179 5556 inducebant.
1205 5477 1277 5556 (iod.
1299 5480 1393 5553 Beer.
1418 5475 1446 5570 ¹)
1469 5478 1630 5562 spirituum
1653 5472 1726 5542 God-
1748 5475 1842 5542 noar.
