4172 6278
178 531 240 625 (Α.
260 530 308 606 ὓ.
328 530 471 646 1235.)
517 510 523 526 ’”
805 555 916 606 nmen
943 554 1096 607 snxrns.

622 863 852 938 lonarterinn
878 861 1103 937 Paradirienas
1130 862 1292 937 undatur.

283 1105 449 1190 edendas
468 1105 493 1202 ¹)
528 1104 720 1194 Februarii,
758 1104 977 1199 Broniains‘)
1009 1105 1049 1181 de
1075 1104 1287 1181 eosozirowo
1322 1104 1439 1180 domes
1473 1105 1510 1180 et
1544 1103 1727 1199 palatinus,

177 1226 304 1303 nobilis
339 1249 481 1324 genere,
519 1228 561 1304 de
586 1227 683 1302 domo
710 1229 746 1302 et
772 1227 904 1302 familia
929 1227 1134 1322 Wpenpeua
1147 1225 1176 1321 ³)
1211 1228 1315 1321 eaput
1354 1224 1511 1301 nubronis
1545 1226 1728 1316 deferente,

178 1348 281 1424 miles
307 1351 343 1424 et
368 1347 603 1424 dominieellus
638 1347 895 1440 Posnaniensis,
932 1349 1097 1424 feruorem
1123 1346 1309 1423 deuotionis
1336 1369 1434 1438 suas,
1467 1369 1533 1440 quo
1560 1346 1595 1420 in
1621 1348 1730 1422 Βιιιιι

184 1473 221 1546 ei
245 1470 490 1566 redemptorem
518 1493 616 1546 sunm
643 1471 739 1546 aestu
766 1492 889 1566 magne
915 1471 1102 1566 flagrabat,
1140 1468 1276 1544 uberius
1310 1468 1480 1546 effundere
1510 1469 1669 1564 satagens
1696 1469 1732 1544 et

180 1593 312 1668 onltum
338 1590 486 1667 nominis
512 1591 566 1667 sui
592 1591 792 1688 propensius
817 1614 952 1687 augere,
981 1591 1016 1665 in
1039 1591 1120 1666 uilla
1142 1611 1204 1666 sua
1221 1590 1376 1684 praefata
1402 1587 1625 1681 (losenilrowo,
1645 1609 1733 1684 quae

179 1715 308 1790 erduno
333 1715 369 1790 et
395 1713 431 1791 in
458 1713 657 1790 hodiernum
673 1714 702 1808 ⁴)
728 1713 895 1810 appellari
926 1715 1046 1808 eoeptu
1072 1713 1125 1788 est
1151 1711 1342 1803 Paradisus,
1380 1709 1619 1788 monasterium
1659 1711 1730 1786 fra·

179 1836 274 1913 trum
301 1834 429 1912 ordinis
454 1835 699 1928 bisteroiensis,
727 1838 790 1912 snb
817 1836 942 1911 honore
972 1835 1008 1910 et
1034 1833 1138 1908 titulo
1172 1831 1340 1929 gloriosae
1374 1831 1529 1928 Virginis
1555 1834 1591 1908 et
1616 1829 1731 1907 Domi·

181 1977 245 2032 nne
272 1958 407 2038 nostrae
440 1956 568 2032 Mariae
603 1957 735 2048 fundat,
773 1958 809 2032 et
835 1955 981 2052 primum
1008 1955 1126 2032 sillem
1154 1977 1249 2030 suam
1282 1955 1472 2050 praefatam
1507 1952 1731 2045 Goseailrouo,

181 2078 265 2155 item
292 2079 328 2154 et
353 2077 440 2154 alias
465 2078 568 2154 villas
603 2101 693 2170 suas,
722 2077 881 2154 videlieet
902 2076 1025 2152 binam
1040 2077 1080 2172 ⁶),
1117 2076 1324 2167 Klodawam,
1362 2073 1579 2170 [iorniram‘i
1605 2076 1641 2150 et
1667 2076 1732 2151 Po-

182 2200 289 2293 lenae,
317 2199 385 2296 ipsi
411 2199 567 2276 ooenobio
593 2203 629 2276 et
655 2199 820 2276 fratribus
846 2199 882 2274 in
909 2199 970 2274 illo
1001 2197 1230 2274 militantibus
1257 2197 1293 2273 et
1320 2195 1531 2290 militaturis,
1559 2218 1643 2291 quos
1661 2194 1732 2291 pri·
1838 2223 1842 2228 ·

182 2345 276 2398 mum
302 2322 344 2398 de
370 2321 572 2398 monasterio
597 2321 821 2418 lerinensib
847 2320 996 2398 eiusdem
1023 2319 1150 2396 ordinis
1178 2341 1237 2416 per
1262 2320 1472 2396 Hermonem
1493 2316 1642 2394 eiusdem
1668 2318 1732 2394 Ie·

182 2443 336 2534 ninensis
363 2444 558 2522 monasterii
584 2447 667 2520 tuno
693 2446 849 2520 abbatem
876 2443 970 2520 mitti
996 2442 1200 2535 obtinuerat,
1229 2441 1265 2516 in
1283 2441 1395 2518 dotem
1413 2441 1611 2537 perpetuam
1632 2440 1735 2515 donat

182 2569 218 2642 et
244 2566 419 2664 assignat;
456 2551 730 2661 fraternusque
764 2567 900 2642 Mensno
926 2565 963 2640 in
990 2563 1192 2641 monasterio
1218 2562 1410 2640 huiusmodi
1441 2561 1558 2640 taliter
1593 2561 1734 2638 fundato

180 2689 216 2764 et
243 2690 354 2766 orento
380 2687 510 2784 primus
535 2687 700 2766 abbatiali
726 2688 933 2784 fungebatur
958 2687 1095 2763 honore.

287 2809 415 2906 Quarto
442 2811 557 2886 Nonne
590 2808 754 2902 Ianuarii,
790 2807 1022 2886 Warmisnses
1057 2806 1222 2884 Prutbeni
1256 2801 1441 2883 claustrum
1478 2805 1585 2882 Olina
1619 2803 1734 2882 ineen-

183 2933 282 3023 dnnt,
309 2933 346 3008 et
372 2933 502 3028 septem
528 2952 702 3008 conversos
730 2933 766 3008 et
791 2929 938 3027 triginta
964 2932 1108 3024 quatuor
1135 2927 1333 3005 monasterii
1360 2949 1474 3004 servos
1499 2926 1579 3023 igne
1604 2929 1640 3002 et
1658 2925 1734 3022 gla-

182 3173 388 3251 Mnrebionis
413 3159 622 3267 Misenensis,
650 3175 751 3251 vietis
777 3173 961 3252 Prutbenis
978 3174 1019 3250 de
1037 3171 1207 3250 territorio
1225 3171 1443 3248 Pomeaaniae
1455 3170 1494 3266 ⁸),
1521 3169 1622 3248 fidem
1640 3167 1736 3247 dmi·

184 3297 231 3373 sti
260 3297 339 3372 illos
366 3298 548 3394 eoegerunt
570 3297 750 3404 suseipere.

289 3419 444 3496 dastrum
471 3421 652 3496 Ploenense
688 3441 748 3514 per
778 3417 963 3494 Henrieum
997 3416 1225 3494 Marohionem
1260 3415 1481 3492 Misenensem
1508 3411 1652 3509 eapitur,
1680 3413 1738 3488 sed

183 3563 245 3636 per
272 3542 400 3618 Dnoem
426 3541 618 3618 ilunradum
645 3543 681 3617 et
707 3540 796 3616 filios
821 3539 895 3615 eius
920 3540 1116 3616 Boleslaum
1142 3541 1178 3614 et
1204 3536 1415 3612 Karimirnm
1441 3533 1675 3630 reaoqniritnr,
1702 3534 1739 3608 et

183 3663 327 3739 Almani
353 3663 414 3738 alii
441 3661 679 3740 miserabiliter
705 3661 929 3754 tmoidantnr,
963 3660 1024 3736 alii
1050 3683 1125 3736 oum
1153 3658 1296 3736 eoelesia
1321 3657 1510 3734 eatbedruli
1536 3657 1737 3733 eomburun·

184 3789 254 3878 tur,
282 3784 344 3860 alii
371 3807 430 3882 per
456 3785 558 3881 pedes
585 3785 847 3880 suspenduntm.

289 3907 389 3982 Anno
416 3929 548 4002 quoqne
573 3906 688 3982 eodem
715 3927 775 4001 per
800 3907 927 3981 Ducem
961 3902 1154 3979 dunradnm
1189 3901 1355 3978 Maeoniae
1390 3901 1469 3976 ordo
1504 3900 1541 3976 et
1567 3899 1736 3974 monaste

181 4029 273 4106 rium
301 4030 449 4106 fratrum
474 4027 748 4104 Praedimtorum
776 4024 975 4102 fundatur
965 4047 1001 4100 ru
1028 4025 1203 4100 Ploenslro.

638 4331 848 4448 ANNUS
883 4329 1107 4446 DOMINI
1143 4329 1282 4445 1235.

186 4567 357 4643 barraban
383 4569 455 4641 linx
481 4567 663 4656 luserim,
695 4564 772 4638 dnm
798 4567 922 4638 {instra
948 4567 1057 4638 tentat
1083 4563 1241 4636 anieron
1273 4559 1404 4653 nepotis
1430 4559 1587 4632 tutonem
1614 4577 1741 4650 renups-

185 4709 268 4781 rare,
295 4689 491 4780 lorbldealir¹
512 4687 663 4762 eaeloriis
690 4687 723 4760 in
749 4687 955 4776 l’randoorin,
983 4683 1190 4759 Soarbiniria
1216 4687 1251 4756 et
1271 4680 1457 4770 dndrreov,
1484 4680 1631 4769 redemit,
1659 4699 1741 4774 qnae

579 4809 620 4882 ab
647 4809 719 4882 eins
746 4809 909 4882 militibus
936 4809 1066 4880 strenue
1094 4805 1357 4879 defendebantur.

294 4997 501 5074 Prutbenioa
526 4997 740 5092 expeditione
767 4997 942 5074 cunradus
968 4993 1136 5072 Maeoniae
1161 4995 1252 5088 Dux,
1281 5013 1382 5087 quam
1410 4989 1515 5068 etium
1540 4986 1621 5064 anni
1640 4941 1742 5064 buius

298 5189 323 5269 ¹)
344 5191 467 5252 Decimo
490 5189 636 5252 calendas
662 5187 733 5250 Ood.
756 5189 849 5250 Roar.
882 5182 909 5270 ²)
932 5187 1092 5262 Dionysius
1113 5183 1175 5248 Ed.
1197 5185 1292 5246 Dobr.
1327 5180 1357 5262 ³)
1379 5182 1541 5254 Wieniaua
1562 5179 1622 5241 ml.
1644 5177 1741 5240 Dobr.

191 5293 218 5375 ⁴)
241 5295 414 5357 hodiernum
438 5295 514 5356 diem
540 5293 611 5356 Ood.
634 5295 727 5356 Rosr.
767 5289 794 5370 ⁶)
816 5293 925 5354 Liwam
951 5289 1023 5355 eoa.
1045 5292 1139 5353 Rozr.
1171 5290 1284 5350 Liviam
1309 5287 1369 5348 Ed.
1392 5286 1488 5348 Dobr.
1527 5281 1742 5363 “peorzyknm

189 5399 251 5462 ffl·
272 5398 370 5490 Dubr-
413 5395 620 5478 'iheuiueusi
646 5396 717 5470 God-
739 5397 834 5470 Bora
873 5393 1113 5487 promerueras
1134 5394 1165 5464 in
1187 5393 1276 5470 aedes
1306 5408 1375 5462 euos
1405 5407 1470 5452 enm
1498 5388 1610 5476 praede
1638 5391 1742 5456 sunta

195 5501 266 5567 Ooai.
288 5503 383 5569 Roar.
