4162 6288
397 557 472 632 412
999 571 1112 623 arnse
1137 568 1330 622 sanemus.
1672 543 1733 638 (Α.
1754 539 1800 616 D.
1821 539 1942 634 1270.)
2027 607 2030 612 .

398 763 489 838 omui
516 784 695 854 armorum,
733 781 894 853 equorum
920 761 955 835 el
982 756 1194 847 victualium,
1223 755 1259 828 in
1287 755 1396 829 oestro
1423 753 1568 846 reperta,
1606 751 1772 826 militibus
1798 749 1941 867 partita,

399 885 545 960 reditum
571 885 635 959 eet.

800 1245 886 1315 boae
915 1243 1003 1315 aries
1031 1242 1063 1312 in
1091 1247 1163 1314 abre
1191 1243 1418 1312 ooneurreuteu
1444 1239 1543 1311 dnae.

502 1483 697 1577 Prodigium
724 1505 762 1556 eo
790 1505 876 1555 anno
905 1481 941 1553 in
969 1479 1127 1554 Poloniae
1154 1479 1290 1573 regione
1319 1479 1512 1568 frequenter
1538 1477 1648 1552 risum
1667 1477 1864 1551 nuntiatum
1883 1479 1944 1550 est.

399 1609 473 1681 Duo
500 1605 590 1678 enim
616 1603 785 1678 exereitus
821 1601 941 1674 armati
971 1604 1006 1674 et
1032 1601 1215 1692 equestres,
1254 1598 1388 1674 aciebus
1422 1598 1603 1673 hostilibus
1633 1601 1667 1672 et
1694 1597 1830 1672 infestis
1858 1597 1946 1672 inter

400 1750 435 1801 se
462 1727 498 1800 in
526 1733 603 1800 aere
630 1726 664 1799 et
691 1722 836 1797 nubibus
872 1744 1065 1796 oouourrere
1092 1725 1127 1794 et
1154 1721 1272 1794 durum
1309 1723 1477 1794 oertamen
1513 1742 1630 1813 gerere
1657 1718 1825 1813 oonspeoti
1854 1721 1945 1791 sunt.

400 1847 493 1940 Quod
520 1869 562 1919 ne
588 1843 769 1939 perniciem
797 1841 1000 1936 reipublicae
1027 1842 1228 1915 Polonorum
1255 1841 1486 1934 portenderet,
1516 1861 1537 1912 a
1563 1838 1691 1913 deuotis
1717 1841 1752 1913 et
1779 1838 1946 1932 religiosis

401 1965 485 2040 viris
511 1963 735 2056 mouentibus,
764 1965 833 2038 Deo
852 1961 1074 2056 omnipotenti
1101 1961 1365 2054 supplioationes
1383 1963 1419 2035 et
1435 1959 1682 2035 obseruationes
1699 1959 1837 2034 habitae
1855 1959 1946 2032 sunt.

849 2319 1057 2434 ANNUS
1092 2318 1316 2432 DOMINI
1352 2317 1491 2431 1270.
1573 2413 1577 2422 .

401 2575 477 2646 otto
503 2571 642 2643 burello
670 2567 964 2660 brandeburgensis
991 2574 1135 2642 oestrum
1162 2567 1309 2645 senonen
1340 2567 1545 2658 reaedilrat;
1581 2567 1749 2640 doleamus
1776 2567 1852 2638 Pius
1878 2557 1971 2640 θη

401 2691 514 2765 itidem
542 2709 605 2763 nou
632 2693 727 2781 lorge
754 2690 794 2762 ab
822 2709 859 2763 eo
887 2695 1031 2763 errorum
1058 2687 1147 2761 aliud
1173 2687 1296 2760 llrdzen
1324 2692 1399 2761 outo
1427 2687 1541 2760 diebus
1569 2689 1718 2777 exstruit,
1746 2687 1831 2780 qued
1859 2688 1949 2760 lllioo

1075 2810 1151 2882 otto
1179 2809 1274 2900 oepit.

507 3050 549 3121 ln
576 3047 679 3123 nestri
705 3047 847 3123 Selenen
874 3071 895 3122 a
921 3049 1076 3124 Boleslao
1104 3048 1164 3123 Pio
1191 3047 1385 3123 Galissieusi
1411 3049 1501 3124 Duoe
1532 3048 1721 3143 expugnati
1747 3049 1782 3122 et
1808 3048 1948 3122 demoli-

403 3171 432 3246 ti
459 3170 621 3244 ultionem
656 3171 737 3244 Otto
768 3169 1105 3264 Brandemburgeusis
1132 3167 1292 3261 Marohio,
1334 3171 1508 3246 observato
1534 3170 1694 3263 tempore,
1722 3191 1788 3262 quo
1815 3170 1948 3264 praela·

402 3294 459 3366 tus
487 3292 664 3366 Boleslaue
691 3289 772 3365 Pius
798 3289 1012 3366 (lalissiensis
1052 3291 1131 3364 Dux
1167 3289 1371 3382 Oraooviam,
1408 3292 1534 3366 Duoem
1565 3291 1759 3365 Boleslaum
1785 3290 1950 3365 Pudioum

403 3411 652 3488 cracoviensem
687 3411 864 3486 visitatum
899 3411 1039 3504 abierat,
1076 3413 1224 3488 oestrum
1260 3412 1413 3487 Seuthok
1440 3412 1481 3486 de
1507 3411 1614 3507 lignis
1648 3411 1738 3486 eirea
1774 3411 1950 3486 eeclesiam

404 3533 519 3607 Sanoli
545 3532 710 3624 Andreae,
739 3533 914 3608 Februarii
942 3533 1059 3608 diebus
1086 3533 1244 3609 eedifioat
1270 3535 1306 3608 et
1332 3534 1550 3623 eonsummut‚
1587 3533 1765 3624 validoque
1799 3531 1949 3607 militnm

405 3653 571 3748 praesidio
597 3652 766 3748 imposito,
795 3653 894 3728 fossis
920 3657 955 3729 et
981 3655 1083 3730 vallis
1110 3654 1294 3749 dispositis,
1322 3653 1475 3730 discedit.
1521 3655 1699 3729 Boleslous
1726 3656 1840 3728 autem
1867 3653 1950 3728 Pius

405 3774 617 3850 Galissieusis
643 3775 722 3848 Dux
748 3797 792 3848 ex
818 3775 974 3850 (lraoovia
1010 3797 1161 3850 reversus
1181 3775 1214 3868 ¹),
1253 3777 1410 3850 Ottouem
1445 3775 1669 3850 Marohionem
1706 3778 1741 3850 et
1772 3775 1872 3869 panta
1897 3777 1950 3849 te·

405 3917 560 3986 marasse,
589 3897 623 3970 et
650 3895 780 3970 hostem
808 3917 843 3969 ee
871 3897 937 3969 iam
964 3920 1024 3990 per
1041 3896 1308 3971 aedificationem
1335 3898 1370 3970 ot
1397 3896 1648 3990 oreupationem
1674 3896 1777 3971 austri
1796 3897 1952 3971 Seuthok

404 4018 592 4111 professum
619 4036 691 4090 esse
718 4016 935 4109 comperiens,
973 4019 1121 4090 oestrum
1149 4018 1290 4106 Drdzen,
1328 4018 1476 4091 uallatus
1511 4017 1724 4110 stipatusque
1751 4017 1831 4091 lorti
1860 4017 1950 4089 mili-

404 4137 478 4210 tum
504 4135 650 4230 agmine,
688 4136 855 4210 aedifioat.
901 4137 947 4210 ut
972 4159 1049 4212 oum
1075 4138 1112 4210 in
1138 4137 1192 4211 die
1219 4137 1335 4211 Sancti
1362 4137 1499 4231 Georgii
1525 4137 1725 4229 iuohoasset,
1764 4138 1854 4211 infra
1879 4137 1951 4212 dies

404 4259 489 4348 outo,
518 4257 711 4332 abundante
738 4257 907 4332 artificum
934 4258 1163 4348 multitudine,
1192 4281 1276 4351 opus
1303 4261 1458 4352 ooeptum
1485 4259 1641 4349 absoluit,
1679 4259 1833 4350 locatque
1860 4258 1950 4331 ruili-

404 4376 508 4467 tibus,
539 4377 685 4450 caenum
713 4377 866 4451 Seuthok
892 4377 1049 4452 elisurue.
1079 4379 1204 4452 Verum
1231 4378 1398 4452 militibus
1425 4379 1573 4453 Boleslai
1600 4379 1654 4451 Pii
1681 4377 1813 4452 tardius
1838 4379 1877 4453 et
1893 4401 1950 4453 ne·

405 4495 594 4590 gligentius
621 4519 760 4572 inuuere
787 4497 946 4590 praesidii
966 4499 1231 4588 obseruantibus,
1261 4501 1408 4572 oestrum
1435 4499 1566 4573 llrduen
1594 4499 1824 4572 aSaxonibus
1842 4501 1948 4588 noete,

405 4615 535 4691 deoima
561 4615 706 4709 septima
721 4616 748 4710 ²)
775 4618 968 4692 Deoembris
995 4618 1048 4692 die
1075 4618 1300 4711 inleroipitur,
1338 4620 1372 4692 et
1399 4620 1496 4712 pulso
1533 4619 1609 4693 iude
1640 4618 1788 4693 Boleslai
1825 4619 1949 4713 praesi-

406 4734 471 4826 dio,
500 4736 580 4809 Otto
607 4735 754 4810 Marohio
768 4735 796 4829 ³)
823 4737 1133 4831 Brandeburgensis
1160 4741 1306 4812 oestrum
1334 4741 1514 4831 utrumque
1541 4742 1670 4830 neotus,
1699 4739 1888 4832 ooouparit.

513 5010 536 5090 ¹)
560 5013 729 5074 aBoleslao
744 5013 855 5075 Pudioo
869 5031 1004 5076 reversus
1030 5011 1101 5078 God.
1125 5016 1217 5077 Roar.
1249 5013 1438 5091 ²)vigesima
1461 5018 1584 5090 septima
1610 5013 1680 5076 Ood.
1704 5017 1796 5078 Roas.
1830 5011 1858 5092 3)
1874 5015 1949 5074 Mar·

406 5117 472 5178 chio
495 5117 572 5179 deest
594 5119 630 5178 iro
655 5117 725 5180 Ood.
749 5116 823 5178 Aut.
