4172 6278
361 551 435 622 164
989 569 1102 621 arnna
1128 569 1281 623 sexsus.
1637 547 1699 642 (Α.
1719 548 1766 625 Β.
1786 550 1909 646 1202.)

359 757 510 832 Helenae
536 756 698 831 Ducissae
720 755 931 850 promiserat,
961 756 1112 852 implete,
1142 757 1307 851 possessio
1325 756 1478 850 plenaria
1495 756 1701 852 assignetur,
1730 761 1764 834 ot
1783 758 1819 832 in
1837 759 1908 834 Du·

360 878 466 954 oissae
492 879 643 952 Helenae
678 877 791 952 odium
826 877 955 972 singuli
981 877 1215 954 dracouienses
1251 901 1404 972 proceres
1429 879 1617 972 Mpecasleo
1643 881 1779 973 plenem
1806 882 1842 955 et
1868 881 1908 954 fi-

360 1001 469 1075 delem
505 999 637 1074 faciunt
673 999 920 1074 adhaesionem.
966 1001 1020 1072 Ex
1047 1023 1114 1091 que
1139 1022 1175 1074 re
1202 1001 1409 1095 Myconslaus
1446 1001 1558 1074 Senex
1594 1000 1807 1076 iureiurando
1834 1023 1911 1077 cum

360 1119 503 1196 Ducissa
529 1122 563 1196 et
590 1120 673 1194 filiis
700 1119 770 1194 suis
791 1121 813 1214 ¹)
850 1142 886 1195 se
921 1122 1068 1194 solutum
1104 1123 1243 1213 tenens,
1281 1143 1356 1195 cum
1391 1145 1458 1196 non
1493 1145 1537 1196 ex
1572 1144 1634 1196 sua
1668 1123 1909 1218 resignatione,

361 1243 639 1334 quemadmodum
676 1244 876 1316 conuentum
912 1243 1043 1333 fuerat,
1080 1243 1139 1316 sed
1175 1265 1218 1316 err
1245 1241 1377 1317 Nioolai
1404 1241 1549 1336 palatini
1576 1243 1805 1319 draconionsis
1820 1243 1849 1338 9)
1876 1267 1912 1320 se

283 1375 288 1384 ’
361 1363 482 1438 asserit
501 1363 800 1457 adeptumfuisse
827 1364 1070 1457 Principatum,
1107 1363 1196 1436 nihil
1227 1365 1267 1438 de
1293 1364 1347 1438 his
1374 1386 1460 1456 quae
1487 1364 1697 1458 promiserat,
1735 1359 1913 1441 accenset

362 1485 595 1580 impleturum.
642 1486 688 1557 Et
715 1485 751 1557 in
778 1485 868 1558 huno
894 1486 1028 1559 modurn
1054 1484 1215 1559 Daoissae
1241 1487 1276 1560 et
1303 1485 1481 1579 nepotibus
1517 1486 1557 1560 de
1584 1485 1754 1579 implendo
1782 1487 1913 1562 foedere

360 1606 397 1681 in
414 1605 661 1680 conditionibus
678 1605 750 1678 eius
767 1628 844 1681 eom
862 1605 1121 1699 requirentibus,
1141 1606 1330 1700 respondet,
1353 1605 1643 1697 mulcentibusqua
1661 1607 1911 1701 responsionem

363 1751 458 1802 suom
476 1726 743 1802 cracoviensium
759 1727 960 1821 proceribus,
981 1729 1102 1802 nodum
1118 1724 1144 1820 9)
1164 1727 1395 1824 Ouioviensem
1415 1729 1540 1802 terram
1568 1727 1693 1803 iniuste
1719 1731 1915 1824 occupatam

364 1873 431 1924 non
457 1849 621 1939 restituit,
659 1849 718 1923 sed
745 1849 881 1943 insuper
908 1848 1108 1924 Visliciensc
1144 1849 1303 1944 oppidum
1334 1871 1409 1923 curn
1436 1849 1546 1924 tribus
1573 1849 1693 1924 castris
1720 1851 1763 1925 ad
1789 1853 1915 1926 terram

365 1970 667 2045 Sandomiriensem
695 1971 953 2064 pertinentibus,
982 1993 1068 2062 quae
1095 1972 1136 2043 de
1152 1971 1179 2064 ⁴)
1211 1970 1338 2046 ditione
1365 1971 1545 2046 Lestkonis
1572 1973 1607 2045 et
1633 1971 1779 2046 (lauradi
1805 1975 1914 2062 arant,

366 2096 523 2187 oooupat;
561 2113 621 2186 pro
648 2113 787 2184 quorum
815 2092 1029 2167 restitutione
1057 2092 1296 2186 interpellatus
1332 2093 1522 2187 respondet:
1560 2093 1622 2166 illa
1653 2092 1736 2166 iuris
1763 2093 1815 2168 sui
1842 2115 1915 2169 esse

366 2216 401 2289 et
428 2213 516 2288 iusta
543 2235 732 2308 occupasse,
770 2216 805 2287 et
831 2235 898 2287 non
925 2215 967 2286 ed
996 2213 1309 2305 Sondomiriensern,
1347 2215 1405 2289 sed
1432 2214 1473 2288 ad
1501 2213 1751 2290 Graoouiensem
1780 2215 1914 2310 prouin-

366 2335 453 2412 ciam
480 2337 631 2429 spectare
658 2336 786 2410 debere.
816 2335 881 2410 Sed
907 2357 1015 2428 neque
1042 2335 1180 2409 tulisset
1206 2337 1355 2410 caeteras
1382 2335 1663 2410 Sandomirionsis
1681 2338 1791 2411 torrae
1817 2340 1917 2412 urbes

365 2461 401 2532 ot
427 2457 632 2532 munitiones
659 2461 721 2531 sub
749 2455 875 2531 ditione
902 2459 1061 2551 nepotum
1089 2479 1172 2548 esse,
1201 2457 1267 2530 nisi
1283 2458 1311 2551 ⁵)
1339 2455 1438 2530 illum
1473 2479 1596 2552 magno
1623 2457 1733 2532 animo
1761 2459 1801 2533 do
1828 2457 1917 2533 rein·

366 2577 557 2674 tegratione
584 2578 758 2654 uniuersae
785 2578 998 2653 Monarchiao
1024 2577 1285 2672 cogitationibus
1312 2579 1510 2669 distentum,
1543 2600 1632 2652 more
1659 2578 1831 2673 insperate
1857 2581 1917 2653 ab·

368 2699 568 2795 sumpsisset
583 2698 624 2795 9).
670 2699 770 2773 Prius
802 2699 893 2773 enim
929 2723 1030 2792 quam
1066 2699 1215 2794 cogitata
1251 2699 1409 2794 perlicere
1435 2699 1609 2795 coepisset,
1638 2723 1658 2773 a
1685 2702 1792 2774 morte
1820 2723 1917 2795 prae-

367 2823 500 2912 uentus,
529 2821 564 2894 in
592 2821 733 2897 ecclesia
767 2821 951 2915 collegiata
987 2821 1102 2895 Sancti
1138 2820 1238 2896 Pauli
1265 2821 1300 2895 in
1328 2821 1481 2913 Kalisch,
1520 2821 1615 2896 ouius
1651 2821 1723 2916 ipse
1758 2823 1918 2898 fundator

368 2945 445 3018 erat
472 2942 662 3037 primarius,
691 2943 727 3016 in
753 2944 929 3037 sepulchro
957 2942 1022 3015 filii
1049 2943 1101 3016 sui
1128 2943 1307 3038 Myeczslei
1338 2942 1512 3037 sepelitur.
1559 2943 1689 3037 Oppido
1716 2945 1828 3018 autem
1855 2945 1918 3019 Oa-

368 3064 517 3138 lissiensi
555 3065 595 3140 de
629 3065 736 3140 ueteri
772 3065 854 3154 loco,
893 3064 928 3138 in
955 3086 1020 3157 quo
1048 3066 1129 3138 turno
1155 3064 1369 3154 consistebat,
1407 3064 1443 3138 in
1479 3087 1601 3138 norum
1629 3065 1752 3154 locum,
1791 3065 1826 3138 in
1853 3083 1919 3158 quo

368 3208 458 3260 nunc
493 3185 597 3259 eitum
624 3188 696 3276 est,
724 3187 910 3276 translato,
945 3187 1046 3260 etiam
1082 3185 1223 3260 ecclesie
1258 3185 1439 3280 collegiata
1474 3185 1589 3260 Sancti
1627 3187 1725 3260 Pauli
1753 3186 1787 3260 in
1814 3187 1919 3262 eccle·

370 3303 465 3380 siam
482 3307 626 3381 Sanctae
652 3305 778 3381 Mariae
804 3307 1020 3401 collegiatam
1047 3308 1216 3381 translata
1242 3309 1277 3381 et
1303 3307 1531 3381 transmutata
1557 3309 1621 3398 est,
1650 3310 1686 3382 et
1713 3308 1840 3382 fabrice
1866 3329 1920 3382 ec·

368 3427 490 3503 clasiae
526 3425 641 3502 Sancti
677 3427 776 3502 Pauli
802 3429 1008 3503 labefactata
1043 3431 1078 3502 at
1114 3429 1299 3519 dedoente,
1338 3429 1456 3502 ducale
1491 3429 1709 3522 sepulchrum
1744 3432 1806 3502 sub
1842 3429 1918 3504 diro

369 3549 526 3625 relictum
553 3551 762 3624 monstratur
789 3549 900 3644 potius
927 3553 969 3623 ab
988 3549 1109 3623 accolis
1125 3549 1164 3642 ⁷),
1193 3573 1293 3640 quem
1321 3549 1438 3622 scitur.
1467 3549 1622 3641 Reliquit
1648 3551 1761 3625 animm
1787 3552 1919 3644 ldpeca·

370 3671 463 3745 sleus
490 3671 600 3745 Senex
627 3671 709 3743 duos
735 3669 834 3760 filios,
872 3671 1098 3744 Wladisleum
1134 3672 1217 3743 natu
1255 3669 1412 3746 maiorem
1445 3672 1481 3744 et
1507 3662 1691 3758 Ottonem;¹
1722 3669 1782 3744 elii
1818 3671 1920 3760 anim,

371 3795 553 3882 antequam
580 3791 623 3864 od
649 3790 797 3865 debitam
834 3793 980 3866 aetatem
1012 3790 1236 3884 pervenirent,
1274 3791 1360 3864 diem
1398 3789 1563 3865 obierunt.
1610 3792 1656 3864 Et
1683 3792 1761 3865 Otto
1788 3791 1923 3884 quidem

372 3913 487 4008 paucis
514 3911 613 3986 annis
640 3914 716 4006 post
743 3913 962 4007 supervivens
989 3912 1141 4002 moritur,
1179 3911 1289 3984 filium
1316 3935 1420 3985 unum
1447 3911 1675 3986 Wladisleum
1703 3911 1922 4006 impuberem,

372 4033 430 4126 qui
458 4035 587 4108 Pluooz
615 4036 752 4108 vocatus
779 4037 842 4124 oet,
872 4033 1119 4124 derelinquens,
1157 4035 1293 4126 propter
1325 4033 1412 4124 quod
1439 4032 1651 4108 Wladislaus
1687 4033 1793 4108 frater
1829 4055 1923 4123 suus,

373 4155 431 4247 qui
459 4175 603 4248 magnus
631 4151 666 4228 et
692 4153 906 4250 Lpaslronogi
933 4156 1080 4244 uocatos,
1118 4153 1251 4248 nepotis
1283 4154 1427 4237 tudelam
1455 4175 1572 4248 egens,
1603 4153 1794 4229 universum
1822 4155 1922 4228 Prin·

373 4275 523 4369 cipetum
550 4277 771 4369 gubernabat.

476 4395 721 4490 Eupulsionem
748 4417 842 4470 suem
869 4395 979 4470 Rurik
998 4395 1231 4470 Rosoisleuicn
1251 4419 1271 4470 e
1290 4394 1474 4491 Kpoviensi
1502 4397 1635 4470 Ducatu
1662 4398 1778 4470 acerbe
1802 4397 1924 4487 ferens,

371 4518 635 4606 'Poloucaonum
675 4519 717 4591 ad
745 4540 827 4610 quos
853 4517 1062 4612 confugeret,
1099 4519 1220 4592 nactus
1247 4517 1282 4590 in
1310 4515 1453 4592 notabili
1481 4540 1619 4592 numero
1652 4516 1824 4612 suffragia,
1864 4517 1926 4591 he·

374 4641 459 4713 bensx
483 4637 586 4713 etiam
614 4638 648 4712 in
676 4661 735 4712 sno
763 4638 924 4713 comitatu
952 4639 1040 4713 lilios
1068 4640 1135 4712 Olh
1151 4639 1191 4732 9),
1230 4637 1324 4712 venit
1352 4641 1470 4713 contra
1495 4639 1612 4733 Kpou,
1645 4641 1681 4712 et
1707 4637 1840 4713 nemine
1867 4639 1928 4712 od·-

375 4779 491 4834 uersus
517 4758 617 4832 illum
645 4759 747 4847 stare,
784 4761 845 4832 aut
880 4762 1027 4832 castrum
1064 4758 1254 4854 Kpoviense
1281 4759 1457 4834 defendere
1485 4781 1566 4833 auso
1581 4757 1620 4852 9),
1657 4761 1805 4832 castrum
1832 4759 1927 4853 Kye-

375 4879 490 4955 uiense
517 4879 670 4954 Secunda
697 4879 848 4954 Ianuarii
875 4879 988 4975 capit;
1021 4882 1235 4955 barbarorum
1264 4881 1378 4952 aulam
1404 4879 1657 4953 Poloucaonum
1685 4877 1866 4955 multitudo
1894 4881 1929 4954 et

375 5002 495 5078 feritas
522 5001 694 5076 civitatem
730 5001 920 5076 multifarie
946 5003 1059 5093 clade,
1097 5001 1298 5076 crudelitate
1325 5003 1360 5074 et
1387 5000 1506 5095 spoliis
1533 5001 1709 5096 affligens,
1748 5001 1783 5074 in
1811 5021 1927 5076 omues

484 5296 507 5374 ¹)
532 5299 594 5358 eius
621 5297 692 5358 (lod.
714 5299 807 5358 Ilorr.
847 5295 1100 5375 ⁹)Gracouiensis
1130 5295 1231 5357 lavoro
1268 5295 1338 5357 Ood.
1361 5297 1455 5356 Βοῦν.
1494 5293 1601 5372 ³)non
1631 5296 1717 5356 modo
1748 5295 1808 5355 Ed.
1831 5295 1928 5355 Dour.

379 5397 458 5478 ⁴)in
477 5400 547 5462 coa.
570 5403 663 5464 Roas.
696 5398 798 5478 ⁵)sed
824 5402 895 5462 θοοῦ.
918 5400 992 5462 Aac.
1026 5398 1052 5478 9)
1075 5402 1246 5480 absumpsit.
1263 5399 1334 5467 God.
1359 5399 1432 5463 Aee.
1467 5397 1613 5484 ⁷>israelis
1636 5399 1697 5471 Ed
1719 5401 1814 5463 Βοῦν.
1848 5396 1929 5506 ⁸)l)

377 5507 445 5578 lech
467 5507 526 5578 Ed.
551 5508 645 5580 Βοῦν.
685 5503 863 5597 ⁹)audeate
834 5507 946 5568 tEd.
969 5506 1065 5575 Βοῦν.
