<?xml version="1.0" encoding="UTF-8"?>
<!DOCTYPE html PUBLIC "-//W3C//DTD XHTML 1.0 Transitional//EN"
    "http://www.w3.org/TR/xhtml1/DTD/xhtml1-transitional.dtd">
<html xmlns="http://www.w3.org/1999/xhtml" xml:lang="en" lang="en">
 <head>
  <title>
</title>
<meta http-equiv="Content-Type" content="text/html;charset=utf-8" />
  <meta name='ocr-system' content='tesseract 3.04.00' />
  <meta name='ocr-capabilities' content='ocr_page ocr_carea ocr_par ocr_line ocrx_word'/>
</head>
<body>
  <div class='ocr_page' id='page_1' title='image "./operaomnia02paulgoog_0291.png"; bbox 0 0 4140 6298; ppageno 0'>
   <div class='ocr_carea' id='block_1_1' title="bbox 186 539 1737 640">
    <p class='ocr_par' dir='ltr' id='par_1_1' title="bbox 186 539 1737 640">
     <span class='ocr_line' id='line_1_1' title="bbox 186 539 1737 640; baseline 0.003 -22"><span class='ocrx_word' id='word_1_1' title='bbox 186 539 247 636; x_wconf 75' lang='grc' dir='ltr'><strong>(Α.</strong></span> <span class='ocrx_word' id='word_1_2' title='bbox 268 541 315 619; x_wconf 84' lang='lat' dir='ltr'><strong>D.</strong></span> <span class='ocrx_word' id='word_1_3' title='bbox 337 540 448 640; x_wconf 79' lang='grc'>1241.)</span> <span class='ocrx_word' id='word_1_4' title='bbox 795 563 908 618; x_wconf 83' lang='lat' dir='ltr'><strong>crena</strong></span> <span class='ocrx_word' id='word_1_5' title='bbox 935 566 1129 620; x_wconf 81' lang='lat' dir='ltr'><strong>auruncus.</strong></span> <span class='ocrx_word' id='word_1_6' title='bbox 1662 551 1737 622; x_wconf 76' lang='lat'><strong>275</strong></span> 
     </span>
    </p>
   </div>
   <div class='ocr_carea' id='block_1_2' title="bbox 182 748 1904 5106">
    <p class='ocr_par' dir='ltr' id='par_1_2' title="bbox 182 748 1904 2554">
     <span class='ocr_line' id='line_1_2' title="bbox 184 748 1737 850; baseline 0.004 -24"><span class='ocrx_word' id='word_1_7' title='bbox 184 752 278 826; x_wconf 90' lang='lat' dir='ltr'><strong>sunt.</strong></span> <span class='ocrx_word' id='word_1_8' title='bbox 306 751 605 848; x_wconf 75' lang='lat' dir='ltr'><strong>Quidam-interea</strong></span> <span class='ocrx_word' id='word_1_9' title='bbox 631 753 672 828; x_wconf 92' lang='lat' dir='ltr'><strong>de</strong></span> <span class='ocrx_word' id='word_1_10' title='bbox 698 751 940 828; x_wconf 82' lang='lat' dir='ltr'><strong>Thartarorum</strong></span> <span class='ocrx_word' id='word_1_11' title='bbox 967 748 1173 850; x_wconf 87' lang='lat' dir='ltr'><strong>agminibus,</strong></span> <span class='ocrx_word' id='word_1_12' title='bbox 1202 756 1237 830; x_wconf 92' lang='lat' dir='ltr'><strong>et</strong></span> <span class='ocrx_word' id='word_1_13' title='bbox 1263 777 1307 830; x_wconf 92' lang='lat' dir='ltr'><strong>an</strong></span> <span class='ocrx_word' id='word_1_14' title='bbox 1330 755 1541 834; x_wconf 85' lang='lat' dir='ltr'><strong>Rnlbenicae</strong></span> <span class='ocrx_word' id='word_1_15' title='bbox 1558 757 1613 833; x_wconf 96' lang='lat' dir='ltr'><strong>vel</strong></span> <span class='ocrx_word' id='word_1_16' title='bbox 1630 755 1737 832; x_wconf 75' lang='lat' dir='ltr'><strong>Thar-</strong></span> 
     </span>
     <span class='ocr_line' id='line_1_3' title="bbox 185 871 1904 972; baseline 0.005 -25"><span class='ocrx_word' id='word_1_17' title='bbox 185 871 312 949; x_wconf 88' lang='lat' dir='ltr'><strong>taricae</strong></span> <span class='ocrx_word' id='word_1_18' title='bbox 337 873 486 949; x_wconf 88' lang='lat' dir='ltr'><strong>nationis</strong></span> <span class='ocrx_word' id='word_1_19' title='bbox 519 875 619 965; x_wconf 92' lang='lat' dir='ltr'><strong>esset,</strong></span> <span class='ocrx_word' id='word_1_20' title='bbox 659 873 823 949; x_wconf 89' lang='lat' dir='ltr'><strong>incertum</strong></span> <span class='ocrx_word' id='word_1_21' title='bbox 850 875 1005 967; x_wconf 88' lang='lat' dir='ltr'><strong>habetur,</strong></span> <span class='ocrx_word' id='word_1_22' title='bbox 1042 875 1215 951; x_wconf 90' lang='lat' dir='ltr'><strong>celerrimo</strong></span> <span class='ocrx_word' id='word_1_23' title='bbox 1250 877 1286 952; x_wconf 90' lang='lat' dir='ltr'><strong>et</strong></span> <span class='ocrx_word' id='word_1_24' title='bbox 1312 899 1398 972; x_wconf 88' lang='lat' dir='ltr'><strong>vago</strong></span> <span class='ocrx_word' id='word_1_25' title='bbox 1425 899 1528 972; x_wconf 88' lang='lat' dir='ltr'><strong>passu</strong></span> <span class='ocrx_word' id='word_1_26' title='bbox 1555 877 1740 954; x_wconf 91' lang='lat' dir='ltr'><strong>hincinde</strong></span> <span class='ocrx_word' id='word_1_27' title='bbox 1902 959 1904 964; x_wconf 72' lang='grc'>,</span> 
     </span>
     <span class='ocr_line' id='line_1_4' title="bbox 185 993 1738 1090; baseline 0.003 -20"><span class='ocrx_word' id='word_1_28' title='bbox 185 993 275 1070; x_wconf 89' lang='lat' dir='ltr'><strong>cirea</strong></span> <span class='ocrx_word' id='word_1_29' title='bbox 300 995 461 1089; x_wconf 86' lang='lat' dir='ltr'><strong>utrasque</strong></span> <span class='ocrx_word' id='word_1_30' title='bbox 481 997 504 1090; x_wconf 86' lang='lat'><strong>¹)</strong></span> <span class='ocrx_word' id='word_1_31' title='bbox 531 995 620 1072; x_wconf 91' lang='lat' dir='ltr'><strong>acies</strong></span> <span class='ocrx_word' id='word_1_32' title='bbox 647 995 849 1087; x_wconf 91' lang='lat' dir='ltr'><strong>discurrens,</strong></span> <span class='ocrx_word' id='word_1_33' title='bbox 884 995 1070 1072; x_wconf 78' lang='lat' dir='ltr'>terribilem</span> <span class='ocrx_word' id='word_1_34' title='bbox 1099 997 1279 1090; x_wconf 91' lang='lat' dir='ltr'><strong>utrumque</strong></span> <span class='ocrx_word' id='word_1_35' title='bbox 1305 999 1492 1075; x_wconf 89' lang='lat' dir='ltr'><strong>exercitum</strong></span> <span class='ocrx_word' id='word_1_36' title='bbox 1518 999 1654 1076; x_wconf 91' lang='lat' dir='ltr'><strong>dissona</strong></span> <span class='ocrx_word' id='word_1_37' title='bbox 1679 1001 1738 1076; x_wconf 90' lang='lat' dir='ltr'><strong>ad·</strong></span> 
     </span>
     <span class='ocr_line' id='line_1_5' title="bbox 184 1117 1738 1215; baseline 0.004 -25"><span class='ocrx_word' id='word_1_38' title='bbox 184 1117 326 1192; x_wconf 87' lang='lat' dir='ltr'><strong>hortans</strong></span> <span class='ocrx_word' id='word_1_39' title='bbox 352 1117 484 1213; x_wconf 88' lang='lat' dir='ltr'><strong>lingua,</strong></span> <span class='ocrx_word' id='word_1_40' title='bbox 523 1119 644 1192; x_wconf 89' lang='lat' dir='ltr'><strong>edebat</strong></span> <span class='ocrx_word' id='word_1_41' title='bbox 678 1119 869 1209; x_wconf 89' lang='lat' dir='ltr'><strong>clamorem,</strong></span> <span class='ocrx_word' id='word_1_42' title='bbox 906 1120 942 1193; x_wconf 89' lang='lat' dir='ltr'><strong>et</strong></span> <span class='ocrx_word' id='word_1_43' title='bbox 968 1118 1127 1194; x_wconf 89' lang='lat' dir='ltr'><strong>Polonica</strong></span> <span class='ocrx_word' id='word_1_44' title='bbox 1161 1119 1296 1213; x_wconf 89' lang='lat' dir='ltr'><strong>quidem</strong></span> <span class='ocrx_word' id='word_1_45' title='bbox 1333 1120 1453 1215; x_wconf 88' lang='lat' dir='ltr'><strong>lingua</strong></span> <span class='ocrx_word' id='word_1_46' title='bbox 1479 1121 1738 1198; x_wconf 76' lang='lat' dir='ltr'><strong>vociferabatur:</strong></span> 
     </span>
     <span class='ocr_line' id='line_1_6' title="bbox 184 1231 1737 1338; baseline 0.003 -26"><span class='ocrx_word' id='word_1_47' title='bbox 184 1239 476 1335; x_wconf 78' lang='lat' dir='ltr'><strong>Bpsgcvcce,</strong></span> <span class='ocrx_word' id='word_1_48' title='bbox 504 1240 781 1336; x_wconf 81' lang='lat' dir='ltr'><strong>byegapcne!</strong></span> <span class='ocrx_word' id='word_1_49' title='bbox 799 1239 828 1334; x_wconf 60' lang='grc' dir='ltr'><strong>Ξ)</strong></span> <span class='ocrx_word' id='word_1_50' title='bbox 855 1239 980 1315; x_wconf 91' lang='lat' dir='ltr'><strong>idest:</strong></span> <span class='ocrx_word' id='word_1_51' title='bbox 1009 1231 1146 1335; x_wconf 81' lang='lat' dir='ltr'><strong>Fugite,</strong></span> <span class='ocrx_word' id='word_1_52' title='bbox 1175 1239 1305 1336; x_wconf 88' lang='lat' dir='ltr'><strong>fugite!</strong></span> <span class='ocrx_word' id='word_1_53' title='bbox 1334 1241 1471 1316; x_wconf 91' lang='lat' dir='ltr'><strong>Polonis</strong></span> <span class='ocrx_word' id='word_1_54' title='bbox 1493 1241 1651 1338; x_wconf 88' lang='lat' dir='ltr'><strong>ingerens</strong></span> <span class='ocrx_word' id='word_1_55' title='bbox 1669 1245 1737 1318; x_wconf 89' lang='lat' dir='ltr'><strong>for-</strong></span> 
     </span>
     <span class='ocr_line' id='line_1_7' title="bbox 185 1357 1737 1458; baseline 0.005 -26"><span class='ocrx_word' id='word_1_56' title='bbox 185 1357 347 1434; x_wconf 92' lang='lat' dir='ltr'><strong>midinem</strong></span> <span class='ocrx_word' id='word_1_57' title='bbox 365 1361 400 1436; x_wconf 90' lang='lat' dir='ltr'><strong>et</strong></span> <span class='ocrx_word' id='word_1_58' title='bbox 418 1383 585 1455; x_wconf 89' lang='lat' dir='ltr'><strong>pavorem,</strong></span> <span class='ocrx_word' id='word_1_59' title='bbox 613 1359 812 1435; x_wconf 81' lang='lat' dir='ltr'><strong>Thartarioa</strong></span> <span class='ocrx_word' id='word_1_60' title='bbox 838 1381 915 1436; x_wconf 93' lang='lat' dir='ltr'><strong>vero</strong></span> <span class='ocrx_word' id='word_1_61' title='bbox 942 1360 1063 1456; x_wconf 91' lang='lat' dir='ltr'><strong>lingua</strong></span> <span class='ocrx_word' id='word_1_62' title='bbox 1089 1362 1273 1436; x_wconf 78' lang='lat' dir='ltr'><strong>Tbartaros</strong></span> <span class='ocrx_word' id='word_1_63' title='bbox 1300 1363 1343 1437; x_wconf 90' lang='lat' dir='ltr'><strong>ad</strong></span> <span class='ocrx_word' id='word_1_64' title='bbox 1361 1385 1512 1458; x_wconf 87' lang='lat' dir='ltr'><strong>pugnam</strong></span> <span class='ocrx_word' id='word_1_65' title='bbox 1529 1367 1565 1439; x_wconf 94' lang='lat' dir='ltr'><strong>et</strong></span> <span class='ocrx_word' id='word_1_66' title='bbox 1584 1385 1737 1458; x_wconf 88' lang='lat' dir='ltr'><strong>perseve-</strong></span> 
     </span>
     <span class='ocr_line' id='line_1_8' title="bbox 185 1479 1738 1578; baseline 0.004 -24"><span class='ocrx_word' id='word_1_67' title='bbox 185 1479 333 1555; x_wconf 88' lang='lat' dir='ltr'><strong>rantiam</strong></span> <span class='ocrx_word' id='word_1_68' title='bbox 351 1481 563 1557; x_wconf 76' lang='lat' dir='ltr'><strong>hortabatur.</strong></span> <span class='ocrx_word' id='word_1_69' title='bbox 591 1480 645 1557; x_wconf 83' lang='lat' dir='ltr'><strong>Ad</strong></span> <span class='ocrx_word' id='word_1_70' title='bbox 663 1482 750 1556; x_wconf 88' lang='lat' dir='ltr'><strong>hanc</strong></span> <span class='ocrx_word' id='word_1_71' title='bbox 766 1503 880 1558; x_wconf 92' lang='lat' dir='ltr'><strong>vocem</strong></span> <span class='ocrx_word' id='word_1_72' title='bbox 898 1482 977 1556; x_wconf 86' lang='lat' dir='ltr'><strong>Dux</strong></span> <span class='ocrx_word' id='word_1_73' title='bbox 996 1479 1186 1576; x_wconf 89' lang='lat' dir='ltr'><strong>Opoliensis</strong></span> <span class='ocrx_word' id='word_1_74' title='bbox 1204 1483 1425 1578; x_wconf 83' lang='lat' dir='ltr'><strong>llyecnslaus,</strong></span> <span class='ocrx_word' id='word_1_75' title='bbox 1445 1507 1512 1560; x_wconf 93' lang='lat' dir='ltr'><strong>non</strong></span> <span class='ocrx_word' id='word_1_76' title='bbox 1529 1485 1662 1560; x_wconf 86' lang='lat' dir='ltr'><strong>bostem</strong></span> <span class='ocrx_word' id='word_1_77' title='bbox 1680 1487 1738 1560; x_wconf 90' lang='lat' dir='ltr'><strong>sed</strong></span> 
     </span>
     <span class='ocr_line' id='line_1_9' title="bbox 184 1600 1739 1697; baseline 0.003 -21"><span class='ocrx_word' id='word_1_78' title='bbox 184 1600 359 1697; x_wconf 89' lang='lat' dir='ltr'><strong>proprium</strong></span> <span class='ocrx_word' id='word_1_79' title='bbox 386 1603 422 1678; x_wconf 90' lang='lat' dir='ltr'><strong>et</strong></span> <span class='ocrx_word' id='word_1_80' title='bbox 448 1602 603 1696; x_wconf 90' lang='lat' dir='ltr'><strong>amicum,</strong></span> <span class='ocrx_word' id='word_1_81' title='bbox 631 1603 667 1678; x_wconf 93' lang='lat' dir='ltr'><strong>et</strong></span> <span class='ocrx_word' id='word_1_82' title='bbox 692 1625 736 1679; x_wconf 88' lang='lat' dir='ltr'><strong>ex</strong></span> <span class='ocrx_word' id='word_1_83' title='bbox 754 1602 982 1697; x_wconf 72' lang='lat' dir='ltr'>compassione</span> <span class='ocrx_word' id='word_1_84' title='bbox 1008 1625 1075 1678; x_wconf 92' lang='lat' dir='ltr'><strong>non</strong></span> <span class='ocrx_word' id='word_1_85' title='bbox 1101 1603 1242 1680; x_wconf 87' lang='lat' dir='ltr'><strong>vafricia</strong></span> <span class='ocrx_word' id='word_1_86' title='bbox 1268 1605 1406 1680; x_wconf 89' lang='lat' dir='ltr'><strong>credens</strong></span> <span class='ocrx_word' id='word_1_87' title='bbox 1432 1604 1500 1680; x_wconf 89' lang='lat' dir='ltr'><strong>ista</strong></span> <span class='ocrx_word' id='word_1_88' title='bbox 1519 1605 1739 1682; x_wconf 80' lang='lat' dir='ltr'><strong>vociferatum</strong></span> 
     </span>
     <span class='ocr_line' id='line_1_10' title="bbox 183 1723 1738 1821; baseline 0.001 -23"><span class='ocrx_word' id='word_1_89' title='bbox 183 1743 269 1815; x_wconf 88' lang='lat' dir='ltr'><strong>esso,</strong></span> <span class='ocrx_word' id='word_1_90' title='bbox 297 1724 428 1800; x_wconf 88' lang='lat' dir='ltr'><strong>deserto</strong></span> <span class='ocrx_word' id='word_1_91' title='bbox 455 1724 585 1819; x_wconf 89' lang='lat' dir='ltr'><strong>praelio</strong></span> <span class='ocrx_word' id='word_1_92' title='bbox 612 1723 715 1820; x_wconf 86' lang='lat' dir='ltr'><strong>fugit,</strong></span> <span class='ocrx_word' id='word_1_93' title='bbox 744 1745 969 1819; x_wconf 88' lang='lat' dir='ltr'><strong>magnamque</strong></span> <span class='ocrx_word' id='word_1_94' title='bbox 996 1723 1156 1817; x_wconf 91' lang='lat' dir='ltr'><strong>militum,</strong></span> <span class='ocrx_word' id='word_1_95' title='bbox 1185 1749 1299 1802; x_wconf 91' lang='lat' dir='ltr'><strong>eorum</strong></span> <span class='ocrx_word' id='word_1_96' title='bbox 1313 1725 1504 1821; x_wconf 88' lang='lat' dir='ltr'><strong>praecipue,</strong></span> <span class='ocrx_word' id='word_1_97' title='bbox 1533 1726 1590 1820; x_wconf 91' lang='lat' dir='ltr'><strong>qui</strong></span> <span class='ocrx_word' id='word_1_98' title='bbox 1619 1725 1685 1802; x_wconf 93' lang='lat' dir='ltr'><strong>sibi</strong></span> <span class='ocrx_word' id='word_1_99' title='bbox 1704 1726 1738 1800; x_wconf 91' lang='lat' dir='ltr'><strong>in</strong></span> 
     </span>
     <span class='ocr_line' id='line_1_11' title="bbox 184 1841 1740 1942; baseline 0.001 -22"><span class='ocrx_word' id='word_1_100' title='bbox 184 1841 288 1920; x_wconf 90' lang='lat' dir='ltr'><strong>tertio</strong></span> <span class='ocrx_word' id='word_1_101' title='bbox 314 1845 452 1941; x_wconf 88' lang='lat' dir='ltr'><strong>agmine</strong></span> <span class='ocrx_word' id='word_1_102' title='bbox 478 1847 655 1940; x_wconf 89' lang='lat' dir='ltr'><strong>parebant,</strong></span> <span class='ocrx_word' id='word_1_103' title='bbox 683 1846 851 1921; x_wconf 89' lang='lat' dir='ltr'><strong>catervam</strong></span> <span class='ocrx_word' id='word_1_104' title='bbox 866 1843 895 1940; x_wconf 85' lang='lat'><strong>³)</strong></span> <span class='ocrx_word' id='word_1_105' title='bbox 922 1844 959 1919; x_wconf 93' lang='lat' dir='ltr'><strong>in</strong></span> <span class='ocrx_word' id='word_1_106' title='bbox 985 1845 1130 1922; x_wconf 84' lang='lat' dir='ltr'>similem</span> <span class='ocrx_word' id='word_1_107' title='bbox 1159 1847 1277 1942; x_wconf 86' lang='lat' dir='ltr'><strong>fugam</strong></span> <span class='ocrx_word' id='word_1_108' title='bbox 1304 1847 1424 1922; x_wconf 78' lang='lat' dir='ltr'><strong>traxit.</strong></span> <span class='ocrx_word' id='word_1_109' title='bbox 1473 1847 1544 1942; x_wconf 75' lang='lat' dir='ltr'><strong>Quo</strong></span> <span class='ocrx_word' id='word_1_110' title='bbox 1571 1849 1607 1923; x_wconf 93' lang='lat' dir='ltr'><strong>et</strong></span> <span class='ocrx_word' id='word_1_111' title='bbox 1632 1847 1740 1923; x_wconf 90' lang='lat' dir='ltr'><strong>oculis</strong></span> 
     </span>
     <span class='ocr_line' id='line_1_12' title="bbox 182 1963 1739 2064; baseline 0.003 -26"><span class='ocrx_word' id='word_1_112' title='bbox 182 1963 268 2057; x_wconf 90' lang='lat' dir='ltr'><strong>viso,</strong></span> <span class='ocrx_word' id='word_1_113' title='bbox 298 1967 334 2040; x_wconf 91' lang='lat' dir='ltr'><strong>et</strong></span> <span class='ocrx_word' id='word_1_114' title='bbox 359 1966 504 2042; x_wconf 90' lang='lat' dir='ltr'><strong>aliorum</strong></span> <span class='ocrx_word' id='word_1_115' title='bbox 530 1966 697 2043; x_wconf 88' lang='lat' dir='ltr'><strong>relatione</strong></span> <span class='ocrx_word' id='word_1_116' title='bbox 714 1967 757 2041; x_wconf 89' lang='lat' dir='ltr'><strong>ad</strong></span> <span class='ocrx_word' id='word_1_117' title='bbox 775 1989 811 2043; x_wconf 89' lang='lat' dir='ltr'><strong>sc</strong></span> <span class='ocrx_word' id='word_1_118' title='bbox 829 1968 973 2062; x_wconf 88' lang='lat' dir='ltr'><strong>perlato,</strong></span> <span class='ocrx_word' id='word_1_119' title='bbox 1000 1967 1170 2042; x_wconf 89' lang='lat' dir='ltr'><strong>Honrieus</strong></span> <span class='ocrx_word' id='word_1_120' title='bbox 1193 1970 1272 2044; x_wconf 86' lang='lat' dir='ltr'><strong>Dux</strong></span> <span class='ocrx_word' id='word_1_121' title='bbox 1290 1968 1527 2064; x_wconf 86' lang='lat' dir='ltr'><strong>ingemiscens,</strong></span> <span class='ocrx_word' id='word_1_122' title='bbox 1558 1969 1739 2044; x_wconf 89' lang='lat' dir='ltr'><strong>lamentari</strong></span> 
     </span>
     <span class='ocr_line' id='line_1_13' title="bbox 184 2069 1887 2184; baseline 0.004 -22"><span class='ocrx_word' id='word_1_123' title='bbox 184 2085 299 2182; x_wconf 86' lang='lat' dir='ltr'><strong>eoepit</strong></span> <span class='ocrx_word' id='word_1_124' title='bbox 333 2086 470 2163; x_wconf 86' lang='lat' dir='ltr'><strong>dicens:</strong></span> <span class='ocrx_word' id='word_1_125' title='bbox 496 2087 638 2164; x_wconf 78' lang='lat' dir='ltr'><strong>dorne</strong></span> <span class='ocrx_word' id='word_1_126' title='bbox 673 2108 750 2178; x_wconf 80' lang='lat' dir='ltr'><strong>sna</strong></span> <span class='ocrx_word' id='word_1_127' title='bbox 784 2109 880 2162; x_wconf 91' lang='lat' dir='ltr'><strong>nam</strong></span> <span class='ocrx_word' id='word_1_128' title='bbox 916 2069 1105 2183; x_wconf 74' lang='lat' dir='ltr'><strong>stalol⁴j</strong></span> <span class='ocrx_word' id='word_1_129' title='bbox 1135 2087 1269 2164; x_wconf 89' lang='lat' dir='ltr'><strong>idest:</strong></span> <span class='ocrx_word' id='word_1_130' title='bbox 1309 2089 1435 2184; x_wconf 85' lang='lat' dir='ltr'><strong>Magna</strong></span> <span class='ocrx_word' id='word_1_131' title='bbox 1460 2088 1589 2165; x_wconf 85' lang='lat' dir='ltr'><strong>afflicto</strong></span> <span class='ocrx_word' id='word_1_132' title='bbox 1615 2089 1740 2166; x_wconf 87' lang='lat' dir='ltr'><strong>accidit</strong></span> <span class='ocrx_word' id='word_1_133' title='bbox 1883 2149 1887 2168; x_wconf 91' lang='lat'><strong>.</strong></span> 
     </span>
     <span class='ocr_line' id='line_1_14' title="bbox 182 2207 1852 2306; baseline 0.004 -26"><span class='ocrx_word' id='word_1_134' title='bbox 182 2207 303 2283; x_wconf 89' lang='lat' dir='ltr'><strong>nobis!</strong></span> <span class='ocrx_word' id='word_1_135' title='bbox 331 2208 429 2284; x_wconf 88' lang='lat' dir='ltr'><strong>Nibil</strong></span> <span class='ocrx_word' id='word_1_136' title='bbox 455 2209 571 2286; x_wconf 89' lang='lat' dir='ltr'><strong>tamen</strong></span> <span class='ocrx_word' id='word_1_137' title='bbox 597 2207 779 2305; x_wconf 81' lang='lat' dir='ltr'><strong>ltpecaelai</strong></span> <span class='ocrx_word' id='word_1_138' title='bbox 806 2210 890 2305; x_wconf 87' lang='lat' dir='ltr'><strong>fuga</strong></span> <span class='ocrx_word' id='word_1_139' title='bbox 911 2212 947 2284; x_wconf 90' lang='lat' dir='ltr'><strong>et</strong></span> <span class='ocrx_word' id='word_1_140' title='bbox 964 2231 1089 2302; x_wconf 92' lang='lat' dir='ltr'><strong>eorum,</strong></span> <span class='ocrx_word' id='word_1_141' title='bbox 1118 2209 1179 2302; x_wconf 89' lang='lat' dir='ltr'><strong>qui</strong></span> <span class='ocrx_word' id='word_1_142' title='bbox 1205 2212 1268 2285; x_wconf 92' lang='lat' dir='ltr'><strong>sub</strong></span> <span class='ocrx_word' id='word_1_143' title='bbox 1295 2210 1430 2306; x_wconf 82' lang='lat' dir='ltr'>agmine</span> <span class='ocrx_word' id='word_1_144' title='bbox 1458 2211 1554 2285; x_wconf 90' lang='lat' dir='ltr'><strong>erant</strong></span> <span class='ocrx_word' id='word_1_145' title='bbox 1580 2233 1652 2303; x_wconf 93' lang='lat' dir='ltr'><strong>suo,</strong></span> <span class='ocrx_word' id='word_1_146' title='bbox 1680 2207 1737 2286; x_wconf 91' lang='lat' dir='ltr'><strong>de·</strong></span> <span class='ocrx_word' id='word_1_147' title='bbox 1849 2229 1852 2234; x_wconf 84' lang='lat'>·</span> 
     </span>
     <span class='ocr_line' id='line_1_15' title="bbox 183 2328 1738 2427; baseline 0.001 -23"><span class='ocrx_word' id='word_1_148' title='bbox 183 2328 338 2423; x_wconf 82' lang='lat' dir='ltr'><strong>territus,</strong></span> <span class='ocrx_word' id='word_1_149' title='bbox 368 2332 526 2424; x_wconf 89' lang='lat' dir='ltr'><strong>quartam</strong></span> <span class='ocrx_word' id='word_1_150' title='bbox 553 2351 648 2405; x_wconf 89' lang='lat' dir='ltr'><strong>suam</strong></span> <span class='ocrx_word' id='word_1_151' title='bbox 676 2330 782 2406; x_wconf 89' lang='lat' dir='ltr'><strong>aciem</strong></span> <span class='ocrx_word' id='word_1_152' title='bbox 809 2353 852 2406; x_wconf 83' lang='lat' dir='ltr'><strong>ex</strong></span> <span class='ocrx_word' id='word_1_153' title='bbox 879 2330 1074 2406; x_wconf 92' lang='lat' dir='ltr'><strong>melioribus</strong></span> <span class='ocrx_word' id='word_1_154' title='bbox 1101 2333 1137 2406; x_wconf 89' lang='lat' dir='ltr'><strong>et</strong></span> <span class='ocrx_word' id='word_1_155' title='bbox 1162 2331 1359 2406; x_wconf 87' lang='lat' dir='ltr'><strong>fortissimis</strong></span> <span class='ocrx_word' id='word_1_156' title='bbox 1385 2330 1632 2427; x_wconf 84' lang='lat' dir='ltr'><strong>pugnatoribus</strong></span> <span class='ocrx_word' id='word_1_157' title='bbox 1649 2353 1738 2406; x_wconf 90' lang='lat' dir='ltr'>oom-</span> 
     </span>
     <span class='ocr_line' id='line_1_16' title="bbox 184 2449 1738 2554; baseline 0.001 -29"><span class='ocrx_word' id='word_1_158' title='bbox 184 2449 334 2546; x_wconf 90' lang='lat' dir='ltr'><strong>positam</strong></span> <span class='ocrx_word' id='word_1_159' title='bbox 360 2452 396 2526; x_wconf 93' lang='lat' dir='ltr'><strong>in</strong></span> <span class='ocrx_word' id='word_1_160' title='bbox 423 2451 593 2554; x_wconf 90' lang='lat' dir='ltr'><strong>praelium</strong></span> <span class='ocrx_word' id='word_1_161' title='bbox 617 2451 784 2544; x_wconf 78' lang='lat' dir='ltr'><strong>subducit,</strong></span> <span class='ocrx_word' id='word_1_162' title='bbox 813 2455 849 2528; x_wconf 92' lang='lat' dir='ltr'><strong>et</strong></span> <span class='ocrx_word' id='word_1_163' title='bbox 875 2453 944 2526; x_wconf 90' lang='lat' dir='ltr'><strong>tres</strong></span> <span class='ocrx_word' id='word_1_164' title='bbox 971 2451 1059 2528; x_wconf 86' lang='lat' dir='ltr'><strong>acies</strong></span> <span class='ocrx_word' id='word_1_165' title='bbox 1085 2453 1328 2528; x_wconf 84' lang='lat' dir='ltr'><strong>Tbarlarorum</strong></span> <span class='ocrx_word' id='word_1_166' title='bbox 1354 2475 1375 2526; x_wconf 90' lang='lat' dir='ltr'><strong>a</strong></span> <span class='ocrx_word' id='word_1_167' title='bbox 1401 2451 1569 2548; x_wconf 87' lang='lat' dir='ltr'><strong>prioribus</strong></span> <span class='ocrx_word' id='word_1_168' title='bbox 1595 2453 1738 2528; x_wconf 89' lang='lat' dir='ltr'><strong>Polono-</strong></span> 
     </span>
    </p>

    <p class='ocr_par' dir='ltr' id='par_1_3' title="bbox 184 2573 1886 2792">
     <span class='ocr_line' id='line_1_17' title="bbox 184 2573 1886 2680; baseline 0.001 -33"><span class='ocrx_word' id='word_1_169' title='bbox 184 2595 263 2648; x_wconf 91' lang='lat' dir='ltr'><strong>rum</strong></span> <span class='ocrx_word' id='word_1_170' title='bbox 290 2573 420 2649; x_wconf 88' lang='lat' dir='ltr'><strong>duabus</strong></span> <span class='ocrx_word' id='word_1_171' title='bbox 446 2573 581 2650; x_wconf 87' lang='lat' dir='ltr'><strong>aciebus</strong></span> <span class='ocrx_word' id='word_1_172' title='bbox 608 2574 794 2651; x_wconf 88' lang='lat' dir='ltr'><strong>debellatas</strong></span> <span class='ocrx_word' id='word_1_173' title='bbox 820 2576 855 2650; x_wconf 93' lang='lat' dir='ltr'><strong>et</strong></span> <span class='ocrx_word' id='word_1_174' title='bbox 882 2573 1051 2666; x_wconf 88' lang='lat' dir='ltr'><strong>disiectas,</strong></span> <span class='ocrx_word' id='word_1_175' title='bbox 1080 2574 1203 2649; x_wconf 83' lang='lat' dir='ltr'><strong>fortius</strong></span> <span class='ocrx_word' id='word_1_176' title='bbox 1239 2597 1305 2667; x_wconf 90' lang='lat' dir='ltr'><strong>quo</strong></span> <span class='ocrx_word' id='word_1_177' title='bbox 1331 2576 1455 2669; x_wconf 90' lang='lat' dir='ltr'><strong>potest,</strong></span> <span class='ocrx_word' id='word_1_178' title='bbox 1492 2574 1678 2669; x_wconf 84' lang='lat' dir='ltr'><strong>prosternit</strong></span> <span class='ocrx_word' id='word_1_179' title='bbox 1703 2577 1737 2650; x_wconf 91' lang='lat' dir='ltr'><strong>et</strong></span> <span class='ocrx_word' id='word_1_180' title='bbox 1884 2673 1886 2680; x_wconf 71' lang='lat'>‚</span> 
     </span>
     <span class='ocr_line' id='line_1_18' title="bbox 184 2694 1739 2792; baseline 0.001 -23"><span class='ocrx_word' id='word_1_181' title='bbox 184 2695 377 2788; x_wconf 86' lang='lat' dir='ltr'><strong>obtruncat,</strong></span> <span class='ocrx_word' id='word_1_182' title='bbox 414 2695 599 2792; x_wconf 78' lang='lat' dir='ltr'><strong>fugamque</strong></span> <span class='ocrx_word' id='word_1_183' title='bbox 634 2717 807 2791; x_wconf 90' lang='lat' dir='ltr'><strong>capessere</strong></span> <span class='ocrx_word' id='word_1_184' title='bbox 843 2695 1004 2791; x_wconf 89' lang='lat' dir='ltr'><strong>impellit.</strong></span> <span class='ocrx_word' id='word_1_185' title='bbox 1051 2696 1117 2771; x_wconf 84' lang='lat' dir='ltr'><strong>Sed</strong></span> <span class='ocrx_word' id='word_1_186' title='bbox 1144 2697 1266 2790; x_wconf 83' lang='lat' dir='ltr'><strong>quarta</strong></span> <span class='ocrx_word' id='word_1_187' title='bbox 1297 2696 1538 2771; x_wconf 74' lang='lat' dir='ltr'><strong>Thartarorum</strong></span> <span class='ocrx_word' id='word_1_188' title='bbox 1573 2694 1672 2788; x_wconf 87' lang='lat' dir='ltr'><strong>acies,</strong></span> <span class='ocrx_word' id='word_1_189' title='bbox 1701 2695 1739 2770; x_wconf 92' lang='lat' dir='ltr'><strong>in</strong></span> 
     </span>
    </p>

    <p class='ocr_par' dir='ltr' id='par_1_4' title="bbox 183 2815 1738 3156">
     <span class='ocr_line' id='line_1_19' title="bbox 184 2815 1738 2914; baseline -0.001 -22"><span class='ocrx_word' id='word_1_190' title='bbox 184 2839 255 2910; x_wconf 87' lang='lat' dir='ltr'><strong>qua</strong></span> <span class='ocrx_word' id='word_1_191' title='bbox 279 2817 356 2894; x_wconf 82' lang='lat' dir='ltr'><strong>Rex</strong></span> <span class='ocrx_word' id='word_1_192' title='bbox 381 2817 496 2914; x_wconf 83' lang='lat' dir='ltr'><strong>Batby</strong></span> <span class='ocrx_word' id='word_1_193' title='bbox 522 2818 607 2910; x_wconf 88' lang='lat' dir='ltr'><strong>erat,</strong></span> <span class='ocrx_word' id='word_1_194' title='bbox 636 2816 790 2892; x_wconf 93' lang='lat' dir='ltr'><strong>omnibus</strong></span> <span class='ocrx_word' id='word_1_195' title='bbox 816 2816 928 2893; x_wconf 87' lang='lat' dir='ltr'><strong>tribus</strong></span> <span class='ocrx_word' id='word_1_196' title='bbox 954 2816 1070 2909; x_wconf 89' lang='lat' dir='ltr'><strong>maior,</strong></span> <span class='ocrx_word' id='word_1_197' title='bbox 1108 2815 1313 2912; x_wconf 91' lang='lat' dir='ltr'><strong>supervenit,</strong></span> <span class='ocrx_word' id='word_1_198' title='bbox 1343 2837 1560 2914; x_wconf 88' lang='lat' dir='ltr'><strong>pugnamque</strong></span> <span class='ocrx_word' id='word_1_199' title='bbox 1586 2815 1623 2890; x_wconf 93' lang='lat' dir='ltr'><strong>in</strong></span> <span class='ocrx_word' id='word_1_200' title='bbox 1649 2815 1738 2891; x_wconf 90' lang='lat' dir='ltr'><strong>inte·</strong></span> 
     </span>
     <span class='ocr_line' id='line_1_20' title="bbox 185 2937 1738 3034; baseline -0.001 -21"><span class='ocrx_word' id='word_1_201' title='bbox 185 2937 332 3034; x_wconf 55' lang='lat' dir='ltr'><strong>grnnff)</strong></span> <span class='ocrx_word' id='word_1_202' title='bbox 357 2937 512 3015; x_wconf 89' lang='lat' dir='ltr'><strong>restituit</strong></span> <span class='ocrx_word' id='word_1_203' title='bbox 537 2940 573 3014; x_wconf 91' lang='lat' dir='ltr'><strong>et</strong></span> <span class='ocrx_word' id='word_1_204' title='bbox 598 2937 832 3014; x_wconf 88' lang='lat' dir='ltr'><strong>laborantibus</strong></span> <span class='ocrx_word' id='word_1_205' title='bbox 871 2940 974 3033; x_wconf 87' lang='lat' dir='ltr'><strong>atque</strong></span> <span class='ocrx_word' id='word_1_206' title='bbox 1001 2937 1150 3014; x_wconf 88' lang='lat' dir='ltr'><strong>disiectis</strong></span> <span class='ocrx_word' id='word_1_207' title='bbox 1185 2938 1363 3014; x_wconf 79' lang='lat' dir='ltr'><strong>Thartaris</strong></span> <span class='ocrx_word' id='word_1_208' title='bbox 1395 2960 1492 3034; x_wconf 92' lang='lat' dir='ltr'><strong>opem</strong></span> <span class='ocrx_word' id='word_1_209' title='bbox 1526 2939 1605 3031; x_wconf 88' lang='lat' dir='ltr'><strong>fert,</strong></span> <span class='ocrx_word' id='word_1_210' title='bbox 1637 2937 1738 3013; x_wconf 89' lang='lat' dir='ltr'><strong>terri·</strong></span> 
     </span>
     <span class='ocr_line' id='line_1_21' title="bbox 183 3057 1738 3156; baseline 0 -21"><span class='ocrx_word' id='word_1_211' title='bbox 183 3059 317 3155; x_wconf 89' lang='lat' dir='ltr'><strong>bilique</strong></span> <span class='ocrx_word' id='word_1_212' title='bbox 342 3059 471 3156; x_wconf 85' lang='lat' dir='ltr'><strong>impetu</strong></span> <span class='ocrx_word' id='word_1_213' title='bbox 498 3059 535 3135; x_wconf 92' lang='lat' dir='ltr'><strong>in</strong></span> <span class='ocrx_word' id='word_1_214' title='bbox 562 3061 705 3137; x_wconf 90' lang='lat' dir='ltr'><strong>Polonos</strong></span> <span class='ocrx_word' id='word_1_215' title='bbox 740 3059 925 3137; x_wconf 87' lang='lat' dir='ltr'><strong>invehitur.</strong></span> <span class='ocrx_word' id='word_1_216' title='bbox 972 3059 1038 3135; x_wconf 82' lang='lat' dir='ltr'><strong>Sed</strong></span> <span class='ocrx_word' id='word_1_217' title='bbox 1073 3084 1140 3137; x_wconf 93' lang='lat' dir='ltr'><strong>non</strong></span> <span class='ocrx_word' id='word_1_218' title='bbox 1173 3057 1400 3136; x_wconf 80' lang='lat' dir='ltr'><strong>&#39;referentibus</strong></span> <span class='ocrx_word' id='word_1_219' title='bbox 1435 3058 1572 3136; x_wconf 91' lang='lat' dir='ltr'><strong>Polonis</strong></span> <span class='ocrx_word' id='word_1_220' title='bbox 1608 3059 1738 3154; x_wconf 89' lang='lat' dir='ltr'><strong>pedem,</strong></span> 
     </span>
    </p>

    <p class='ocr_par' dir='ltr' id='par_1_5' title="bbox 183 3179 1740 3765">
     <span class='ocr_line' id='line_1_22' title="bbox 183 3179 1739 3278; baseline -0.001 -21"><span class='ocrx_word' id='word_1_221' title='bbox 183 3203 246 3278; x_wconf 91' lang='lat' dir='ltr'><strong>pro</strong></span> <span class='ocrx_word' id='word_1_222' title='bbox 273 3181 415 3258; x_wconf 80' lang='lat' dir='ltr'><strong>victuma</strong></span> <span class='ocrx_word' id='word_1_223' title='bbox 449 3203 581 3278; x_wconf 86' lang='lat' dir='ltr'><strong>quoque</strong></span> <span class='ocrx_word' id='word_1_224' title='bbox 616 3182 849 3277; x_wconf 82' lang='lat' dir='ltr'><strong>mneequenda</strong></span> <span class='ocrx_word' id='word_1_225' title='bbox 883 3180 1128 3274; x_wconf 90' lang='lat' dir='ltr'><strong>adnitentibus,</strong></span> <span class='ocrx_word' id='word_1_226' title='bbox 1165 3183 1293 3258; x_wconf 92' lang='lat' dir='ltr'><strong>bellum</strong></span> <span class='ocrx_word' id='word_1_227' title='bbox 1328 3179 1528 3258; x_wconf 88' lang='lat' dir='ltr'><strong>acerrimum</strong></span> <span class='ocrx_word' id='word_1_228' title='bbox 1563 3181 1739 3276; x_wconf 83' lang='lat' dir='ltr'><strong>aliquanto</strong></span> 
     </span>
     <span class='ocr_line' id='line_1_23' title="bbox 184 3302 1739 3400; baseline -0.003 -18"><span class='ocrx_word' id='word_1_229' title='bbox 184 3306 337 3400; x_wconf 88' lang='lat' dir='ltr'><strong>tompore</strong></span> <span class='ocrx_word' id='word_1_230' title='bbox 371 3304 516 3380; x_wconf 89' lang='lat' dir='ltr'><strong>durabat</strong></span> <span class='ocrx_word' id='word_1_231' title='bbox 541 3304 633 3381; x_wconf 90' lang='lat' dir='ltr'><strong>inter.</strong></span> <span class='ocrx_word' id='word_1_232' title='bbox 657 3307 833 3400; x_wconf 85' lang='lat' dir='ltr'><strong>utrosque;</strong></span> <span class='ocrx_word' id='word_1_233' title='bbox 861 3302 898 3378; x_wconf 93' lang='lat' dir='ltr'><strong>in</strong></span> <span class='ocrx_word' id='word_1_234' title='bbox 925 3327 991 3396; x_wconf 88' lang='lat' dir='ltr'><strong>quo</strong></span> <span class='ocrx_word' id='word_1_235' title='bbox 1026 3303 1230 3400; x_wconf 90' lang='lat' dir='ltr'><strong>primoribus</strong></span> <span class='ocrx_word' id='word_1_236' title='bbox 1266 3304 1508 3380; x_wconf 77' lang='lat' dir='ltr'><strong>Thartarorum</strong></span> <span class='ocrx_word' id='word_1_237' title='bbox 1544 3325 1739 3399; x_wconf 76' lang='lat' dir='ltr'><strong>magnaeus</strong></span> 
     </span>
     <span class='ocr_line' id='line_1_24' title="bbox 184 3423 1738 3523; baseline -0.001 -21"><span class='ocrx_word' id='word_1_238' title='bbox 184 3427 284 3523; x_wconf 87' lang='lat' dir='ltr'><strong>parte</strong></span> <span class='ocrx_word' id='word_1_239' title='bbox 310 3425 429 3519; x_wconf 88' lang='lat' dir='ltr'><strong>caesis,</strong></span> <span class='ocrx_word' id='word_1_240' title='bbox 467 3449 535 3503; x_wconf 92' lang='lat' dir='ltr'><strong>non</strong></span> <span class='ocrx_word' id='word_1_241' title='bbox 561 3428 662 3523; x_wconf 90' lang='lat' dir='ltr'><strong>longe</strong></span> <span class='ocrx_word' id='word_1_242' title='bbox 696 3426 819 3519; x_wconf 84' lang='lat' dir='ltr'><strong>abluit,</strong></span> <span class='ocrx_word' id='word_1_243' title='bbox 856 3427 897 3501; x_wconf 92' lang='lat' dir='ltr'><strong>ut</strong></span> <span class='ocrx_word' id='word_1_244' title='bbox 922 3425 1042 3502; x_wconf 89' lang='lat' dir='ltr'><strong>Poloni</strong></span> <span class='ocrx_word' id='word_1_245' title='bbox 1069 3427 1171 3521; x_wconf 89' lang='lat' dir='ltr'><strong>plena</strong></span> <span class='ocrx_word' id='word_1_246' title='bbox 1196 3425 1339 3502; x_wconf 89' lang='lat' dir='ltr'><strong>victoria</strong></span> <span class='ocrx_word' id='word_1_247' title='bbox 1365 3423 1568 3521; x_wconf 89' lang='lat' dir='ltr'><strong>potirentur:</strong></span> <span class='ocrx_word' id='word_1_248' title='bbox 1597 3424 1666 3500; x_wconf 91' lang='lat' dir='ltr'><strong>iam</strong></span> <span class='ocrx_word' id='word_1_249' title='bbox 1692 3424 1738 3500; x_wconf 93' lang='lat' dir='ltr'><strong>si-</strong></span> 
     </span>
     <span class='ocr_line' id='line_1_25' title="bbox 184 3545 1738 3644; baseline -0.002 -21"><span class='ocrx_word' id='word_1_250' title='bbox 184 3547 323 3640; x_wconf 88' lang='lat' dir='ltr'><strong>quidem</strong></span> <span class='ocrx_word' id='word_1_251' title='bbox 348 3547 520 3641; x_wconf 75' lang='lat' dir='ltr'><strong>Thartari,</strong></span> <span class='ocrx_word' id='word_1_252' title='bbox 549 3547 722 3644; x_wconf 84' lang='lat' dir='ltr'><strong>ordinibus</strong></span> <span class='ocrx_word' id='word_1_253' title='bbox 748 3571 863 3626; x_wconf 92' lang='lat' dir='ltr'><strong>eorum</strong></span> <span class='ocrx_word' id='word_1_254' title='bbox 903 3547 1092 3640; x_wconf 84' lang='lat' dir='ltr'><strong>rarefactis,</strong></span> <span class='ocrx_word' id='word_1_255' title='bbox 1133 3549 1285 3643; x_wconf 88' lang='lat' dir='ltr'><strong>spectare</strong></span> <span class='ocrx_word' id='word_1_256' title='bbox 1323 3547 1501 3642; x_wconf 88' lang='lat' dir='ltr'><strong>coeperant</strong></span> <span class='ocrx_word' id='word_1_257' title='bbox 1536 3545 1573 3620; x_wconf 90' lang='lat' dir='ltr'><strong>in</strong></span> <span class='ocrx_word' id='word_1_258' title='bbox 1608 3547 1738 3642; x_wconf 84' lang='lat' dir='ltr'><strong>liugom.</strong></span> 
     </span>
     <span class='ocr_line' id='line_1_26' title="bbox 185 3666 1740 3765; baseline -0.001 -21"><span class='ocrx_word' id='word_1_259' title='bbox 185 3671 297 3745; x_wconf 86' lang='lat' dir='ltr'><strong>Erant</strong></span> <span class='ocrx_word' id='word_1_260' title='bbox 322 3669 359 3744; x_wconf 92' lang='lat' dir='ltr'><strong>in</strong></span> <span class='ocrx_word' id='word_1_261' title='bbox 387 3667 629 3746; x_wconf 80' lang='lat' dir='ltr'><strong>&#39;l&#39;bartarorum</strong></span> <span class='ocrx_word' id='word_1_262' title='bbox 656 3670 808 3746; x_wconf 86' lang='lat' dir='ltr'><strong>exercitu</strong></span> <span class='ocrx_word' id='word_1_263' title='bbox 836 3669 925 3744; x_wconf 88' lang='lat' dir='ltr'><strong>inter</strong></span> <span class='ocrx_word' id='word_1_264' title='bbox 952 3668 1021 3745; x_wconf 90' lang='lat' dir='ltr'><strong>alia</strong></span> <span class='ocrx_word' id='word_1_265' title='bbox 1048 3668 1148 3765; x_wconf 89' lang='lat' dir='ltr'><strong>signa</strong></span> <span class='ocrx_word' id='word_1_266' title='bbox 1173 3668 1338 3745; x_wconf 86' lang='lat' dir='ltr'><strong>vexillum</strong></span> <span class='ocrx_word' id='word_1_267' title='bbox 1365 3667 1583 3763; x_wconf 90' lang='lat' dir='ltr'><strong>perimmane,</strong></span> <span class='ocrx_word' id='word_1_268' title='bbox 1612 3666 1648 3741; x_wconf 90' lang='lat' dir='ltr'><strong>in</strong></span> <span class='ocrx_word' id='word_1_269' title='bbox 1674 3687 1740 3760; x_wconf 89' lang='lat' dir='ltr'><strong>quo</strong></span> 
     </span>
    </p>

    <p class='ocr_par' dir='ltr' id='par_1_6' title="bbox 186 3787 1739 3888">
     <span class='ocr_line' id='line_1_27' title="bbox 186 3787 1739 3888; baseline -0.003 -22"><span class='ocrx_word' id='word_1_270' title='bbox 186 3792 258 3866; x_wconf 87' lang='lat' dir='ltr'><strong>tale</strong></span> <span class='ocrx_word' id='word_1_271' title='bbox 281 3791 418 3888; x_wconf 86' lang='lat' dir='ltr'><strong>signum</strong></span> <span class='ocrx_word' id='word_1_272' title='bbox 447 3787 484 3874; x_wconf 87' lang='grc'><strong>&gt;&lt;</strong></span> <span class='ocrx_word' id='word_1_273' title='bbox 513 3791 683 3887; x_wconf 90' lang='lat' dir='ltr'><strong>depictum</strong></span> <span class='ocrx_word' id='word_1_274' title='bbox 710 3791 901 3869; x_wconf 89' lang='lat' dir='ltr'><strong>videbatur.</strong></span> <span class='ocrx_word' id='word_1_275' title='bbox 928 3791 970 3865; x_wconf 91' lang='lat' dir='ltr'><strong>In</strong></span> <span class='ocrx_word' id='word_1_276' title='bbox 998 3790 1193 3866; x_wconf 88' lang='lat' dir='ltr'><strong>summitate</strong></span> <span class='ocrx_word' id='word_1_277' title='bbox 1211 3811 1288 3867; x_wconf 91' lang='lat' dir='ltr'><strong>vero</strong></span> <span class='ocrx_word' id='word_1_278' title='bbox 1306 3787 1486 3884; x_wconf 60' lang='lat' dir='ltr'><strong>habilior)</strong></span> <span class='ocrx_word' id='word_1_279' title='bbox 1513 3787 1633 3865; x_wconf 84' lang='lat' dir='ltr'><strong>vexilli</strong></span> <span class='ocrx_word' id='word_1_280' title='bbox 1654 3787 1739 3874; x_wconf 81' lang='lat' dir='ltr'><strong>ima-</strong></span> 
     </span>
    </p>

    <p class='ocr_par' dir='ltr' id='par_1_7' title="bbox 185 3907 1743 5106">
     <span class='ocr_line' id='line_1_28' title="bbox 185 3907 1741 4010; baseline -0.002 -22"><span class='ocrx_word' id='word_1_281' title='bbox 185 3935 231 4008; x_wconf 88' lang='lat' dir='ltr'><strong>go</strong></span> <span class='ocrx_word' id='word_1_282' title='bbox 257 3912 381 4009; x_wconf 87' lang='lat' dir='ltr'><strong>capitis</strong></span> <span class='ocrx_word' id='word_1_283' title='bbox 407 3913 489 3992; x_wconf 91' lang='lat' dir='ltr'><strong>tetri</strong></span> <span class='ocrx_word' id='word_1_284' title='bbox 514 3916 550 3990; x_wconf 91' lang='lat' dir='ltr'><strong>et</strong></span> <span class='ocrx_word' id='word_1_285' title='bbox 575 3913 752 4010; x_wconf 86' lang='lat' dir='ltr'><strong>nigerrimi</strong></span> <span class='ocrx_word' id='word_1_286' title='bbox 779 3935 855 3988; x_wconf 91' lang='lat' dir='ltr'><strong>cum</strong></span> <span class='ocrx_word' id='word_1_287' title='bbox 882 3914 996 3988; x_wconf 91' lang='lat' dir='ltr'><strong>mento</strong></span> <span class='ocrx_word' id='word_1_288' title='bbox 1021 3907 1161 3988; x_wconf 88' lang='lat' dir='ltr'><strong>barbato</strong></span> <span class='ocrx_word' id='word_1_289' title='bbox 1192 3912 1392 3988; x_wconf 87' lang='lat' dir='ltr'><strong>habebatur.</strong></span> <span class='ocrx_word' id='word_1_290' title='bbox 1438 3907 1589 4006; x_wconf 83' lang='lat' dir='ltr'><strong>Signifer</strong></span> <span class='ocrx_word' id='word_1_291' title='bbox 1624 3908 1741 4002; x_wconf 88' lang='lat' dir='ltr'><strong>itaque</strong></span> 
     </span>
     <span class='ocr_line' id='line_1_29' title="bbox 186 4029 1740 4136; baseline -0.003 -28"><span class='ocrx_word' id='word_1_292' title='bbox 186 4032 284 4110; x_wconf 91' lang='lat' dir='ltr'><strong>illius</strong></span> <span class='ocrx_word' id='word_1_293' title='bbox 309 4035 441 4129; x_wconf 88' lang='lat' dir='ltr'><strong>vexilli,</strong></span> <span class='ocrx_word' id='word_1_294' title='bbox 477 4036 654 4110; x_wconf 77' lang='lat' dir='ltr'><strong>Thartaris</strong></span> <span class='ocrx_word' id='word_1_295' title='bbox 688 4035 732 4111; x_wconf 87' lang='lat' dir='ltr'><strong>ad</strong></span> <span class='ocrx_word' id='word_1_296' title='bbox 764 4033 864 4110; x_wconf 90' lang='lat' dir='ltr'><strong>unius</strong></span> <span class='ocrx_word' id='word_1_297' title='bbox 891 4032 994 4109; x_wconf 88' lang='lat' dir='ltr'><strong>stadii</strong></span> <span class='ocrx_word' id='word_1_298' title='bbox 1021 4031 1177 4136; x_wconf 90' lang='lat' dir='ltr'><strong>spatium</strong></span> <span class='ocrx_word' id='word_1_299' title='bbox 1205 4033 1324 4128; x_wconf 89' lang='lat' dir='ltr'><strong>pedem</strong></span> <span class='ocrx_word' id='word_1_300' title='bbox 1358 4031 1592 4124; x_wconf 87' lang='lat' dir='ltr'><strong>referentibus,</strong></span> <span class='ocrx_word' id='word_1_301' title='bbox 1623 4029 1659 4104; x_wconf 89' lang='lat' dir='ltr'><strong>in</strong></span> <span class='ocrx_word' id='word_1_302' title='bbox 1685 4029 1740 4105; x_wconf 89' lang='lat' dir='ltr'><strong>fu-</strong></span> 
     </span>
     <span class='ocr_line' id='line_1_30' title="bbox 186 4152 1741 4253; baseline -0.003 -22"><span class='ocrx_word' id='word_1_303' title='bbox 186 4177 335 4252; x_wconf 88' lang='lat' dir='ltr'><strong>gamque</strong></span> <span class='ocrx_word' id='word_1_304' title='bbox 362 4156 521 4252; x_wconf 93' lang='lat' dir='ltr'><strong>proclivis</strong></span> <span class='ocrx_word' id='word_1_305' title='bbox 535 4156 575 4253; x_wconf 84' lang='lat'><strong>⁷),</strong></span> <span class='ocrx_word' id='word_1_306' title='bbox 609 4159 712 4252; x_wconf 90' lang='lat' dir='ltr'><strong>caput</strong></span> <span class='ocrx_word' id='word_1_307' title='bbox 747 4157 836 4250; x_wconf 90' lang='lat' dir='ltr'><strong>quod</strong></span> <span class='ocrx_word' id='word_1_308' title='bbox 870 4155 990 4231; x_wconf 91' lang='lat' dir='ltr'><strong>hastili</strong></span> <span class='ocrx_word' id='word_1_309' title='bbox 1026 4153 1308 4250; x_wconf 83' lang='lat' dir='ltr'><strong>supereminebat,</strong></span> <span class='ocrx_word' id='word_1_310' title='bbox 1346 4152 1469 4229; x_wconf 87' lang='lat' dir='ltr'><strong>lortius</strong></span> <span class='ocrx_word' id='word_1_311' title='bbox 1504 4175 1569 4246; x_wconf 85' lang='lat' dir='ltr'><strong>quo</strong></span> <span class='ocrx_word' id='word_1_312' title='bbox 1606 4152 1741 4247; x_wconf 85' lang='lat' dir='ltr'><strong>poterat</strong></span> 
     </span>
     <span class='ocr_line' id='line_1_31' title="bbox 188 4271 1739 4375; baseline -0.003 -23"><span class='ocrx_word' id='word_1_313' title='bbox 188 4277 324 4372; x_wconf 87' lang='lat' dir='ltr'><strong>quatire</strong></span> <span class='ocrx_word' id='word_1_314' title='bbox 350 4277 480 4375; x_wconf 87' lang='lat' dir='ltr'><strong>eoepit:</strong></span> <span class='ocrx_word' id='word_1_315' title='bbox 508 4279 550 4355; x_wconf 93' lang='lat' dir='ltr'><strong>de</strong></span> <span class='ocrx_word' id='word_1_316' title='bbox 576 4301 642 4371; x_wconf 89' lang='lat' dir='ltr'><strong>quo</strong></span> <span class='ocrx_word' id='word_1_317' title='bbox 669 4277 762 4356; x_wconf 90' lang='lat' dir='ltr'><strong>illico</strong></span> <span class='ocrx_word' id='word_1_318' title='bbox 795 4301 909 4375; x_wconf 90' lang='lat' dir='ltr'><strong>vapor,</strong></span> <span class='ocrx_word' id='word_1_319' title='bbox 937 4279 1051 4354; x_wconf 82' lang='lat' dir='ltr'><strong>fumus</strong></span> <span class='ocrx_word' id='word_1_320' title='bbox 1078 4279 1113 4352; x_wconf 90' lang='lat' dir='ltr'><strong>et</strong></span> <span class='ocrx_word' id='word_1_321' title='bbox 1139 4277 1264 4352; x_wconf 89' lang='lat' dir='ltr'><strong>nebula</strong></span> <span class='ocrx_word' id='word_1_322' title='bbox 1289 4277 1360 4351; x_wconf 94' lang='lat' dir='ltr'><strong>tam</strong></span> <span class='ocrx_word' id='word_1_323' title='bbox 1387 4271 1608 4350; x_wconf 86' lang='lat' dir='ltr'><strong>foetidissimo</strong></span> <span class='ocrx_word' id='word_1_324' title='bbox 1634 4273 1739 4350; x_wconf 86' lang='lat' dir='ltr'><strong>exba-</strong></span> 
     </span>
     <span class='ocr_line' id='line_1_32' title="bbox 186 4393 1742 4493; baseline -0.003 -19"><span class='ocrx_word' id='word_1_325' title='bbox 186 4399 284 4492; x_wconf 90' lang='lat' dir='ltr'><strong>lavit,</strong></span> <span class='ocrx_word' id='word_1_326' title='bbox 313 4399 350 4474; x_wconf 91' lang='lat' dir='ltr'><strong>in</strong></span> <span class='ocrx_word' id='word_1_327' title='bbox 376 4401 553 4493; x_wconf 89' lang='lat' dir='ltr'><strong>totumque</strong></span> <span class='ocrx_word' id='word_1_328' title='bbox 580 4401 782 4476; x_wconf 90' lang='lat' dir='ltr'><strong>Polonorum</strong></span> <span class='ocrx_word' id='word_1_329' title='bbox 817 4399 1004 4477; x_wconf 86' lang='lat' dir='ltr'><strong>exercitum</strong></span> <span class='ocrx_word' id='word_1_330' title='bbox 1035 4420 1072 4474; x_wconf 91' lang='lat' dir='ltr'><strong>se</strong></span> <span class='ocrx_word' id='word_1_331' title='bbox 1099 4396 1303 4493; x_wconf 81' lang='lat' dir='ltr'><strong>superfudit,</strong></span> <span class='ocrx_word' id='word_1_332' title='bbox 1341 4397 1380 4471; x_wconf 94' lang='lat' dir='ltr'><strong>ut</strong></span> <span class='ocrx_word' id='word_1_333' title='bbox 1406 4417 1487 4491; x_wconf 88' lang='lat' dir='ltr'><strong>prae</strong></span> <span class='ocrx_word' id='word_1_334' title='bbox 1513 4393 1679 4470; x_wconf 91' lang='lat' dir='ltr'><strong>horrendo</strong></span> <span class='ocrx_word' id='word_1_335' title='bbox 1705 4397 1742 4470; x_wconf 95' lang='lat' dir='ltr'><strong>et</strong></span> 
     </span>
     <span class='ocr_line' id='line_1_33' title="bbox 186 4514 1743 4619; baseline -0.003 -25"><span class='ocrx_word' id='word_1_336' title='bbox 186 4519 396 4597; x_wconf 84' lang='lat' dir='ltr'><strong>intolerabili</strong></span> <span class='ocrx_word' id='word_1_337' title='bbox 432 4522 559 4598; x_wconf 86' lang='lat' dir='ltr'><strong>foetore</strong></span> <span class='ocrx_word' id='word_1_338' title='bbox 595 4523 788 4619; x_wconf 86' lang='lat' dir='ltr'><strong>pugnantes</strong></span> <span class='ocrx_word' id='word_1_339' title='bbox 823 4520 943 4598; x_wconf 92' lang='lat' dir='ltr'><strong>Poloni</strong></span> <span class='ocrx_word' id='word_1_340' title='bbox 978 4543 1064 4616; x_wconf 91' lang='lat' dir='ltr'><strong>pene</strong></span> <span class='ocrx_word' id='word_1_341' title='bbox 1100 4516 1331 4612; x_wconf 64' lang='lat' dir='ltr'><strong>exanimatio</strong></span> <span class='ocrx_word' id='word_1_342' title='bbox 1371 4517 1407 4594; x_wconf 91' lang='lat' dir='ltr'><strong>et</strong></span> <span class='ocrx_word' id='word_1_343' title='bbox 1442 4514 1608 4608; x_wconf 87' lang='lat' dir='ltr'><strong>extincti,</strong></span> <span class='ocrx_word' id='word_1_344' title='bbox 1636 4515 1672 4592; x_wconf 89' lang='lat' dir='ltr'><strong>et</strong></span> <span class='ocrx_word' id='word_1_345' title='bbox 1698 4515 1743 4590; x_wconf 88' lang='lat' dir='ltr'><strong>ad</strong></span> 
     </span>
     <span class='ocr_line' id='line_1_34' title="bbox 186 4637 1742 4739; baseline -0.005 -21"><span class='ocrx_word' id='word_1_346' title='bbox 186 4642 408 4739; x_wconf 88' lang='lat' dir='ltr'><strong>pugnandum</strong></span> <span class='ocrx_word' id='word_1_347' title='bbox 435 4641 590 4720; x_wconf 91' lang='lat' dir='ltr'><strong>imbelles</strong></span> <span class='ocrx_word' id='word_1_348' title='bbox 616 4644 652 4719; x_wconf 89' lang='lat' dir='ltr'><strong>ot</strong></span> <span class='ocrx_word' id='word_1_349' title='bbox 678 4641 818 4720; x_wconf 82' lang='lat' dir='ltr'><strong>invalidi</strong></span> <span class='ocrx_word' id='word_1_350' title='bbox 854 4642 1083 4719; x_wconf 89' lang='lat' dir='ltr'><strong>redderentur.</strong></span> <span class='ocrx_word' id='word_1_351' title='bbox 1129 4640 1271 4716; x_wconf 75' lang='lat' dir='ltr'><strong>Constat</strong></span> <span class='ocrx_word' id='word_1_352' title='bbox 1297 4637 1463 4733; x_wconf 86' lang='lat' dir='ltr'><strong>siquidem</strong></span> <span class='ocrx_word' id='word_1_353' title='bbox 1489 4637 1673 4712; x_wconf 73' lang='lat' dir='ltr'><strong>Thartaros</strong></span> <span class='ocrx_word' id='word_1_354' title='bbox 1698 4637 1742 4712; x_wconf 85' lang='lat' dir='ltr'><strong>ab</strong></span> 
     </span>
     <span class='ocr_line' id='line_1_35' title="bbox 186 4756 1741 4861; baseline -0.006 -21"><span class='ocrx_word' id='word_1_355' title='bbox 186 4764 321 4861; x_wconf 86' lang='lat' dir='ltr'><strong>origine</strong></span> <span class='ocrx_word' id='word_1_356' title='bbox 347 4786 410 4840; x_wconf 86' lang='lat' dir='ltr'><strong>sua</strong></span> <span class='ocrx_word' id='word_1_357' title='bbox 436 4765 471 4842; x_wconf 90' lang='lat' dir='ltr'><strong>st</strong></span> <span class='ocrx_word' id='word_1_358' title='bbox 498 4787 604 4858; x_wconf 90' lang='lat' dir='ltr'><strong>usque</strong></span> <span class='ocrx_word' id='word_1_359' title='bbox 631 4785 790 4861; x_wconf 88' lang='lat' dir='ltr'><strong>praesens</strong></span> <span class='ocrx_word' id='word_1_360' title='bbox 816 4763 853 4839; x_wconf 92' lang='lat' dir='ltr'><strong>in</strong></span> <span class='ocrx_word' id='word_1_361' title='bbox 878 4765 1014 4860; x_wconf 89' lang='lat' dir='ltr'><strong>tempus</strong></span> <span class='ocrx_word' id='word_1_362' title='bbox 1049 4761 1235 4855; x_wconf 90' lang='lat' dir='ltr'><strong>divinandi,</strong></span> <span class='ocrx_word' id='word_1_363' title='bbox 1273 4758 1476 4857; x_wconf 86' lang='lat' dir='ltr'><strong>augurandi,</strong></span> <span class='ocrx_word' id='word_1_364' title='bbox 1513 4756 1677 4834; x_wconf 88' lang='lat' dir='ltr'><strong>ariolandi</strong></span> <span class='ocrx_word' id='word_1_365' title='bbox 1706 4757 1741 4831; x_wconf 93' lang='lat' dir='ltr'><strong>et</strong></span> 
     </span>
     <span class='ocr_line' id='line_1_36' title="bbox 186 4877 1741 4983; baseline -0.005 -23"><span class='ocrx_word' id='word_1_366' title='bbox 186 4884 386 4964; x_wconf 89' lang='lat' dir='ltr'><strong>incantandi</strong></span> <span class='ocrx_word' id='word_1_367' title='bbox 412 4887 486 4964; x_wconf 84' lang='lat' dir='ltr'><strong>arte</strong></span> <span class='ocrx_word' id='word_1_368' title='bbox 512 4889 548 4963; x_wconf 89' lang='lat' dir='ltr'><strong>et</strong></span> <span class='ocrx_word' id='word_1_369' title='bbox 574 4885 717 4964; x_wconf 91' lang='lat' dir='ltr'><strong>scientia</strong></span> <span class='ocrx_word' id='word_1_370' title='bbox 749 4907 880 4983; x_wconf 91' lang='lat' dir='ltr'><strong>semper</strong></span> <span class='ocrx_word' id='word_1_371' title='bbox 906 4885 943 4961; x_wconf 91' lang='lat' dir='ltr'><strong>in</strong></span> <span class='ocrx_word' id='word_1_372' title='bbox 969 4884 1070 4962; x_wconf 92' lang='lat' dir='ltr'><strong>bellis</strong></span> <span class='ocrx_word' id='word_1_373' title='bbox 1105 4885 1141 4961; x_wconf 90' lang='lat' dir='ltr'><strong>et</strong></span> <span class='ocrx_word' id='word_1_374' title='bbox 1176 4883 1275 4960; x_wconf 87' lang='lat' dir='ltr'><strong>extra</strong></span> <span class='ocrx_word' id='word_1_375' title='bbox 1309 4901 1387 4958; x_wconf 90' lang='lat' dir='ltr'><strong>usos</strong></span> <span class='ocrx_word' id='word_1_376' title='bbox 1421 4879 1547 4974; x_wconf 81' lang='lat' dir='ltr'><strong>luisse,</strong></span> <span class='ocrx_word' id='word_1_377' title='bbox 1583 4879 1619 4955; x_wconf 87' lang='lat' dir='ltr'><strong>et</strong></span> <span class='ocrx_word' id='word_1_378' title='bbox 1644 4877 1741 4952; x_wconf 90' lang='lat' dir='ltr'><strong>illam</strong></span> 
     </span>
     <span class='ocr_line' id='line_1_37' title="bbox 186 5000 1741 5106; baseline -0.006 -20"><span class='ocrx_word' id='word_1_379' title='bbox 186 5007 293 5086; x_wconf 92' lang='lat' dir='ltr'><strong>etiam</strong></span> <span class='ocrx_word' id='word_1_380' title='bbox 320 5008 357 5084; x_wconf 93' lang='lat' dir='ltr'><strong>in</strong></span> <span class='ocrx_word' id='word_1_381' title='bbox 384 5007 568 5086; x_wconf 86' lang='lat' dir='ltr'><strong>certamine</strong></span> <span class='ocrx_word' id='word_1_382' title='bbox 594 5029 670 5087; x_wconf 90' lang='lat' dir='ltr'><strong>oum</strong></span> <span class='ocrx_word' id='word_1_383' title='bbox 687 5007 834 5086; x_wconf 43' lang='lat' dir='ltr'><strong>.Polonis</strong></span> <span class='ocrx_word' id='word_1_384' title='bbox 864 5009 947 5086; x_wconf 89' lang='lat' dir='ltr'><strong>tunc</strong></span> <span class='ocrx_word' id='word_1_385' title='bbox 982 5007 1079 5106; x_wconf 82' lang='lat' dir='ltr'><strong>gesto</strong></span> <span class='ocrx_word' id='word_1_386' title='bbox 1114 5003 1322 5093; x_wconf 82' lang='lat' dir='ltr'><strong>exercuisse3</strong></span> <span class='ocrx_word' id='word_1_387' title='bbox 1359 5025 1421 5079; x_wconf 90' lang='lat' dir='ltr'><strong>neo</strong></span> <span class='ocrx_word' id='word_1_388' title='bbox 1456 5001 1546 5079; x_wconf 91' lang='lat' dir='ltr'><strong>inter</strong></span> <span class='ocrx_word' id='word_1_389' title='bbox 1580 5000 1741 5076; x_wconf 84' lang='lat' dir='ltr'><strong>barbaras</strong></span> 
     </span>
    </p>
   </div>
   <div class='ocr_carea' id='block_1_3' title="bbox 141 5291 1742 5618">
    <p class='ocr_par' dir='ltr' id='par_1_8' title="bbox 141 5291 1742 5618">
     <span class='ocr_line' id='line_1_38' title="bbox 298 5291 1741 5388; baseline -0.01 -19"><span class='ocrx_word' id='word_1_390' title='bbox 298 5305 322 5386; x_wconf 79' lang='grc'><strong>1)</strong></span> <span class='ocrx_word' id='word_1_391' title='bbox 344 5306 414 5369; x_wconf 88' lang='lat' dir='ltr'><strong>inde</strong></span> <span class='ocrx_word' id='word_1_392' title='bbox 437 5308 586 5382; x_wconf 71' lang='lat' dir='ltr'><strong>ciuesque</strong></span> <span class='ocrx_word' id='word_1_393' title='bbox 608 5305 668 5368; x_wconf 75' lang='lat' dir='ltr'><strong>Ed.</strong></span> <span class='ocrx_word' id='word_1_394' title='bbox 690 5307 777 5384; x_wconf 73' lang='lat' dir='ltr'><strong>rapo.</strong></span> <span class='ocrx_word' id='word_1_395' title='bbox 809 5301 837 5388; x_wconf 71' lang='lat'><strong>⁹)</strong></span> <span class='ocrx_word' id='word_1_396' title='bbox 859 5305 1026 5382; x_wconf 85' lang='lat' dir='ltr'><strong>Biegapcie,</strong></span> <span class='ocrx_word' id='word_1_397' title='bbox 1049 5303 1201 5380; x_wconf 85' lang='lat' dir='ltr'><strong>biegaycie</strong></span> <span class='ocrx_word' id='word_1_398' title='bbox 1224 5299 1282 5365; x_wconf 77' lang='lat' dir='ltr'><strong>Ed.</strong></span> <span class='ocrx_word' id='word_1_399' title='bbox 1305 5299 1393 5378; x_wconf 73' lang='lat' dir='ltr'><strong>Lice.</strong></span> <span class='ocrx_word' id='word_1_400' title='bbox 1426 5294 1456 5379; x_wconf 74' lang='grc'><strong>8)</strong></span> <span class='ocrx_word' id='word_1_401' title='bbox 1479 5295 1650 5360; x_wconf 87' lang='lat' dir='ltr'><strong>catervatim</strong></span> <span class='ocrx_word' id='word_1_402' title='bbox 1670 5291 1741 5358; x_wconf 77' lang='lat' dir='ltr'><strong>(iod.</strong></span> 
     </span>
     <span class='ocr_line' id='line_1_39' title="bbox 188 5395 1742 5491; baseline -0.005 -17"><span class='ocrx_word' id='word_1_403' title='bbox 188 5410 266 5474; x_wconf 81' lang='lat' dir='ltr'><strong>Act.</strong></span> <span class='ocrx_word' id='word_1_404' title='bbox 305 5407 332 5491; x_wconf 82' lang='lat'><strong>⁴)</strong></span> <span class='ocrx_word' id='word_1_405' title='bbox 355 5411 470 5487; x_wconf 82' lang='lat' dir='ltr'><strong>Gorzcy</strong></span> <span class='ocrx_word' id='word_1_406' title='bbox 492 5412 553 5488; x_wconf 77' lang='lat' dir='ltr'><strong>rzip</strong></span> <span class='ocrx_word' id='word_1_407' title='bbox 575 5427 642 5473; x_wconf 88' lang='lat' dir='ltr'><strong>nem</strong></span> <span class='ocrx_word' id='word_1_408' title='bbox 665 5409 742 5472; x_wconf 82' lang='lat' dir='ltr'><strong>stolo</strong></span> <span class='ocrx_word' id='word_1_409' title='bbox 775 5407 846 5473; x_wconf 78' lang='lat' dir='ltr'><strong>(iod.</strong></span> <span class='ocrx_word' id='word_1_410' title='bbox 869 5411 964 5472; x_wconf 77' lang='lat' dir='ltr'><strong>Rorr.</strong></span> <span class='ocrx_word' id='word_1_411' title='bbox 1003 5405 1030 5487; x_wconf 60' lang='grc' dir='ltr'><strong>ι)</strong></span> <span class='ocrx_word' id='word_1_412' title='bbox 1053 5423 1237 5484; x_wconf 83' lang='lat' dir='ltr'><strong>pugrnamqne</strong></span> <span class='ocrx_word' id='word_1_413' title='bbox 1258 5406 1402 5480; x_wconf 82' lang='lat' dir='ltr'><strong>integram</strong></span> <span class='ocrx_word' id='word_1_414' title='bbox 1433 5401 1491 5475; x_wconf 77' lang='lat' dir='ltr'><strong>Ed.</strong></span> <span class='ocrx_word' id='word_1_415' title='bbox 1514 5399 1600 5488; x_wconf 76' lang='lat' dir='ltr'><strong>ilipa.</strong></span> <span class='ocrx_word' id='word_1_416' title='bbox 1640 5395 1742 5485; x_wconf 75' lang='lat' dir='ltr'><strong>‘lbo-</strong></span> 
     </span>
     <span class='ocr_line' id='line_1_40' title="bbox 141 5509 1392 5618; baseline -0.007 -37"><span class='ocrx_word' id='word_1_417' title='bbox 141 5595 143 5600; x_wconf 93' lang='lat'><strong>.</strong></span> <span class='ocrx_word' id='word_1_418' title='bbox 192 5517 270 5594; x_wconf 77' lang='lat' dir='ltr'><strong>stilis</strong></span> <span class='ocrx_word' id='word_1_419' title='bbox 296 5513 367 5598; x_wconf 74' lang='lat' dir='ltr'><strong>Occi.</strong></span> <span class='ocrx_word' id='word_1_420' title='bbox 390 5516 483 5598; x_wconf 77' lang='lat' dir='ltr'><strong>Rorr.</strong></span> <span class='ocrx_word' id='word_1_421' title='bbox 526 5513 965 5618; x_wconf 74' lang='lat' dir='ltr'><strong>⁷)proclivibusllool.1torr.</strong></span> <span class='ocrx_word' id='word_1_422' title='bbox 1004 5510 1201 5611; x_wconf 65' lang='lat' dir='ltr'><strong>⁸&gt;exprimes</strong></span> <span class='ocrx_word' id='word_1_423' title='bbox 1223 5510 1282 5574; x_wconf 80' lang='lat' dir='ltr'><strong>Ed.</strong></span> <span class='ocrx_word' id='word_1_424' title='bbox 1304 5509 1392 5588; x_wconf 68' lang='lat' dir='ltr'><strong>Lapa.</strong></span> 
     </span>
    </p>
   </div>
   <div class='ocr_carea' id='block_1_4' title="bbox 0 0 2077 6292">
    <p class='ocr_par' dir='ltr' id='par_1_9' title="bbox 0 0 2077 6292">
     <span class='ocr_line' id='line_1_41' title="bbox 0 0 2077 6292; baseline 0 0"><span class='ocrx_word' id='word_1_425' title='bbox 0 0 2077 6292; x_wconf 95' lang='lat' dir='ltr'><strong> </strong></span> 
     </span>
    </p>
   </div>
  </div>
 </body>
</html>
