4246 6274
187 565 244 662 (Α
264 567 311 642 D.
332 567 440 664 1147.)
799 589 912 666 arnna
939 591 1112 652 curuans.

186 776 309 852 testate
335 776 462 867 ablata,
492 775 634 850 exilium
661 776 787 851 inferre
806 778 842 850 et
859 777 1011 866 mortam,
1040 776 1205 870 regnandi
1232 775 1389 870 cupidine
1416 799 1547 854 ornnem
1574 777 1754 881 pietate

186 901 220 972 ab
246 896 547 992 archiepiscopalia
573 896 711 987 monita,
741 896 875 971 mulieri
903 897 965 971 soli
994 897 1190 992 morigerari
1217 900 1347 988 ardens,
1376 920 1514 992 perosus
1532 901 1761 974 maturabat.

184 1019 267 1094 Hac
284 1017 499 1113 responsione
525 1019 698 1094 dunradus
713 1020 789 1094 Rex
816 1019 897 1092 adeo
925 1019 1065 1110 tractus,
1095 1019 1314 1113 mollitosque
1340 1019 1402 1110 est,
1431 1021 1471 1092 ut
1496 1021 1605 1111 ardor,
1635 1043 1736 1112 quem

186 1141 229 1214 ad
255 1141 514 1234 promovendam
549 1161 685 1215 eausam
712 1139 895 1216 Wladislai
927 1141 1029 1214 Ducis
1056 1142 1257 1215 Polonorum
1293 1163 1335 1214 ex
1362 1139 1626 1235 ingeminatione
1653 1165 1735 1235 que·

185 1261 333 1335 rotarum
359 1259 544 1336 Wladislai
570 1263 605 1334 et
631 1283 711 1334 suaa
738 1261 901 1334 consortis
928 1261 1097 1352 hauserat,
1135 1283 1273 1355 prorsus
1299 1261 1335 1334 in
1362 1284 1400 1336 ao
1427 1261 1607 1338 deduxisse
1625 1262 1650 1356 ¹)
1676 1287 1736 1338 no-
1788 1327 1795 1364 „-

185 1384 328 1456 taretur.
373 1381 518 1457 Exulem
544 1381 684 1474 insuper
710 1381 937 1457 Wladislaum
964 1382 1123 1457 Potoniae
1159 1384 1285 1457 Ducem
1320 1404 1470 1477 carpens,
1507 1382 1595 1458 iuste
1621 1384 1656 1459 id
1683 1385 1736 1457 illi
1800 1392 1808 1455 ζ

185 1502 330 1576 exilium
356 1502 549 1598 contigisse,
587 1503 712 1578 iustam
748 1524 880 1598 quoque
915 1505 1061 1578 fratrum
1096 1526 1232 1578 suorum
1267 1503 1354 1577 iram
1390 1526 1463 1579 esse
1497 1503 1681 1580 deducebat
1696 1505 1735 1599 Ἰ).

184 1625 258 1718 Qua
284 1623 487 1699 correctione
522 1624 594 1718 ipse
629 1623 777 1718 amplius
814 1646 915 1718 quam
942 1624 1045 1699 exilio
1071 1627 1193 1714 tortus,
1231 1647 1363 1700 omnem
1390 1624 1443 1698 sui
1470 1625 1567 1729 exilii
1602 1627 1737 1720 eulpam

184 1747 219 1818 in
248 1747 436 1820 consortem
471 1745 653 1820 bristinam
688 1745 805 1820 tacitis
831 1747 867 1820 et
893 1747 1018 1820 crebris
1055 1745 1212 1840 suspiriis
1239 1746 1463 1839 retorquebat.
1510 1748 1550 1820 In
1578 1745 1739 1822 Almonis

134 1901 138 1909 ·
184 1869 300 1941 autem
326 1865 525 1958 consistens,
555 1889 600 1942 ex
625 1868 789 1942 honorato
816 1870 1038 1961 contemptus,
1067 1891 1110 1942 ex
1137 1867 1246 1942 divite
1268 1889 1405 1962 egenus,
1434 1890 1497 1942 usu
1525 1870 1559 1942 et
1582 1891 1736 1962 processu
1783 1849 1784 1852 ¹
1844 1917 1860 1943 -,„

183 1987 347 2083 temporis
374 2009 447 2062 esse
473 1988 594 2083 coepit.
643 1988 752 2062 Unica
787 2011 864 2082 spos
900 1988 943 2078 in¹
973 1989 1117 2063 fratrum
1155 1989 1366 2063 miseratione
1383 1986 1411 2080 ³)
1438 1992 1598 2080 restabat,
1636 2013 1738 2081 quam
1856 2015 1858 2018 ·

185 2131 262 2184 cum
289 2107 355 2183 sibi
381 2109 511 2185 videret
538 2110 666 2204 negari,
695 2109 845 2202 quotidie
872 2109 1051 2184 crescentis
1079 2110 1211 2204 inopiae
1237 2109 1351 2184 altiori
1379 2111 1509 2204 gemitu
1535 2111 1735 2206 vimperi·
1869 2097 1872 2152 ἓ

185 2231 294 2320 rebat,
323 2253 432 2323 neque
459 2251 543 2306 sea
569 2253 632 2305 sua
657 2231 852 2306 calamitate
878 2231 972 2308 brevi
998 2231 1179 2307 liberatum
1207 2231 1248 2305 iri
1275 2234 1444 2326 sperabat.

184 2601 297 2673 iturus
324 2548 540 2674 Romanorum
566 2601 635 2694 ilex
662 2600 704 2672 ad
730 2599 980 2692 recuperandam
1007 2601 1135 2674 Terram
1169 2603 1322 2674 Sanctam
1350 2602 1533 2673 cambuca
1568 2601 1739 2673 boloniae

182 2723 249 2796 iter
276 2721 360 2828 lacit
385 2741 441 2814 per
467 2723 647 2795 letaniam:
673 2722 729 2794 ubi
752 2740 808 2813 per
824 2722 1008 2794 boleslaum
1027 2725 1061 2794 ot
1079 2722 1198 2795 batres
1225 2722 1296 2795 eine
1324 2721 1446 2813 optima
1465 2739 1568 2813 usqne
1587 2721 1631 2794 ad
1649 2740 1738 2794 nare

356 2847 533 2934 trrcmtns,
559 2861 623 2916 non
650 2843 761 2935 potuit
786 2842 964 2917 wladislao
993 2843 1134 2934 mutiam
1161 2843 1247 2934 apud
1273 2843 1391 2916 botros
1419 2841 1574 2916 obtinere.

291 3085 335 3158 In
361 3083 549 3159 subsidium
576 3083 698 3158 Terrae
718 3081 860 3158 Sanctae
879 3083 1053 3158 duuradus
1070 3083 1298 3158 Romanorum
1324 3083 1412 3173 Rex,
1440 3083 1499 3174 qui
1517 3081 1584 3156 iam
1602 3106 1623 3156 a
1641 3083 1738 3158 beato

181 3206 383 3280 Bernhardo
409 3205 446 3278 in
472 3205 697 3279 lbanlrfordia
724 3226 827 3299 supra
841 3205 869 3298 4)
895 3206 1050 3280 Moenum
1067 3203 1095 3298 5)
1126 3227 1202 3279 cum
1230 3203 1360 3278 multis,
1376 3203 1590 3298 Principibus
1616 3205 1651 3279 et
1678 3206 1738 3278 ba-

181 3326 325 3402 ronibus
352 3325 552 3402 Germaniae
567 3325 594 3420 6)
621 3327 663 3400 ad
691 3315 884 3421 passagium
913 3327 1147 3420 complendum
1175 3348 1271 3401 cruce
1298 3325 1484 3420 insignitus
1511 3327 1596 3416 erat,
1625 3327 1738 3399 trans·

181 3449 387 3538 luctaturus,
425 3447 491 3521 iter
517 3467 615 3520 suum
653 3469 712 3540 per
747 3447 922 3521 Poloniam
958 3445 1194 3540 destinanda,
1232 3447 1321 3540 quod
1355 3449 1391 3521 et
1417 3445 1679 3540 compendiosior
1705 3449 1740 3520 et

182 3589 310 3664 expers
337 3567 562 3662 periculorum
590 3569 678 3642 esset
705 3567 772 3657 via,
809 3567 912 3643 simul
940 3569 1027 3660 quod
1053 3570 1212 3662 sperabat
1239 3566 1328 3641 inter
1354 3553 1586 3643 llllladislaurn¹
1611 3568 1740 3642 Ducem

181 3691 391 3764 Polonorum
417 3691 453 3764 et
478 3689 684 3778 Boleslaum,
721 3689 946 3782 Mpecnslaum
973 3690 1008 3764 et
1034 3689 1218 3763 Henricum
1255 3687 1436 3763 discordias
1471 3710 1534 3762 sua
1560 3687 1739 3782 interposi·
1821 3677 1833 3696 ‘

181 3812 279 3886 tione
307 3810 513 3885 sedatururu.
558 3809 622 3904 Qui
650 3831 724 3884 cum
753 3809 1026 3902 frequentissimo
1053 3812 1089 3884 et
1115 3809 1311 3904 Principum
1338 3813 1374 3884 et
1401 3811 1562 3882 baronum
1589 3831 1739 3899 numero,

182 3929 354 4024 equestris
389 3952 521 4024 quoque
542 3933 583 4006 et
610 3929 775 4025 pedestris
811 3929 938 4004 ordinis
966 3930 1076 4005 milite
1112 3931 1206 4023 (uam
1232 3932 1268 4004 et
1294 3929 1475 4005 Bohemiae
1501 3931 1580 4003 Dux
1605 3930 1739 4005 Wladi·

182 4053 278 4128 slaus
305 4052 514 4126 cumfratre
551 4071 711 4146 germano
746 4050 893 4126 Henrico
919 4053 955 4126 et
981 4051 1203 4146 Spitigneol)
1240 4050 1387 4145 patrueli
1414 4073 1449 4126 se
1476 4047 1530 4123 illi
1566 4071 1642 4124 cum
1669 4050 1740 4125 suis

181 4173 292 4268 copiis
319 4171 555 4266 coniunxerat)
583 4173 625 4246 ad
652 4171 738 4246 fines
764 4171 924 4247 Polouiae
951 4173 1157 4263 accessisset,
1186 4173 1363 4247 Boleslaus
1389 4173 1590 4246 Polonorum
1609 4172 1688 4246 Dux
1706 4173 1740 4247 et
1869 4195 1878 4206 ’

181 4294 368 4369 Monarcba
403 4316 480 4370 cum
515 4295 656 4402 utroque
693 4293 798 4369 fratre
834 4295 1021 4388 Myeczslao
1048 4296 1083 4369 et
1110 4293 1255 4368 Hearioo
1283 4293 1338 4395 illi
1364 4293 1407 4367 ad
1433 4291 1595 4367 terminos
1628 4292 1741 4388 Regni

180 4415 347 4491 Potoniae
374 4415 519 4491 occurrit
558 4417 593 4490 et
620 4437 679 4508 per
711 4435 825 4490 omnes
851 4415 1006 4509 regiones
1032 4414 1192 4490 Poloniae
1219 4416 1338 4510 Regno
1364 4413 1533 4489 subiectas
1559 4413 1652 4509 regio
1679 4437 1739 4509 ap·

182 4539 311 4632 paratu
339 4535 485 4630 excepit,
514 4558 694 4629 omnesque
721 4537 877 4630 sumptus
897 4538 940 4624 ,et
966 4538 1182 4626 commeatus,
1211 4535 1333 4627 quibus
1360 4535 1529 4611 exercitus
1555 4535 1670 4631 regius
1689 4534 1741 4609 in-

168 4658 338 4752 digebat,
366 4655 564 4747 liberaliter,
603 4659 642 4730 nt
668 4657 756 4751 Regi
784 4657 1012 4734 Romanorum
1039 4659 1075 4731 et
1100 4679 1137 4734 se
1163 4656 1364 4732 conveniens
1390 4658 1475 4750 erat,
1505 4656 1740 4731 subministra·

182 4779 238 4853 vit
265 4781 302 4852 et
328 4777 365 4851 in
392 4777 549 4852 honorem
576 4779 728 4852 (lassaris
755 4781 875 4872 pontes
902 4779 938 4852 in
965 4779 1170 4869 fluminibus,
1208 4777 1441 4869 transitusque
1482 4777 1639 4852 difficiles
1667 4801 1739 4852 mu-

183 4897 332 4992 nivit⁹).
374 4897 446 4992 Qua
472 4897 606 4991 quidem
645 4898 804 4974 comitate
840 4900 920 4974 adeo
947 4921 983 4974 se
1010 4899 1187 4974 Boleslaus
1213 4900 1292 4972 Dux
1319 4899 1353 4972 et
1380 4899 1504 4973 fratres
1531 4898 1584 4972 sui
1610 4899 1740 4992 Mycon-

182 5021 281 5094 slaus
309 5021 345 5094 et
365 5019 538 5097 ‚Henrious
565 5017 716 5094 dunrado
744 5021 970 5100 Romanorum
997 5020 1087 5114 Regi
1105 5022 1140 5095 et
1158 5019 1229 5094 suis
1256 5017 1470 5113 Principibus
1497 5019 1739 5110 insinuaverat,

283 5310 321 5390 '¹)
344 5315 375 5374 in
406 5315 507 5375 eodem
537 5315 685 5375 debilitari
718 5314 779 5375 mo.
809 5315 903 5376 Dobr.
943 5313 969 5392 ῃ)
993 5316 1119 5376 dicebat.
1147 5313 1218 5376 Cocl.
1249 5315 1342 5374 Reor.
1381 5310 1411 5391 3)
1433 5313 1635 5374 misericordia
1670 5314 1741 5377 Cod.

181 5421 280 5480 Rozr.
320 5413 348 5495 ⁴)
371 5419 450 5479 circa
472 5417 533 5480 Ed.
555 5419 649 5479 Dobr.
681 5415 708 5497 ⁶)
731 5419 829 5494 Maym
862 5419 932 5480 Ood.
957 5417 1030 5480 Aut.
1063 5416 1089 5497 ⁶)
1112 5420 1265 5480 Almaniae
1288 5417 1347 5478 Ed.
1370 5419 1464 5480 Dobr.
1505 5416 1653 5497 ⁷)iacere
1676 5419 1741 5478 des·

183 5523 293 5584 dinavit
319 5521 391 5584 God.
414 5523 506 5585 Reor.
546 5520 724 5602 ⁸)zoigneo
754 5523 814 5584 Ed.
838 5523 932 5584 Dobr.
972 5520 999 5601 9)
1024 5525 1150 5585 transitu
1174 5523 1342 5586 difficilibus
1366 5525 1536 5588 construxit.
1565 5523 1625 5587 Ed.
1647 5523 1741 5586 Dobr.
