4140 6298
128 551 405 649 (Α.ῦ.1240.)
670 499 672 511 Ι
756 577 868 629 muna
895 576 1049 630 sexsus.
1605 559 1681 634 261·

127 787 204 840 rum
232 766 442 842 constantem
469 765 587 840 cadere
613 767 757 860 poterat,
787 786 829 840 ne
856 763 976 838 ducale
1003 762 1135 838 facinus
1161 762 1197 838 in
1224 763 1463 844 scholasticum
1486 785 1590 840 suum
1622 766 1681 842 ad·

127 887 270 964 mimum
305 886 403 984 virge
441 885 628 982 apostolica
670 885 806 976 feriret,
849 885 967 962 mortis
1001 888 1157 982 respectu
1193 887 1386 962 constricto.
1431 886 1683 967 communicem

127 1011 246 1104 itaque
272 1009 419 1086 virorum
456 1009 660 1105 prudentum
686 1012 723 1085 et
749 1008 834 1084 iuris
860 1007 966 1084 divini
988 1011 1097 1103 atque
1133 1007 1271 1084 humani
1309 1009 1491 1104 peritorum
1528 1011 1679 1102 consitio,

127 1134 252 1208 Petrus
276 1130 485 1208 (lucanensis
520 1129 792 1227 archiepiscopus
828 1129 1003 1208 uniuersas
1033 1130 1194 1228 ecclesias
1220 1129 1256 1205 in
1283 1130 1456 1208 Ploccensi
1484 1131 1607 1208 diocesi
1635 1132 1683 1208 si·

127 1260 185 1346 tes
225 1257 263 1330 et
289 1253 480 1330 uniuersam
512 1254 724 1330 Ploccensem
760 1251 929 1344 diocesim,
968 1251 1080 1327 missis
1115 1252 1324 1347 processibus
1360 1253 1524 1349 publicio,
1560 1253 1684 1349 quibus

128 1382 201 1452 tam
230 1375 456 1472 abepiscopo
491 1377 527 1466 et
561 1375 670 1466 clero,
709 1397 808 1467 quam
836 1374 901 1470 a')
927 1375 1051 1470 populo
1086 1374 1257 1450 Pleccensi
1294 1373 1442 1470 paritum
1477 1378 1540 1468 est,
1576 1375 1683 1452 eccle·

127 1499 269 1576 siaetico
295 1496 457 1594 supponit
484 1496 675 1573 interdicte.
712 1495 832 1572 sorori
860 1495 1005 1592 primum
1034 1517 1087 1572 ros
1114 1497 1198 1573 baec
1223 1496 1314 1592 apud
1340 1496 1530 1574 Dunradum
1557 1499 1682 1574 Ducem

127 1621 209 1712 fuit,
238 1621 315 1716 pest
342 1619 474 1710 terrori,
510 1619 590 1694 dum
617 1617 782 1714 comperit
817 1620 955 1694 Petrum
992 1617 1220 1694 Gnesnensem
1249 1617 1536 1714 archiepiscopum
1564 1619 1684 1696 acriori

126 1724 273 1819 censura
300 1741 335 1816 in
363 1764 399 1816 se
426 1763 577 1830 usurum,
606 1740 718 1816 subito
744 1762 825 1836 ergo
851 1740 895 1815 ad
923 1739 1166 1836 percutientem
1183 1738 1212 1834 ²)
1238 1762 1428 1831 conversus,
1457 1739 1570 1816 missis
1597 1763 1682 1816 nun·

126 1865 201 1956 tiis,
229 1865 430 1940 conuentum
458 1861 523 1938 sihi
550 1860 623 1938 dari
652 1861 750 1958 petit.
775 1863 850 1954 Quo
876 1861 966 1956 apud
992 1859 1185 1938 Lanciciam
1213 1860 1383 1952 instituto,
1412 1861 1585 1938 Dunredua
1611 1862 1684 1938 hla-

126 1986 244 2064 souiae
271 1985 349 2062 Dux
376 1984 460 2060 illuc
487 1984 710 2080 personaliter
744 2005 820 2060 cum
846 1983 984 2058 Andron
1019 1981 1192 2058 Plocuensi
1230 1981 1383 2079 episcopo
1422 1985 1459 2062 et
1483 1983 1685 2060 consiliariis

126 2107 324 2199 adueniens,
361 2106 462 2202 signa
495 2104 724 2203 poenitentiae
750 2105 791 2181 de
818 2104 965 2180 admissa
991 2103 1026 2180 in
1053 2103 1225 2180 christum
1257 2103 1481 2200 mminunu
1520 2128 1600 2182 nece
1625 2106 1683 2182 dc·

126 2229 194 2320 dit,
222 2253 260 2304 se
285 2251 417 2324 quoque
446 2251 512 2330 pro
531 2227 690 2304 diluendo
717 2227 807 2324 apud
834 2226 1013 2302 Dominum
1041 2225 1190 2304 facinore
1224 2226 1413 2320 quamlibet
1439 2226 1683 2322 poenitentiam
1808 2229 1811 2234 '

126 2353 317 2428 salutarem
353 2351 504 2426 laturum
535 2349 713 2426 astrinxit.
750 2348 945 2424 Diffinitum
974 2348 1121 2440 tandem,
1159 2349 1251 2426 Duce
1285 2348 1437 2426 Dunrado
1473 2349 1592 2426 taliter
1618 2337 1683 2426 hu·

128 2473 283 2565 miliato,
320 2475 356 2548 et
391 2474 434 2548 ab
460 2471 616 2573 omnihus
651 2471 828 2548 laudatum
863 2473 899 2547 et
925 2473 1099 2566 acceptum
1126 2473 1199 2548 est:
1241 2473 1280 2546 ut
1315 2469 1351 2546 in
1386 2469 1613 2568 expiationem
1649 2474 1686 2550 et

127 2594 368 2698 purgationem
384 2594 413 2690 ⁴)
448 2591 617 2670 commissi
654 2592 826 2688 paricidii,
862 2592 979 2668 villam
1015 2591 1144 2668 houicn
1180 2614 1255 2668 curn
1291 2591 1388 2668 silvis
1423 2595 1459 2668 et
1494 2593 1685 2670 nemoribus

127 2699 206 2794 eam
224 2697 269 2792 ⁴in
296 2715 441 2793 circuitu
468 2714 706 2806 ambientibus,
735 2737 821 2810 qnae
848 2715 1016 2810 quondam
1043 2713 1173 2790 ducalis
1199 2714 1333 2791 venatio
1352 2715 1549 2806 habebatur,
1577 2715 1683 2792 eccle·

128 2839 185 2916 sia
210 2836 419 2916 Gnesneusis
444 2841 481 2914 et
506 2836 579 2914 eiua
607 2835 782 2933 pontifices
810 2838 973 2932 perpetuo
1000 2834 1072 2912 iure
1099 2834 1303 2932 possideant,
1331 2837 1458 2914 Ducem
1479 2837 1594 2912 mmen
1612 2837 1684 2912 lla·

127 2961 244 3040 suriae
271 2982 373 3036 unam
401 2981 547 3036 marcam
574 2957 650 3034 auri
676 2958 834 3036 solvendo
869 2959 1122 3054 recognoscant,
1158 2958 1195 3034 ot
1221 2955 1368 3052 quilibet
1398 2956 1605 3036 (lucanensis
1629 2981 1684 3036 ec·

127 3083 256 3161 clasiae
288 3080 440 3186 ,antistes
480 3079 657 3158 canoniam
698 3079 960 3176 praebendulam
1000 3078 1036 3154 in
1072 3077 1244 3156 Plocaensi
1285 3078 1427 3156 ecclesia
1461 3078 1613 3156 obtineat
1650 3081 1686 3155 et

127 3204 313 3284 canonicus
340 3204 441 3280 natus
472 3200 663 3280 Ploccensis
698 3204 892 3290 censeatur3
930 3199 1083 3278 ecclesiis
1118 3222 1195 3278 uero
1230 3199 1510 3278 Wludislaviensi
1544 3204 1580 3278 et
1606 3202 1685 3278 Plo·

127 3326 244 3406 coensi
272 3324 596 3416 centurionatus,
624 3322 709 3415 iura,
738 3322 937 3400 donationes
963 3323 1115 3398 conferat
1141 3324 1304 3418 perpetuo
1331 3322 1523 3399 duraturas.
1558 3322 1686 3400 Datim·

128 3449 225 3526 tione
252 3448 369 3544 itaque
395 3445 587 3523 huiusmodi
614 3447 767 3542 probata,
804 3443 982 3521 donatione
1017 3439 1122 3520 etiam
1153 3445 1194 3522 de
1220 3443 1360 3542 uillagio
1395 3443 1525 3520 horrica
1552 3446 1587 3521 et
1613 3442 1687 3521 eius

128 3569 355 3668 appendis‘)
381 3567 543 3646 ecclesiae
569 3565 756 3644 Gnesnensi
785 3589 844 3662 per
870 3568 996 3642 Ducem
1023 3566 1215 3642 Guuradum
1250 3566 1418 3644 llasoviae
1454 3569 1554 3644 uerbo
1580 3569 1617 3645 et
1643 3567 1685 3642 li·

129 3691 217 3769 teris
234 3693 398 3782 roborata,
428 3692 550 3767 Petrus
577 3687 785 3766 Guesnensis
815 3687 1087 3794 archiepiscopus
1114 3687 1241 3764 Ducem
1268 3687 1458 3764 Gunradum
1486 3691 1521 3765 et
1547 3712 1568 3764 a
1590 3691 1686 3766 reatu

130 3811 305 3912 patricidii
331 3811 375 3888 ad
402 3811 570 3888 cautelam
596 3809 743 3888 absoluit
769 3812 805 3887 et
832 3808 1050 3914 interdictum
1072 3808 1226 3902 sustulit,
1254 3808 1435 3903 diuinaque
1463 3808 1497 3884 in
1524 3810 1685 3900 Ploccen·

130 3936 163 4011 si
190 3933 313 4012 diocesi
328 3933 360 4028 6)
384 3930 520 4026 resumi,
549 3933 585 4008 et
611 3932 738 4010 Ducem
764 3931 955 4008 Gunradum
987 3929 1171 4027 pleniorem
1197 3929 1442 4008 absolutionem
1469 3931 1561 4027 apud
1586 3932 1686 4008 Suru-

130 4079 227 4133 mum
244 4054 453 4134 Pontificem
481 4057 596 4150 peloro
623 4052 807 4130 mandarit.
837 4053 962 4128 Verum
990 4053 1150 4160 Summus
1176 4051 1338 4130 Pontifex
1363 4051 1549 4149 Gregorius
1566 4076 1684 4146 nonus,

129 4176 390 4268 absolutionem,
418 4198 520 4272 quam
547 4177 670 4252 Petrus
696 4173 969 4271 archiepiscopus
991 4171 1198 4274 Guesucpsis
1224 4172 1308 4250 Duci
1336 4174 1488 4252 cunrado
1514 4173 1686 4274 impende·

130 4303 200 4391 rat,
228 4297 450 4396 pronuntians
486 4295 620 4374 irritam
646 4298 682 4374 et
709 4295 854 4390 inanem,
891 4296 1039 4374 Thomas
1074 4294 1350 4374 Wratislarienai
1377 4293 1533 4400 episcope
1559 4297 1595 4372 et
1620 4295 1686 4374 ue-

131 4421 233 4498 rardo
259 4417 468 4498 Gracouiensi
504 4417 706 4496 scholastico
740 4417 834 4494 dedit
859 4417 895 4492 in
923 4416 1103 4510 mandatis,
1132 4419 1172 4494 ut
1198 4419 1334 4514 recepta
1368 4418 1507 4494 aDuco
1535 4417 1688 4494 cunrado
1837 4433 1841 4444 ⁴

132 4541 302 4638 condigna
328 4538 571 4632 satisfactione,
599 4539 823 4617 absolutionis
855 4537 1055 4616 beneficium
1082 4537 1190 4616 eidem
1217 4538 1461 4636 impenderent.
1506 4537 1569 4636 Qui
1597 4537 1686 4635 prio·

132 4649 204 4742 rem
232 4661 498 4740 satisfactionem
534 4665 570 4740 et
596 4661 782 4738 Gnesnensi
818 4663 855 4738 el
880 4659 1158 4740 Wladislauiensi
1189 4663 1225 4738 et
1251 4660 1423 4750 Ploccensi
1450 4660 1601 4738 ecclesiis
1629 4683 1688 4756 per

132 4783 327 4863 cunradum
353 4784 479 4860 Ducem
506 4785 633 4860 factam
667 4784 904 4880 approbantes,
941 4783 1066 4860 Ducam
1104 4781 1294 4878 praefatum
1330 4804 1352 4858 a
1383 4783 1478 4858 reatu
1503 4781 1686 4877 patricidii,

132 4907 257 4984 exacta
284 4903 439 5002 perprius
465 4928 486 4980 a
512 4903 594 4979 filiis
630 4904 774 5000 praefati
801 4903 906 4981 Ducis
932 4902 1098 4996 Duuradi,
1140 4903 1294 4980 Boleslae
1320 4901 1488 4980 blasouiae
1520 4904 1557 4979 et
1582 4902 1687 4978 Kaai·

134 5028 221 5106 miro
246 5025 414 5124 Dupaeiae
440 5025 601 5120 Ducibus,
629 5027 777 5102 omnium
800 5048 926 5119 eorum,
946 5048 1031 5122 quae
1048 5025 1224 5102 cunradus
1249 5025 1328 5100 Dux
1354 5023 1507 5102 ecclesiis
1525 5023 1689 5121 praetatis

245 5321 269 5400 ¹)
291 5323 329 5384 ab
352 5323 508 5398 episcopis,
535 5338 623 5397 quam
645 5322 725 5384 clero
748 5329 779 5384 ct
804 5321 875 5384 0001.
899 5323 992 5384 Reor.
1031 5319 1058 5399 Ξ)
1080 5323 1291 5397 poeniteutiam
1317 5319 1389 5384 sou.
1412 5320 1505 5384 moer.
1534 5321 1688 5396 peoniten-

134 5429 204 5490 dum
228 5427 288 5490 Ea.
309 5427 404 5490 Dobr.
443 5423 471 5504 ³)
494 5426 642 5490 Christum
664 5425 721 5487 Dei
751 5427 811 5486 Ed.
835 5427 930 5488 Dobr.
970 5422 996 5510 ⁴)
1020 5427 1261 5512 expurgat-ionem
1294 5425 1355 5495 Ed.
1378 5425 1471 5494 Debr.
1511 5420 1538 5504 ο)
1561 5425 1687 5491 atticen.

135 5533 188 5598 tiis
214 5527 286 5595 God.
310 5532 402 5600 Rom.
442 5527 470 5618 ο)
493 5531 620 5604 ecclesie
645 5527 716 5605 God.
740 5531 833 5605 Rem,
