4192 6272
162 579 231 678 (Α.
250 579 302 656 D.
322 578 443 675 1289.)
785 603 897 655 arens
924 603 1117 657 suasanus.
1638 589 1713 659 497

157 789 230 863 lum
257 784 476 864 et'honorem
504 787 765 882 gloriosissimae
792 789 946 885 Virginis
981 790 1126 882 Mariae,
1155 790 1277 865 fundat
1312 791 1554 866 monasterium
1589 793 1716 867 ordinis

157 909 432 985 Praedicatorum
458 909 493 982 in
521 909 696 984 Tsohozou
723 910 808 984 alias
836 911 882 984 in¹
898 911 1075 986 Dersohou
1096 912 1131 1005 ¹),
1171 913 1299 987 donans
1332 912 1535 986 monasterio
1572 915 1608 987 et
1646 915 1715 986 fr·

155 1029 268 1105 tribus
296 1029 490 1106 monasterii
519 1030 666 1124 praelati
693 1053 805 1104 aream
822 1031 851 1125 ⁹)
886 1033 921 1106 et
959 1031 1239 1107 inhabitationem
1276 1055 1296 1105 a
1331 1033 1415 1127 pede
1453 1033 1578 1107 montis
1614 1057 1715 1128 propa

157 1151 306 1228 Wislam
322 1149 350 1246 3)
377 1151 436 1226 siti
463 1173 579 1227 uersus
606 1151 780 1242 orientem,
809 1173 915 1244 usqne
943 1153 984 1226 ab
1011 1153 1214 1229 cimiterium
1250 1154 1442 1248 parochiale
1477 1176 1592 1230 uersus
1628 1155 1713 1228 oooi·

156 1272 313 1361 dentem;
341 1296 362 1347 a
390 1272 526 1346 meridie
554 1274 666 1347 autern
694 1295 715 1347 a
741 1274 857 1367 platea
884 1273 1055 1365 ciuitatis,
1085 1297 1169 1366 quoe
1196 1297 1217 1348 a
1244 1275 1315 1348 foro
1342 1274 1468 1349 direoto
1494 1275 1607 1349 tendit
1633 1298 1706 1350 rer·

157 1414 216 1467 eus
243 1393 404 1485 Wislam,
434 1414 542 1485 usque
569 1394 611 1466 ad
638 1387 797 1488 aggerem
824 1393 1005 1468 interduo
1028 1395 1156 1469 fossata
1192 1394 1340 1488 positum
1376 1395 1465 1468 inter
1501 1395 1712 1488 aquilonem;

155 1515 241 1589 dans
256 1513 284 1608 ⁴)
311 1514 360 1590 eis
387 1515 590 1608 potestatem
617 1517 652 1589 ot
677 1513 850 1590 licentiam
878 1515 913 1588 in
940 1515 1095 1590 universo
1122 1515 1320 1609 Prinoipatn
1347 1537 1408 1589 suo
1434 1516 1541 1610 ligna,
1569 1516 1711 1610 lapidee,

154 1637 347 1711 oernentnm
374 1635 557 1730 reeipiendi
578 1637 619 1710 et
646 1635 795 1710 soidendi
823 1638 857 1711 et
884 1635 1107 1726 comburendi,
1135 1635 1172 1709 in
1187 1636 1215 1729 6)
1241 1635 1354 1711 Wisla
1380 1637 1415 1710 et
1442 1635 1477 1709 in
1495 1636 1626 1726 rivulis,
1648 1637 1710 1710 ilu-

155 1755 221 1830 riis
248 1759 282 1830 et
308 1756 515 1831 torrentibus
542 1759 577 1831 et
603 1755 811 1849 quibuslibet
837 1757 934 1849 aquis
962 1756 1085 1831 oiroum
1113 1755 1284 1832 ciuitatem
1326 1757 1500 1831 Tsohonou
1531 1757 1712 1830 fluentibus

156 1876 299 1953 liberam
326 1876 545 1972 piscaturam,
573 1876 655 1951 item
683 1898 742 1970 per
768 1877 916 1953 Wislam
953 1877 1092 1952 nauluru
1130 1878 1165 1950 et
1199 1875 1381 1951 transitum
1416 1877 1560 1952 liberum
1587 1879 1712 1969 absquo

156 1997 247 2072 omni
274 1997 424 2074 thelonei
451 2000 486 2072 et
513 1998 607 2071 nauli
634 1997 811 2082 solutione.

154 2363 337 2438 kazimirus
363 2361 544 2454 opoliensis
571 2363 605 2435 ot
631 2359 865 2435 Bithomiensis
900 2358 978 2434 llax'
1009 2379 1073 2433 non
1109 2361 1179 2434 sino
1206 2361 1323 2434 iniuria
1358 2360 1459 2454 Regni
1493 2363 1646 2439 latoniae
1669 2365 1708 2456 ,el

536 2482 589 2554 sui
616 2483 795 2586 ignominia
820 2481 991 2556 Rota-iao
1018 2482 1096 2555 lluoi
1123 2500 1160 2555 se
1187 2483 1329 2556 sntiioit.
1536 2479 1542 2484 ’

257 2725 366 2822 (luam
392 2725 547 2820 pluribus
573 2725 823 2822 largitionibus,
852 2725 1008 2801 donisel
1036 2724 1220 2821 promissis,
1249 2725 1444 2840 Kanimirus
1462 2725 1652 2822 Opoliensis
1671 2727 1707 2802 et

150 2845 397 2922 Bithomiensis
423 2849 513 2940 Dux,
541 2847 724 2924 Wladislai
751 2849 921 2939 qnondam
948 2847 1139 2942 Opolisnsis
1177 2847 1280 2922 Dnois
1316 2847 1428 2940 filius,
1456 2871 1478 2922 a
1504 2847 1704 2924 Weneeslao

152 2969 337 3044 Bohemiae
363 2970 454 3063 Duos
482 2970 657 3064 pellectus,
687 2969 804 3064 stirpis
829 2990 911 3044 suae
936 2968 1051 3065 regiae
1077 2970 1112 3044 ot
1134 2968 1309 3063 prosapiae
1341 2968 1583 3060 nobilissimae,
1605 2991 1706 3062 quarn

152 3113 176 3165 a
201 3089 355 3186 Regibus
382 3091 583 3165 Polonornm
609 3091 770 3182 ducebat,
799 3090 944 3184 oblitus,
974 3115 1040 3165 non
1076 3091 1165 3165 bello
1200 3089 1330 3182 rietus,
1358 3113 1424 3165 non
1460 3089 1705 3184 irruptionibus
1851 3079 1853 3086 ’

154 3211 339 3288 hostilibus
364 3212 505 3305 fraotus,
534 3236 600 3287 non
628 3212 771 3306 denique
797 3211 913 3306 aliqua
939 3211 1105 3306 probabili
1141 3213 1203 3287 ant
1228 3209 1375 3287 euidenti
1403 3209 1603 3287 nenessitate
1630 3233 1706 3304 pro·

153 3335 304 3425 stratus,
326 3399 329 3410 .
350 3333 407 3409 sed
450 3332 663 3408 temerariam
698 3335 733 3408 et
776 3355 913 3408 avaram
948 3335 1082 3407 seontus
1124 3333 1291 3424 montom,
1333 3331 1479 3406 dominio
1514 3333 1549 3406 et
1584 3331 1706 3405 ditioni

152 3455 298 3549 praefati
325 3453 517 3531 Weneeslai
545 3454 647 3528 Duois
674 3453 855 3530 Bohemiae
889 3454 1046 3547 (neodurn
1073 3453 1162 3528 enirn
1191 3453 1227 3526 in
1253 3453 1383 3548 Regem
1398 3452 1426 3546 ⁶)
1454 3454 1589 3528 oreatus
1615 3435 1707 3545 erat)¹

151 3598 189 3651 se
215 3575 363 3668 subiicit,
392 3597 427 3650 se
454 3575 549 3649 illius
577 3578 612 3650 et
638 3574 820 3649 Bohemiae
847 3574 981 3669 Regni,
1020 3597 1087 3647 non
1124 3573 1159 3647 in
1195 3572 1248 3646 sui
1276 3573 1405 3664 solum,
1443 3573 1501 3647 sed
1528 3575 1564 3647 et
1588 3573 1706 3666 stirpis

152 3717 235 3773 suas
261 3699 297 3772 et
322 3695 453 3772 Duonm
481 3695 641 3770 Poloniae
668 3696 820 3788 dodonus,
849 3695 1027 3790 Regnique
1054 3695 1212 3769 Poloniae
1238 3715 1407 3769 enormem
1425 3692 1583 3766 iniuriam
1602 3696 1705 3784 atque

151 3815 324 3911 offensam,
353 3819 519 3894 vasallum
547 3820 582 3892 ot
608 3816 795 3894 subiectum
822 3817 1004 3911 professus.
1156 3887 1161 3900 ,
1380 3800 1384 3806 ’

211 4183 366 4260 litrioum
392 4201 487 4258 snum
514 4184 707 4259 levissimo
732 4181 902 4258 solonius
928 4181 1001 4256 ltux
1026 4181 1133 4255 minus
1159 4199 1254 4256 roras
1281 4179 1405 4255 nonen
1432 4180 1657 4255 insimulatum

715 4305 863 4396 eaptirat
890 4307 924 4378 et
951 4303 1133 4377 ottrnnoat

254 4545 421 4621 Vitrionm
457 4567 555 4619 snum
590 4545 789 4620 Ranissium
816 4547 856 4621 de
883 4543 1163 4638 Rosnmberlrb,
1192 4543 1312 4617 matris
1339 4542 1496 4618 videlieet
1521 4566 1602 4618 snae
1628 4543 1701 4616 Ku-

149 4667 317 4763 negundis
344 4667 514 4758 maritum,
542 4667 725 4742 multorum
753 4667 975 4742 Bohomomm
1003 4665 1178 4740 simultate
1213 4666 1249 4739 et
1284 4663 1431 4756 inuidia,
1461 4664 1584 4759 partirn
1613 4664 1704 4738 iusta

149 4788 276 4885 partim
303 4787 393 4881 liuta,
425 4787 647 4865 Wenoeslaus
673 4788 855 4863 Bohemiae
881 4789 960 4861 Dux
986 4787 1077 4881 apud
1104 4808 1139 4860 se
1166 4785 1401 4859 insimulatum
1430 4807 1579 4880 perosus,
1600 4785 1702 4860 etiam

149 4910 251 4985 illum
277 4910 318 4984 de
345 4908 563 5004 capitaneatn
598 4908 788 5001 Bohemiae,
818 4908 853 4982 in
881 4929 979 4999 quem
1006 4907 1106 4980 illum
1132 4909 1300 4997 erexerat,
1329 4905 1454 4980 deiioit.
1482 4904 1545 5001 Qui
1572 4905 1704 4980 nouiter

149 5031 234 5108 editi
260 5053 281 5105 a
306 5053 343 5106 se
369 5031 409 5106 de
436 5029 510 5105 filia
535 5029 718 5108 Wladislai
745 5029 942 5126 Hungariae
969 5028 1086 5124 Regis,
1115 5050 1216 5120 quan
1243 5027 1398 5102 nonnulli
1426 5026 1604 5102 monialem
1623 5047 1699 5121 pro·

159 5326 163 5334 '
268 5321 293 5406 ¹)
315 5327 454 5387 Tuscum
476 5326 537 5385 sive
559 5325 718 5386 Dersoharr
740 5325 801 5385 Eri.
824 5325 910 5400 Lips.
935 5321 962 5400 ⁹)
984 5339 1080 5383 arcem
1103 5322 1161 5382 Ed.
1187 5318 1270 5398 Ltps.
1301 5319 1329 5398 3)
1350 5337 1443 5395 prope
1465 5319 1583 5380 flavium
1605 5319 1702 5380 Wisla

150 5426 223 5494 coo.
246 5430 340 5491 Roar.
364 5425 393 5507 ⁴)
416 5426 491 5490 (lans
513 5430 634 5503 insuper
668 5427 738 5488 Ood.
762 5429 854 5489 Roar.
887 5425 914 5508 ⁵)
936 5445 990 5487 neo
1013 5445 1071 5487 non
1097 5425 1168 5487 (lod.
1191 5427 1285 5487 Roar.
1318 5421 1345 5502 ⁶)
1367 5425 1499 5498 Regnum
1529 5425 1589 5485 Ed.
1612 5425 1699 5500 Lips.

150 5532 178 5613 τ)
199 5533 383 5606 Rozemberg
406 5527 477 5594 Ood.
501 5533 593 5593 Roar.

199 5667 222 5713 J.
234 5668 329 5722 Dlrrges.
342 5667 429 5712 Hister.
442 5666 522 5708 Polou.
537 5665 562 5710 Τ,
577 5666 609 5710 11.
1512 5651 1544 5698 68
