4192 6272
150 521 212 620 (Α.
233 519 420 618 Β.1289.)
766 544 878 598 arnna
905 544 1099 598 snurrmos.
1627 527 1701 598 495

150 731 310 808 ecclesiae
335 733 370 808 et
397 730 607 827 episcopatui
634 731 909 808 Wnatislaviensi
950 733 1113 826 perpetua
1139 732 1175 806 et
1201 730 1412 807 irrevocabili
1440 730 1619 806 donatione
1646 731 1702 806 de·

152 854 313 953 crevisset
339 853 499 944 conferre,
529 852 595 926 nisi
623 854 768 928 Thomas
795 853 1091 929 Wratislaviausis
1119 852 1297 946 episcopus
1333 852 1546 928 donationem
1583 852 1703 947 ipsam,

149 975 280 1050 veritus
307 996 344 1049 se
370 973 543 1050 civitatem
571 996 726 1068 processu
753 974 882 1050 dierum
919 977 962 1050 ab
1003 975 1121 1050 hostili
1159 973 1335 1050 invasione
1368 973 1456 1050 tueri
1492 997 1557 1049 non
1595 995 1702 1069 posse,

149 1099 306 1192 patenter
333 1098 368 1171 et
394 1118 552 1191 expresse
579 1096 762 1172 abnuisset.

603 1456 812 1570 ANNUS
847 1456 1072 1569 DOMINI
1108 1455 1248 1570 1289.

151 1707 271 1779 lestko
299 1706 394 1797 lliger
420 1706 652 1795 traconensis,
680 1703 949 1778 Sandonlriensis
978 1708 1013 1777 et
1039 1704 1236 1778 siscliensis
1262 1705 1334 1776 ltux
1360 1704 1514 1797 moritum
1542 1709 1620 1796 post
1647 1725 1703 1778 cu-

152 1828 205 1899 ius
233 1832 371 1900 rnortern
399 1846 471 1900 cunr
493 1828 632 1900 barones
660 1830 694 1898 et
721 1827 843 1899 milites
868 1827 1052 1900 boleslaum
1078 1826 1244 1901 basonus
1270 1827 1389 1898 lucen
1416 1826 1594 1916 elegissent
1621 1831 1655 1899 ct
1672 1825 1706 1898 in

149 1967 258 2021 succ·
285 1949 528 2022 cracoviensem
554 1947 771 2037 induxissent,
799 1949 887 2020 cives
914 1951 1025 2020 tanuen
1052 1948 1290 2037 bruccvieusss,
1317 1948 1449 2020 lleuricu
1475 1949 1560 2019 llucs
1587 1948 1705 2020 llrsti·

300 2066 457 2144 stadensi
483 2070 655 2159 accersito,
683 2070 818 2142 civitate
846 2068 876 2141 si
902 2069 1036 2159 trudito,
1064 2069 1097 2140 in
1125 2068 1273 2160 eligendo
1300 2070 1558 2160 praevaluemnt.
1634 2107 1637 2112 ·

255 2310 367 2386 Variis
394 2310 546 2387 cladibus
572 2312 608 2386 et
634 2309 734 2385 bellis
761 2312 824 2385 sub
851 2308 992 2385 triennii
1019 2308 1131 2405 spatio
1167 2309 1351 2386 infeliciter
1386 2307 1515 2405 gestis,
1544 2308 1703 2384 caeteris·

151 2453 218 2524 que
244 2433 316 2506 tam
343 2431 535 2508 domesticis
572 2455 672 2526 quam
699 2431 850 2508 externis
885 2431 1039 2524 casibus,
1066 2433 1128 2506 sub
1163 2431 1252 2507 idem
1288 2432 1423 2526 tempus
1458 2430 1700 2521 accidentibus,

149 2553 278 2628 Irestko
304 2553 411 2649 Niger
437 2553 676 2646 traconensis,
706 2549 988 2630 Sandomiriensis
1015 2554 1049 2627 et
1076 2551 1280 2628 Siradiensis
1314 2553 1394 2626 Dux
1419 2553 1580 2644 vexatus,
1608 2551 1706 2647 gravi

152 2674 345 2768 rnoerore1)
372 2677 407 2750 ot
433 2674 556 2750 mentis
583 2675 744 2770 angustia
769 2674 827 2770 agi
842 2674 871 2769 ²)
897 2674 1009 2769 coepit
1036 2674 1137 2766 adeo,
1166 2675 1206 2748 ut
1232 2673 1358 2749 sensim
1386 2673 1421 2746 in
1447 2673 1576 2750 viribus
1602 2673 1706 2748 dellu-

150 2796 234 2870 eret.
261 2793 387 2870 Altiori
414 2795 534 2870 deinde
560 2798 673 2872 morbo
701 2797 736 2871 et
762 2793 976 2890 aegritudine
1002 2796 1186 2889 correptus,
1215 2793 1339 2868 ultima
1365 2777 1572 2888 Septembris
1590 2792 1655 2885 die,
1670 2793 1706 2866 in

150 2917 265 2990 castro
291 2916 513 3008 (tracoviensi,
543 2937 637 2991 sacro
663 2918 820 3011 percepto
847 2915 981 3008 viatico,
1010 2915 1158 2991 animam
1185 2915 1338 3006 exhalat,
1358 2916 1393 2989 et
1411 2914 1448 2988 in
1466 2915 1611 2990 Sanctae
1630 2913 1705 2987 Tri-

150 3035 273 3110 nitatis
299 3036 502 3113 monasterio
528 3036 655 3112 ordinis
683 3037 966 3130 Praedicatorum,
995 3036 1031 3110 in
1059 3037 1156 3132 parte
1183 3036 1276 3112 chori
1300 3034 1452 3128 sinistre,
1473 3057 1573 3129 quem
1591 3036 1701 3110 locum
1759 3044 1763 3052 “

152 3157 272 3234 vivens
298 3157 482 3254 delegerat,
512 3157 603 3232 iusto
631 3159 666 3233 et
692 3155 804 3233 ducali
840 3159 963 3233 honore
990 3157 1164 3253 sepelitur.
1205 3147 1287 3233 Post
1313 3157 1409 3233 cuius
1435 3158 1597 3249 mortem,
1624 3177 1706 3250 quo-

152 3278 246 3354 niam
272 3303 340 3354 non
376 3280 570 3372 haeredem,
598 3301 666 3354 non
701 3279 938 3375 superstitem,
967 3302 1034 3355 non
1068 3300 1310 3371 successorem,
1339 3280 1475 3374 propter
1514 3277 1708 3353 simultates

153 3401 282 3476 dudum
308 3401 398 3476 inter
424 3402 523 3476 illum
550 3403 585 3477 et
611 3403 754 3477 barones
782 3423 820 3476 ac
846 3401 1013 3477 militares
1040 3403 1188 3494 exortas,
1217 3400 1414 3494 reliquerat,
1442 3400 1587 3474 bellicus
1613 3399 1706 3474 illico

154 3523 280 3598 stridor
306 3525 341 3598 et
367 3523 478 3598 civilis
505 3522 681 3598 commotio
707 3521 797 3597 inter
822 3522 982 3598 Poloniae
1008 3521 1184 3616 Principes
1210 3521 1381 3615 ebullivit,
1408 3521 1487 3597 dum
1511 3519 1707 3596 Orccovien·

153 3643 212 3734 sis,
241 3643 533 3734 Sandomiriensis,
561 3643 777 3718 Lnblinensis
803 3645 839 3718 et
865 3643 1066 3718 Siradiensis
1105 3643 1381 3736 Principatuum,
1409 3641 1468 3736 qui
1503 3641 1645 3718 caeteris
1671 3641 1708 3715 in

153 3764 314 3839 Poloniae
341 3766 459 3860 Regno
486 3766 672 3859 praestant,
701 3766 877 3840 vacantem
912 3787 956 3840 ex
983 3767 1090 3839 morte
1116 3762 1298 3838 Lestkonis
1338 3762 1438 3858 Nigri
1466 3761 1707 3838 successionem

154 3883 232 3976 sibi,
260 3885 349 3959 alins
376 3885 538 3979 potentia,
568 3885 658 3959 alius
685 3886 803 3979 opibus
829 3885 948 3976 fretus,
978 3884 1067 3958 alius
1090 3883 1362 3979 germanitatem,
1390 3883 1479 3957 alius
1506 3882 1707 3977 consangui-

153 4005 309 4096 nitatem,
337 4005 426 4078 alius
452 4005 660 4096 electionem,
689 4005 779 4079 alius
805 4004 1083 4100 designationem,
1112 4004 1347 4099 praetendens,
1377 4003 1536 4079 destinat.
1576 4005 1706 4078 Paulus

154 4125 293 4201 interim
320 4126 496 4220 episeopus
523 4126 752 4202 cracoviensis
767 4123 795 4220 ³)
822 4128 857 4201 et
883 4128 1034 4219 barones,
1064 4125 1296 4218 militaresque
1322 4123 1599 4218 Principatuum,
1627 4123 1706 4198 Ora-

155 4246 331 4338 coviensis,
351 4246 632 4322 Sandomiriensis
658 4249 693 4322 et
721 4246 938 4322 Lublinensis
965 4246 1047 4338 (iam
1076 4245 1242 4339 siquidem
1260 4244 1474 4337 Siradiensis,
1494 4247 1664 4338 sequestro
1679 4243 1708 4339 ⁴)

156 4391 177 4443 a
203 4369 314 4442 tribus
340 4368 482 4443 caeteris
508 4369 609 4459 facto,
638 4369 675 4442 in
701 4368 884 4444 Wladislai
911 4369 1045 4443 Lolrtek
1069 4367 1285 4462 Guvuviensis
1311 4366 1415 4442 Ducis
1441 4365 1602 4442 ditionem
1629 4388 1706 4440 con-

154 4491 315 4583 cesserat)
343 4489 524 4565 defuturo
551 4491 642 4563 Duce
669 4489 734 4564 sibi
761 4489 939 4583 provisuri,
968 4491 1169 4564 conventum
1195 4487 1285 4583 apud
1312 4487 1557 4562 Saudomiriam
1584 4488 1704 4582 agunt,

156 4613 191 4686 et
217 4611 412 4685 Boleslaum
438 4609 607 4685 llasoviae
634 4612 771 4701 Ducem,
799 4611 954 4684 fastidito
981 4631 1140 4704 germano
1167 4631 1226 4683 suo
1253 4610 1344 4684 Duce
1371 4603 1542 4701 Gunrado,
1563 4630 1622 4702 pro
1641 4631 1707 4699 quo

158 4733 262 4808 toties
289 4732 449 4826 periculis
476 4754 523 4823 se,
552 4753 627 4806 cum
654 4732 788 4826 proprio
815 4733 906 4806 Duce
932 4733 1103 4806 Irestlrone
1129 4730 1236 4826 Nigro
1263 4731 1465 4826 pugnando,
1493 4729 1706 4820 addixerant,

155 4857 190 4929 et
217 4853 271 4930 oui
298 4852 482 4928 identidem
508 4852 722 4928 iureiurando
749 4875 784 4928 se
811 4852 1052 4942 astrinxerant,
1081 4873 1189 4927 moros
1216 4851 1312 4926 illius
1339 4851 1460 4946 perosi,
1497 4853 1532 4925 et
1557 4873 1600 4925 ne
1626 4848 1708 4943 quid

155 4975 294 5071 gravius
319 4974 517 5069 Principato
544 4975 700 5069 adempto
715 4973 762 5069 ⁵),
792 4997 851 5069 pro
878 4974 1068 5050 vastatione
1103 4972 1223 5047 hostili
1258 4995 1318 5048 suo
1353 4971 1523 5048 Masoviae
1560 4969 1707 5046 Ducatui

156 5097 317 5192 irrogata,
346 5095 382 5169 in
410 5117 465 5171 eos
492 5095 693 5188 consuleret,
722 5094 758 5168 in
784 5096 910 5171 Ducem
937 5094 1094 5189 deligunt
1129 5096 1165 5169 st
1191 5094 1389 5170 assumunt:
1426 5115 1525 5186 quem
1560 5114 1620 5188 pro
1647 5113 1706 5186 ge-

265 5372 291 5452 ¹)
313 5375 455 5435 moeroris
480 5371 552 5434 Cod.
576 5373 668 5433 Rorr.
709 5370 737 5451 Ω)
760 5373 827 5446 angi
860 5370 931 5434 Uod.
961 5373 1054 5432 Rcer.
1089 5369 1116 5448 ³)
1140 5371 1343 5433 Graeoviensis
1372 5371 1450 5433 deest
1477 5371 1514 5431 iss
1540 5369 1612 5430 eoa.
1634 5367 1707 5430 Aac.

157 5473 184 5558 ⁴)
208 5478 369 5539 Siradicnsi
392 5483 577 5552 sequestrato
605 5475 676 5537 Ood.
699 5477 792 5538 Roar.
819 5472 844 5553 5)
867 5477 975 5550 adepto
1001 5473 1072 5537 Ood.
1097 5475 1189 5538 Roas.
