4140 6298
375 535 450 610 290
978 558 1091 610 arnna
1117 557 1312 611 sueonum.
1650 533 1713 630 (Α.
1733 531 1782 613 Dr
1804 533 1926 632 r242.)

373 743 547 840 episcopos
573 741 807 821 braconienees
833 743 1105 840 praedecessores
1131 765 1220 838 suos,
1249 743 1284 820 et
1311 743 1472 837 quosdam
1497 742 1638 838 milites,
1666 743 1840 822 occasune
1858 744 1925 820 uil-

372 866 427 942 lae
453 865 584 941 Kunou
610 864 709 940 annis
736 864 856 942 multis
883 866 1075 959 duraverat,
1104 868 1258 962 coempta
1283 869 1326 942 ab
1354 866 1479 942 eisdem
1506 865 1674 942 militibus
1700 866 1786 942 uilla
1811 864 1925 943 uicina

372 989 545 1064 Belouno
571 1010 632 1084 pro
658 987 841 1085 sexaginta
867 989 990 1065 marcis
1016 987 1152 1086 argenti
1180 991 1215 1065 et
1242 1011 1303 1065 sex
1329 990 1435 1065 bobus
1461 989 1497 1064 et
1523 1011 1590 1064 uuo
1616 988 1819 1085 herpioario,
1846 1007 1924 1083 per·

372 1113 474 1206 petuo
502 1111 627 1206 sopivit
653 1113 688 1189 et
715 1110 933 1203 terminavit3
970 1113 1100 1189 reditus
1127 1113 1342 1208 episcopatus
1368 1111 1598 1188 bracerionsis
1632 1112 1768 1187 utiliter
1794 1110 1923 1186 instru-

372 1231 437 1325 xit,
464 1233 556 1309 rexit
582 1235 617 1309 et
643 1233 761 1324 auxit;
787 1235 981 1311 libertatem
1000 1233 1172 1311 Ecclesiae
1199 1234 1360 1328 defendit,
1389 1236 1424 1310 et
1451 1233 1673 1328 tranquillam
1700 1232 1922 1321 conseruauit

372 1355 547 1452 Principes
573 1358 685 1432 torrae
711 1357 748 1431 in
775 1357 951 1433 concordie
977 1357 1173 1434 custodivit.
1218 1357 1343 1433 'lomes
1369 1359 1440 1432 tres
1465 1357 1628 1434 eeclesiae
1659 1357 1751 1433 beati
1778 1356 1922 1434 Wcsce·

371 1478 437 1554 elai
464 1477 574 1554 erexit
600 1479 635 1553 et
661 1479 800 1574 plumbo
826 1478 937 1568 toxit;
970 1481 1105 1555 centurn
1133 1500 1264 1555 mareas
1290 1479 1426 1576 argenti
1453 1478 1609 1574 Capitale
1636 1477 1846 1555 Graoouiensi
1873 1479 1922 1552 le·

371 1600 480 1696 gavit.
508 1602 550 1676 In
577 1599 661 1676 villa
688 1600 885 1696 patrimonii
912 1601 965 1676 sui
992 1603 1237 1699 Kosouyelpeoa
1258 1603 1281 1697 ¹)
1307 1600 1484 1694 ecclesiam
1511 1603 1552 1678 de
1579 1624 1674 1678 muro
1700 1600 1737 1676 in
1762 1600 1923 1676 honorem

372 1723 491 1798 Sancti
516 1721 695 1799 Adalberti
721 1725 919 1819 sumptuose
947 1723 1137 1800 fabricauit.
1165 1722 1344 1800 Fratribus
1371 1725 1441 1800 suis
1469 1715 1641 1821 germanie
1668 1722 1923 1800 subventionem

371 1845 523 1920 facturus
562 1849 599 1922 et
624 1867 739 1922 eorum
775 1847 987 1922 relevaturus
1022 1847 1270 1940 necessitatem,
1307 1847 1343 1923 iu
1371 1847 1468 1923 siluis
1494 1851 1531 1924 et
1557 1846 1691 1923 maricis
1717 1845 1921 1922 Redlouien·

370 1967 464 2043 sibus
490 1968 574 2043 dues
601 1968 703 2043 uillas
738 1969 917 2044 Zabauum
944 1971 979 2044 et
1005 1969 1194 2047 Drobczam
1220 1970 1344 2064 locari,
1382 1994 1448 2047 non
1476 1970 1548 2046 sine
1576 1968 1791 2046 mutilatione
1818 1969 1922 2043 bono-

370 2087 445 2164 rum
472 2089 836 2182 eeclesiaeooncessit.
864 2090 1010 2186 Quorum
1029 2095 1231 2189 pronepotes
1246 2092 1275 2188 ¹²)
1300 2113 1344 2169 err
1361 2093 1553 2168 huiusmodi
1579 2093 1709 2168 duabus
1735 2091 1828 2167 uillis
1846 2113 1922 2186 pre·

370 2212 460 2288 cario
487 2211 559 2286 illis
585 2211 736 2308 largitis,
764 2212 817 2288 ius
845 2212 1078 2290 universarum
1104 2213 1267 2292 siluarum
1294 2215 1569 2292 Radlouiensium
1597 2214 1663 2290 sibi
1687 2213 1920 2304 vendicabant,

369 2335 681 2429 vendiesoonlquo,
716 2335 784 2409 nisi
811 2334 980 2431 Sbigneus
1015 2336 1245 2414 brecouiensis
1280 2337 1457 2434 episcopus
1493 2360 1606 2415 eorum
1634 2337 1842 2433 pertinacem
1869 2336 1921 2409 iu-

369 2457 532 2534 slantiam
560 2458 632 2534 iure
658 2457 814 2534 terrestri
841 2459 1045 2555 rescidisset,
1075 2461 1313 2556 perpetuorum
1336 2459 1485 2536 limitum
1512 2459 1816 2537 disterminatione.

368 2823 547 2904 nomenoi
574 2828 737 2906 exercitur
763 2843 840 2922 para
867 2846 941 2902 oum
968 2827 1050 2902 duce
1077 2828 1233 2922 dardano
1261 2829 1458 2922 strigonium
1479 2829 1581 2920 radit,
1608 2832 1644 2904 et
1669 2829 1747 2904 arbe
1765 2829 1864 2902 simul
1882 2846 1919 2902 ao

369 2969 444 3026 eree
471 2955 667 3044 expugnatu,
693 2951 736 3026 ad
762 2951 874 3024 libam
900 2951 1053 3044 legalem
1089 2953 1248 3044 applicat:
1279 2972 1300 3026 a
1326 2971 1390 3046 pua
1416 2953 1567 3045 repulsus
1598 2952 1632 3025 iu
1659 2956 1770 3045 partes
1805 2951 1920 3044 lem·

367 3075 497 3149 bieures
525 3069 676 3168 elveno:
702 3074 778 3147 bela
805 3077 915 3147 aab·
942 3074 1012 3146 ltex
1038 3075 1215 3168 spoletan,
1241 3074 1358 3149 deinde
1376 3070 1564 3168 trigorium
1590 3074 1686 3167 tegit.
1712 3075 1801 3147 iuno
1827 3073 1919 3147 'lber-

366 3196 432 3270 tari
458 3197 684 3290 insequenter,
721 3195 861 3288 captiuis
886 3195 1081 3287 trucidatis,
1110 3198 1464 3292 regenspurg
1500 3198 1574 3272 iude
1601 3197 1714 3272 cedere
1741 3196 1851 3270 coacti
1877 3193 1919 3268 at

367 3319 533 3398 breellum
560 3323 595 3394 el
620 3319 817 3393 Delmatiam
842 3319 994 3414 nurunt3
1020 3317 1153 3394 tardem
1180 3319 1301 3394 irretio
1328 3321 1399 3394 suis
1426 3321 1576 3394 ouulbnr
1603 3319 1707 3413 copiis
1725 3320 1758 3392 ir
1776 3319 1919 3411 benun

366 3441 540 3533 besuense,
568 3439 683 3516 deinde
710 3441 744 3515 in
771 3441 913 3518 senens
941 3461 980 3516 eo
1005 3441 1189 3536 bogariam
1216 3443 1446 3536 commigrant:
1472 3443 1527 3516 ubl
1555 3443 1758 3536 captiuorum
1775 3441 1919 3516 multitu·

367 3563 475 3639 dirern
502 3564 677 3642 crudeliter
701 3564 876 3641 trucidant
907 3565 985 3640 bela
1010 3565 1079 3638 box
1096 3565 1236 3640 sirtarim
1261 3565 1295 3640 ir
1323 3566 1517 3658 sangenon
1542 3565 1646 3661 redit;
1673 3567 1778 3640 tanes
1805 3563 1919 3639 deinde

756 3706 795 3762 ao
821 3689 969 3781 luporum
995 3687 1104 3762 rabies
1130 3687 1324 3781 longarum
1350 3688 1533 3782 populatur.

471 3929 584 4028 Batby
610 3929 702 4007 Duce
728 3929 970 4006 Tbertarorum
994 3929 1030 4006 in
1049 3929 1255 4006 stationibus
1282 3927 1574 4028 strigoniensibus
1601 3951 1676 4008 oum
1702 3929 1813 4008 medio
1839 3953 1917 4025 par-

365 4055 401 4130 te
436 4053 606 4130 exereitus
641 4053 858 4146 remanente,
899 4052 1086 4150 Kaydanus
1101 4049 1130 4149 3)
1169 4054 1305 4150 recepta
1344 4054 1454 4130 altera
1494 4055 1592 4150 parte
1626 4052 1815 4145 exercitus,
1853 4051 1917 4128 ivit

365 4176 484 4252 contra
519 4174 750 4272 strigonium,
791 4176 827 4251 et
866 4176 938 4250 mm
978 4196 1055 4252 arce
1095 4197 1196 4269 quarn
1237 4175 1376 4252 civitate
1415 4177 1632 4272 expugnata,
1678 4175 1805 4250 multos
1845 4173 1917 4249 illio

366 4298 526 4374 mortales
566 4295 709 4392 peremit
736 4297 772 4370 et
797 4319 899 4390 quarn
925 4295 1076 4392 plurima
1101 4297 1186 4372 tulit
1212 4297 1333 4393 spolio.
1380 4295 1434 4373 Ad
1460 4295 1585 4374 Albam
1610 4297 1777 4394 Regalem
1804 4295 1916 4392 appli-

365 4440 456 4512 cans,
484 4418 662 4516 Hungaris
688 4417 825 4515 egregie
852 4419 968 4496 urbem
994 4419 1202 4511 tutantibus,
1231 4421 1390 4497 exclusus
1416 4419 1560 4496 dissedit
1585 4421 1621 4496 et
1647 4418 1683 4494 in
1710 4421 1826 4515 partes
1852 4419 1915 4493 Za·

365 4540 559 4638 grabieuse's
573 4541 748 4638 presedit.
795 4539 867 4637 Quo
893 4540 1031 4634 audito,
1059 4541 1144 4617 Bela
1169 4541 1247 4616 Rex
1281 4565 1326 4618 ex
1352 4541 1573 4638 Zagrabiensi
1603 4541 1740 4638 regione
1765 4541 1914 4638 diffugit,

365 4663 606 4740 comitantibus
641 4663 741 4739 illum
776 4663 949 4759 Stephano
983 4663 1206 4760 Zagrabieusi
1245 4665 1282 4740 et
1321 4663 1494 4760 Stephano
1529 4663 1707 4758 baciensi,
1735 4663 1915 4740 Bartholo-

364 4809 458 4864 maeo
484 4785 846 4884 Quinqueeoclesiensi,
883 4785 1051 4882 episcopis
1076 4787 1112 4862 et
1138 4785 1218 4861 aliis
1244 4785 1483 4863 ecclesiasticis
1513 4787 1549 4863 et
1583 4785 1764 4862 baronibus
1790 4785 1915 4882 primo·

363 4909 468 5003 ribus,
496 4907 654 4986 videlicet
680 4908 843 5006 Dionysio
869 4909 976 5001 Bane,
1009 4907 1200 4986 Wledialoo
1226 4907 1355 4985 domito
1390 4907 1523 5002 curiae,
1551 4909 1724 4984 Mattiaco
1750 4907 1915 5004 blagistro

362 5031 623 5122 lavemioornm
638 5033 667 5127 ⁴)
694 5032 730 5108 et
756 5031 903 5107 Oriendo
930 5029 1096 5127 liegistro
1123 5029 1331 5127 Agaaonum,
1352 5031 1404 5108 et
1431 5029 1585 5127 peruenit
1616 5029 1652 5105 in
1679 5029 1857 5127 Spalatum
1874 5030 1913 5126 ς).

363 5153 429 5232 Sed
455 5175 517 5232 neo
542 5154 591 5230 ibi
617 5153 697 5250 seb
722 5154 839 5230 tutum
876 5153 1002 5252 putans
1038 5151 1232 5248 consistere,
1269 5152 1424 5251 peruenit
1459 5175 1535 5231 cum
1566 5174 1672 5230 uxore
1698 5153 1733 5230 et
1760 5151 1914 5230 omnibm

470 5433 494 5515 ¹)
516 5435 674 5498 Koscielec
696 5434 758 5498 Ed.
780 5429 867 5512 Lipe.
906 5431 1079 5513 “lnepotes
1102 5431 1163 5495 Ed.
1186 5429 1273 5512 Lipo.
1311 5431 1342 5509 ⁸)
1364 5432 1525 5496 Eandem
1546 5431 1608 5498 Ed.
1632 5427 1717 5512 Lips.
1752 5411 1783 5513 ἰ)
1806 5433 1912 5496 Caver-

361 5540 493 5606 uicorum
519 5539 591 5605 Ood.
614 5541 708 5606 Beer.
748 5535 949 5620 ⁶)Sp01ecnm
974 5537 1046 5604 Occi.
1069 5539 1163 5604 Beer.
1202 5535 1231 5620 ⁶)
1255 5540 1311 5602 sibi
1337 5537 1408 5602 Occi.
1430 5539 1524 5602 Beer.
1736 5537 1739 5544 ’
