<?xml version="1.0" encoding="UTF-8"?>
<!DOCTYPE html PUBLIC "-//W3C//DTD XHTML 1.0 Transitional//EN"
    "http://www.w3.org/TR/xhtml1/DTD/xhtml1-transitional.dtd">
<html xmlns="http://www.w3.org/1999/xhtml" xml:lang="en" lang="en">
 <head>
  <title>
</title>
<meta http-equiv="Content-Type" content="text/html;charset=utf-8" />
  <meta name='ocr-system' content='tesseract 3.04.00' />
  <meta name='ocr-capabilities' content='ocr_page ocr_carea ocr_par ocr_line ocrx_word'/>
</head>
<body>
  <div class='ocr_page' id='page_1' title='image "./operaomnia02paulgoog_0187.png"; bbox 0 0 4172 6278; ppageno 0'>
   <div class='ocr_carea' id='block_1_1' title="bbox 154 535 1698 632">
    <p class='ocr_par' dir='ltr' id='par_1_1' title="bbox 154 535 1698 632">
     <span class='ocr_line' id='line_1_1' title="bbox 154 535 1698 632; baseline 0.005 -20"><span class='ocrx_word' id='word_1_1' title='bbox 154 536 211 632; x_wconf 65' lang='lat' dir='ltr'><strong>(Aa</strong></span> <span class='ocrx_word' id='word_1_2' title='bbox 231 535 278 612; x_wconf 63' lang='lat' dir='ltr'><strong>Da</strong></span> <span class='ocrx_word' id='word_1_3' title='bbox 299 535 422 630; x_wconf 82' lang='grc'><strong>1204.)</strong></span> <span class='ocrx_word' id='word_1_4' title='bbox 777 557 888 611; x_wconf 80' lang='lat' dir='ltr'><strong>crena</strong></span> <span class='ocrx_word' id='word_1_5' title='bbox 915 559 1069 614; x_wconf 75' lang='lat' dir='ltr'><strong>saxeus.</strong></span> <span class='ocrx_word' id='word_1_6' title='bbox 1629 549 1698 620; x_wconf 83' lang='lat'><strong>171</strong></span> 
     </span>
    </p>
   </div>
   <div class='ocr_carea' id='block_1_2' title="bbox 148 745 1701 1086">
    <p class='ocr_par' dir='ltr' id='par_1_2' title="bbox 148 745 1701 1086">
     <span class='ocr_line' id='line_1_2' title="bbox 148 745 1700 848; baseline 0.004 -25"><span class='ocrx_word' id='word_1_7' title='bbox 148 750 208 823; x_wconf 92' lang='lat' dir='ltr'><strong>hus</strong></span> <span class='ocrx_word' id='word_1_8' title='bbox 235 745 437 842; x_wconf 91' lang='lat' dir='ltr'><strong>primoribus</strong></span> <span class='ocrx_word' id='word_1_9' title='bbox 456 746 480 841; x_wconf 89' lang='lat'><strong>¹)</strong></span> <span class='ocrx_word' id='word_1_10' title='bbox 507 745 709 822; x_wconf 85' lang='lat' dir='ltr'><strong>consiliariis</strong></span> <span class='ocrx_word' id='word_1_11' title='bbox 736 747 993 823; x_wconf 85' lang='lat' dir='ltr'><strong>adversantibus</strong></span> <span class='ocrx_word' id='word_1_12' title='bbox 1021 749 1186 844; x_wconf 78' lang='lat' dir='ltr'><strong>prorupit,</strong></span> <span class='ocrx_word' id='word_1_13' title='bbox 1215 752 1339 827; x_wconf 90' lang='lat' dir='ltr'><strong>temere</strong></span> <span class='ocrx_word' id='word_1_14' title='bbox 1367 751 1477 848; x_wconf 83' lang='lat' dir='ltr'><strong>magis</strong></span> <span class='ocrx_word' id='word_1_15' title='bbox 1502 775 1602 848; x_wconf 86' lang='lat' dir='ltr'><strong>quum</strong></span> <span class='ocrx_word' id='word_1_16' title='bbox 1622 776 1700 829; x_wconf 91' lang='lat' dir='ltr'><strong>con·</strong></span> 
     </span>
     <span class='ocr_line' id='line_1_3' title="bbox 150 868 1701 969; baseline 0.004 -25"><span class='ocrx_word' id='word_1_17' title='bbox 150 870 253 964; x_wconf 82' lang='lat' dir='ltr'><strong>salto)</strong></span> <span class='ocrx_word' id='word_1_18' title='bbox 280 868 491 944; x_wconf 79' lang='lat' dir='ltr'><strong>renunciatio</strong></span> <span class='ocrx_word' id='word_1_19' title='bbox 517 871 553 945; x_wconf 87' lang='lat' dir='ltr'><strong>et</strong></span> <span class='ocrx_word' id='word_1_20' title='bbox 579 869 685 944; x_wconf 87' lang='lat' dir='ltr'><strong>cessio</strong></span> <span class='ocrx_word' id='word_1_21' title='bbox 712 869 858 964; x_wconf 87' lang='lat' dir='ltr'><strong>primum</strong></span> <span class='ocrx_word' id='word_1_22' title='bbox 895 869 1090 962; x_wconf 81' lang='lat' dir='ltr'><strong>ridebatur,</strong></span> <span class='ocrx_word' id='word_1_23' title='bbox 1128 894 1215 964; x_wconf 88' lang='lat' dir='ltr'><strong>quoe</strong></span> <span class='ocrx_word' id='word_1_24' title='bbox 1252 895 1409 968; x_wconf 88' lang='lat' dir='ltr'><strong>processu</strong></span> <span class='ocrx_word' id='word_1_25' title='bbox 1446 874 1608 969; x_wconf 88' lang='lat' dir='ltr'><strong>temporis</strong></span> <span class='ocrx_word' id='word_1_26' title='bbox 1635 901 1701 950; x_wconf 90' lang='lat' dir='ltr'><strong>nou</strong></span> 
     </span>
     <span class='ocr_line' id='line_1_4' title="bbox 149 990 1700 1086; baseline 0.003 -19"><span class='ocrx_word' id='word_1_27' title='bbox 149 993 256 1068; x_wconf 88' lang='lat' dir='ltr'><strong>solum</strong></span> <span class='ocrx_word' id='word_1_28' title='bbox 283 990 379 1065; x_wconf 91' lang='lat' dir='ltr'><strong>illius</strong></span> <span class='ocrx_word' id='word_1_29' title='bbox 406 992 531 1066; x_wconf 85' lang='lat' dir='ltr'><strong>famam</strong></span> <span class='ocrx_word' id='word_1_30' title='bbox 559 993 594 1066; x_wconf 93' lang='lat' dir='ltr'><strong>et</strong></span> <span class='ocrx_word' id='word_1_31' title='bbox 621 991 880 1086; x_wconf 82' lang='lat' dir='ltr'><strong>amplitudinem</strong></span> <span class='ocrx_word' id='word_1_32' title='bbox 908 991 1088 1084; x_wconf 87' lang='lat' dir='ltr'><strong>diminuit,</strong></span> <span class='ocrx_word' id='word_1_33' title='bbox 1118 994 1176 1068; x_wconf 88' lang='lat' dir='ltr'><strong>sed</strong></span> <span class='ocrx_word' id='word_1_34' title='bbox 1202 993 1306 1069; x_wconf 86' lang='lat' dir='ltr'><strong>otiam</strong></span> <span class='ocrx_word' id='word_1_35' title='bbox 1332 994 1482 1070; x_wconf 89' lang='lat' dir='ltr'><strong>hostium</strong></span> <span class='ocrx_word' id='word_1_36' title='bbox 1509 998 1544 1070; x_wconf 88' lang='lat' dir='ltr'><strong>et</strong></span> <span class='ocrx_word' id='word_1_37' title='bbox 1571 997 1700 1073; x_wconf 85' lang='lat' dir='ltr'><strong>inuido-</strong></span> 
     </span>
    </p>
   </div>
   <div class='ocr_carea' id='block_1_3' title="bbox 1 1089 1699 1210">
    <p class='ocr_par' dir='ltr' id='par_1_3' title="bbox 1 1089 1699 1210">
     <span class='ocr_line' id='line_1_5' title="bbox 1 1089 1699 1210; baseline 0.004 -23"><span class='ocrx_word' id='word_1_38' title='bbox 1 1089 2 1134; x_wconf 70' lang='lat'><em>³</em></span> <span class='ocrx_word' id='word_1_39' title='bbox 148 1135 220 1188; x_wconf 89' lang='lat' dir='ltr'><strong>rum</strong></span> <span class='ocrx_word' id='word_1_40' title='bbox 259 1113 406 1190; x_wconf 83' lang='lat' dir='ltr'><strong>cervices</strong></span> <span class='ocrx_word' id='word_1_41' title='bbox 440 1115 557 1189; x_wconf 87' lang='lat' dir='ltr'><strong>contra</strong></span> <span class='ocrx_word' id='word_1_42' title='bbox 592 1113 691 1188; x_wconf 90' lang='lat' dir='ltr'><strong>illum</strong></span> <span class='ocrx_word' id='word_1_43' title='bbox 726 1113 907 1188; x_wconf 84' lang='lat' dir='ltr'><strong>suscitavit</strong></span> <span class='ocrx_word' id='word_1_44' title='bbox 933 1117 968 1190; x_wconf 90' lang='lat' dir='ltr'><strong>et</strong></span> <span class='ocrx_word' id='word_1_45' title='bbox 994 1115 1114 1190; x_wconf 84' lang='lat' dir='ltr'><strong>erexit.</strong></span> <span class='ocrx_word' id='word_1_46' title='bbox 1142 1116 1315 1191; x_wconf 88' lang='lat' dir='ltr'><strong>Romanus</strong></span> <span class='ocrx_word' id='word_1_47' title='bbox 1347 1139 1493 1210; x_wconf 86' lang='lat' dir='ltr'><strong>numque</strong></span> <span class='ocrx_word' id='word_1_48' title='bbox 1518 1119 1699 1194; x_wconf 85' lang='lat' dir='ltr'><strong>Wladirui-</strong></span> 
     </span>
    </p>
   </div>
   <div class='ocr_carea' id='block_1_4' title="bbox 145 1235 1701 1944">
    <p class='ocr_par' dir='ltr' id='par_1_4' title="bbox 145 1235 1701 1944">
     <span class='ocr_line' id='line_1_6' title="bbox 147 1235 1699 1328; baseline 0.003 -17"><span class='ocrx_word' id='word_1_49' title='bbox 147 1235 265 1311; x_wconf 91' lang='lat' dir='ltr'><strong>riensis</strong></span> <span class='ocrx_word' id='word_1_50' title='bbox 291 1237 382 1328; x_wconf 85' lang='lat' dir='ltr'><strong>Dux,</strong></span> <span class='ocrx_word' id='word_1_51' title='bbox 411 1235 470 1328; x_wconf 89' lang='lat' dir='ltr'><strong>qui</strong></span> <span class='ocrx_word' id='word_1_52' title='bbox 496 1259 540 1311; x_wconf 88' lang='lat' dir='ltr'><strong>ex</strong></span> <span class='ocrx_word' id='word_1_53' title='bbox 558 1235 766 1312; x_wconf 71' lang='lat' dir='ltr'><strong>concessione</strong></span> <span class='ocrx_word' id='word_1_54' title='bbox 794 1238 829 1311; x_wconf 90' lang='lat' dir='ltr'><strong>et</strong></span> <span class='ocrx_word' id='word_1_55' title='bbox 857 1235 1088 1312; x_wconf 86' lang='lat' dir='ltr'><strong>munificentia</strong></span> <span class='ocrx_word' id='word_1_56' title='bbox 1113 1237 1295 1312; x_wconf 74' lang='lat' dir='ltr'><strong>Instemus</strong></span> <span class='ocrx_word' id='word_1_57' title='bbox 1320 1239 1423 1314; x_wconf 90' lang='lat' dir='ltr'><strong>etiam</strong></span> <span class='ocrx_word' id='word_1_58' title='bbox 1451 1239 1699 1317; x_wconf 87' lang='lat' dir='ltr'><strong>Heliaaieneem</strong></span> 
     </span>
     <span class='ocr_line' id='line_1_7' title="bbox 148 1356 1699 1457; baseline 0.003 -24"><span class='ocrx_word' id='word_1_59' title='bbox 148 1359 291 1453; x_wconf 84' lang='lat' dir='ltr'><strong>adeptus</strong></span> <span class='ocrx_word' id='word_1_60' title='bbox 317 1359 393 1433; x_wconf 87' lang='lat' dir='ltr'><strong>eret</strong></span> <span class='ocrx_word' id='word_1_61' title='bbox 418 1356 670 1452; x_wconf 81' lang='lat' dir='ltr'><strong>Principalem,</strong></span> <span class='ocrx_word' id='word_1_62' title='bbox 708 1380 911 1454; x_wconf 83' lang='lat' dir='ltr'><strong>cognosceus</strong></span> <span class='ocrx_word' id='word_1_63' title='bbox 939 1359 1038 1432; x_wconf 92' lang='lat' dir='ltr'><strong>illum</strong></span> <span class='ocrx_word' id='word_1_64' title='bbox 1064 1381 1093 1433; x_wconf 86' lang='lat' dir='ltr'><strong>a·</strong></span> <span class='ocrx_word' id='word_1_65' title='bbox 1112 1359 1307 1435; x_wconf 82' lang='lat' dir='ltr'><strong>Monarchia</strong></span> <span class='ocrx_word' id='word_1_66' title='bbox 1333 1363 1368 1436; x_wconf 89' lang='lat' dir='ltr'><strong>et</strong></span> <span class='ocrx_word' id='word_1_67' title='bbox 1394 1361 1592 1457; x_wconf 85' lang='lat' dir='ltr'><strong>Principatn</strong></span> <span class='ocrx_word' id='word_1_68' title='bbox 1618 1365 1699 1438; x_wconf 82' lang='lat' dir='ltr'><strong>dra-</strong></span> 
     </span>
     <span class='ocr_line' id='line_1_8' title="bbox 150 1479 1700 1573; baseline 0.003 -17"><span class='ocrx_word' id='word_1_69' title='bbox 150 1479 293 1556; x_wconf 86' lang='lat' dir='ltr'><strong>curiensi</strong></span> <span class='ocrx_word' id='word_1_70' title='bbox 330 1479 496 1555; x_wconf 82' lang='lat' dir='ltr'><strong>excidisse</strong></span> <span class='ocrx_word' id='word_1_71' title='bbox 527 1481 563 1555; x_wconf 91' lang='lat' dir='ltr'><strong>et</strong></span> <span class='ocrx_word' id='word_1_72' title='bbox 598 1481 830 1555; x_wconf 83' lang='lat' dir='ltr'><strong>tantummodo</strong></span> <span class='ocrx_word' id='word_1_73' title='bbox 861 1480 904 1554; x_wconf 88' lang='lat' dir='ltr'><strong>ad</strong></span> <span class='ocrx_word' id='word_1_74' title='bbox 931 1480 1254 1573; x_wconf 77' lang='lat' dir='ltr'><strong>sandomirienoom,</strong></span> <span class='ocrx_word' id='word_1_75' title='bbox 1292 1482 1553 1572; x_wconf 86' lang='lat' dir='ltr'><strong>Lublineusem‚</strong></span> <span class='ocrx_word' id='word_1_76' title='bbox 1590 1487 1700 1561; x_wconf 88' lang='lat' dir='ltr'><strong>hlaso-</strong></span> 
     </span>
     <span class='ocr_line' id='line_1_9' title="bbox 147 1600 1701 1701; baseline 0.003 -25"><span class='ocrx_word' id='word_1_77' title='bbox 147 1601 294 1677; x_wconf 88' lang='lat' dir='ltr'><strong>rieosem</strong></span> <span class='ocrx_word' id='word_1_78' title='bbox 312 1603 349 1676; x_wconf 90' lang='lat' dir='ltr'><strong>et</strong></span> <span class='ocrx_word' id='word_1_79' title='bbox 366 1600 598 1676; x_wconf 82' lang='lat' dir='ltr'><strong>Ouieniensem</strong></span> <span class='ocrx_word' id='word_1_80' title='bbox 616 1603 766 1676; x_wconf 87' lang='lat' dir='ltr'><strong>Ducotus</strong></span> <span class='ocrx_word' id='word_1_81' title='bbox 792 1603 965 1678; x_wconf 89' lang='lat' dir='ltr'><strong>reductum</strong></span> <span class='ocrx_word' id='word_1_82' title='bbox 984 1625 1068 1694; x_wconf 93' lang='lat' dir='ltr'><strong>esse,</strong></span> <span class='ocrx_word' id='word_1_83' title='bbox 1098 1603 1306 1698; x_wconf 88' lang='lat' dir='ltr'><strong>contemptui</strong></span> <span class='ocrx_word' id='word_1_84' title='bbox 1334 1603 1444 1695; x_wconf 90' lang='lat' dir='ltr'><strong>illum,</strong></span> <span class='ocrx_word' id='word_1_85' title='bbox 1473 1607 1545 1679; x_wconf 90' lang='lat' dir='ltr'><strong>tum</strong></span> <span class='ocrx_word' id='word_1_86' title='bbox 1565 1609 1701 1701; x_wconf 88' lang='lat' dir='ltr'><strong>proptor</strong></span> 
     </span>
     <span class='ocr_line' id='line_1_10' title="bbox 146 1723 1701 1820; baseline 0.003 -22"><span class='ocrx_word' id='word_1_87' title='bbox 146 1723 347 1798; x_wconf 84' lang='lat' dir='ltr'><strong>diminutum</strong></span> <span class='ocrx_word' id='word_1_88' title='bbox 375 1724 573 1819; x_wconf 87' lang='lat' dir='ltr'><strong>potentiam,</strong></span> <span class='ocrx_word' id='word_1_89' title='bbox 602 1725 676 1798; x_wconf 84' lang='lat' dir='ltr'><strong>turm</strong></span> <span class='ocrx_word' id='word_1_90' title='bbox 704 1729 841 1820; x_wconf 91' lang='lat' dir='ltr'><strong>propter</strong></span> <span class='ocrx_word' id='word_1_91' title='bbox 867 1725 1040 1800; x_wconf 78' lang='lat' dir='ltr'><strong>lasciviam</strong></span> <span class='ocrx_word' id='word_1_92' title='bbox 1057 1725 1085 1818; x_wconf 74' lang='lat'><strong>²)</strong></span> <span class='ocrx_word' id='word_1_93' title='bbox 1111 1728 1147 1800; x_wconf 92' lang='lat' dir='ltr'><strong>et</strong></span> <span class='ocrx_word' id='word_1_94' title='bbox 1169 1726 1316 1800; x_wconf 90' lang='lat' dir='ltr'><strong>nondum</strong></span> <span class='ocrx_word' id='word_1_95' title='bbox 1335 1727 1378 1802; x_wconf 88' lang='lat' dir='ltr'><strong>ud</strong></span> <span class='ocrx_word' id='word_1_96' title='bbox 1395 1726 1529 1803; x_wconf 83' lang='lat' dir='ltr'><strong>uirilem</strong></span> <span class='ocrx_word' id='word_1_97' title='bbox 1555 1730 1701 1804; x_wconf 86' lang='lat' dir='ltr'><strong>aetutem</strong></span> 
     </span>
     <span class='ocr_line' id='line_1_11' title="bbox 145 1845 1700 1944; baseline 0.002 -22"><span class='ocrx_word' id='word_1_98' title='bbox 145 1845 393 1942; x_wconf 83' lang='lat' dir='ltr'><strong>pertingentem</strong></span> <span class='ocrx_word' id='word_1_99' title='bbox 420 1849 455 1922; x_wconf 81' lang='lat' dir='ltr'><strong>et</strong></span> <span class='ocrx_word' id='word_1_100' title='bbox 481 1845 662 1921; x_wconf 84' lang='lat' dir='ltr'><strong>cuiuslibet</strong></span> <span class='ocrx_word' id='word_1_101' title='bbox 677 1845 706 1940; x_wconf 84' lang='lat'><strong>³)</strong></span> <span class='ocrx_word' id='word_1_102' title='bbox 733 1845 877 1921; x_wconf 91' lang='lat' dir='ltr'><strong>iniuriae</strong></span> <span class='ocrx_word' id='word_1_103' title='bbox 905 1849 1140 1942; x_wconf 85' lang='lat' dir='ltr'><strong>opportunam,</strong></span> <span class='ocrx_word' id='word_1_104' title='bbox 1169 1849 1291 1924; x_wconf 87' lang='lat' dir='ltr'><strong>habere</strong></span> <span class='ocrx_word' id='word_1_105' title='bbox 1318 1849 1439 1944; x_wconf 86' lang='lat' dir='ltr'><strong>eoepit.</strong></span> <span class='ocrx_word' id='word_1_106' title='bbox 1476 1849 1517 1925; x_wconf 91' lang='lat' dir='ltr'><strong>Iu</strong></span> <span class='ocrx_word' id='word_1_107' title='bbox 1545 1851 1700 1926; x_wconf 87' lang='lat' dir='ltr'><strong>rebellio-</strong></span> 
     </span>
    </p>
   </div>
   <div class='ocr_carea' id='block_1_5' title="bbox 1 1967 1698 2063">
    <p class='ocr_par' dir='ltr' id='par_1_5' title="bbox 1 1967 1698 2063">
     <span class='ocr_line' id='line_1_12' title="bbox 1 1967 1698 2063; baseline 0.003 -22"><span class='ocrx_word' id='word_1_108' title='bbox 1 1991 2 2006; x_wconf 65' lang='lat'><em>*</em></span> <span class='ocrx_word' id='word_1_109' title='bbox 145 1991 218 2042; x_wconf 90' lang='lat' dir='ltr'><strong>nem</strong></span> <span class='ocrx_word' id='word_1_110' title='bbox 245 1991 379 2062; x_wconf 86' lang='lat' dir='ltr'><strong>quoque</strong></span> <span class='ocrx_word' id='word_1_111' title='bbox 415 1989 552 2058; x_wconf 80' lang='lat' dir='ltr'><strong>uersae,</strong></span> <span class='ocrx_word' id='word_1_112' title='bbox 590 1989 697 2062; x_wconf 90' lang='lat' dir='ltr'><strong>pensa</strong></span> <span class='ocrx_word' id='word_1_113' title='bbox 730 1968 894 2044; x_wconf 87' lang='lat' dir='ltr'><strong>hactenus</strong></span> <span class='ocrx_word' id='word_1_114' title='bbox 930 1969 1077 2063; x_wconf 81' lang='lat' dir='ltr'><strong>denegat</strong></span> <span class='ocrx_word' id='word_1_115' title='bbox 1112 1967 1260 2060; x_wconf 87' lang='lat' dir='ltr'><strong>tributu,</strong></span> <span class='ocrx_word' id='word_1_116' title='bbox 1298 1972 1334 2045; x_wconf 90' lang='lat' dir='ltr'><strong>et</strong></span> <span class='ocrx_word' id='word_1_117' title='bbox 1360 1992 1396 2044; x_wconf 91' lang='lat' dir='ltr'><strong>se</strong></span> <span class='ocrx_word' id='word_1_118' title='bbox 1423 1993 1490 2046; x_wconf 92' lang='lat' dir='ltr'><strong>non</strong></span> <span class='ocrx_word' id='word_1_119' title='bbox 1518 1973 1698 2060; x_wconf 82' lang='lat' dir='ltr'><strong>vasallum,</strong></span> 
     </span>
    </p>
   </div>
   <div class='ocr_carea' id='block_1_6' title="bbox 146 2089 1698 2184">
    <p class='ocr_par' dir='ltr' id='par_1_6' title="bbox 146 2089 1698 2184">
     <span class='ocr_line' id='line_1_13' title="bbox 146 2089 1698 2184; baseline 0.003 -20"><span class='ocrx_word' id='word_1_120' title='bbox 146 2111 252 2184; x_wconf 83' lang='lat' dir='ltr'><strong>ueqrre</strong></span> <span class='ocrx_word' id='word_1_121' title='bbox 280 2089 490 2180; x_wconf 90' lang='lat' dir='ltr'><strong>subiectum,</strong></span> <span class='ocrx_word' id='word_1_122' title='bbox 528 2090 586 2166; x_wconf 89' lang='lat' dir='ltr'><strong>sed</strong></span> <span class='ocrx_word' id='word_1_123' title='bbox 622 2091 753 2165; x_wconf 82' lang='lat' dir='ltr'><strong>hostem</strong></span> <span class='ocrx_word' id='word_1_124' title='bbox 780 2091 942 2166; x_wconf 86' lang='lat' dir='ltr'><strong>infestum</strong></span> <span class='ocrx_word' id='word_1_125' title='bbox 968 2090 1131 2166; x_wconf 88' lang='lat' dir='ltr'><strong>Lestkoni</strong></span> <span class='ocrx_word' id='word_1_126' title='bbox 1157 2093 1193 2166; x_wconf 88' lang='lat' dir='ltr'><strong>et</strong></span> <span class='ocrx_word' id='word_1_127' title='bbox 1219 2091 1290 2165; x_wconf 88' lang='lat' dir='ltr'><strong>suis</strong></span> <span class='ocrx_word' id='word_1_128' title='bbox 1316 2091 1502 2168; x_wconf 85' lang='lat' dir='ltr'><strong>Ducatibus</strong></span> <span class='ocrx_word' id='word_1_129' title='bbox 1529 2094 1698 2168; x_wconf 86' lang='lat' dir='ltr'><strong>declarat:</strong></span> 
     </span>
    </p>
   </div>
   <div class='ocr_carea' id='block_1_7' title="bbox 1 2208 1747 2310">
    <p class='ocr_par' dir='ltr' id='par_1_7' title="bbox 1 2208 1747 2310">
     <span class='ocr_line' id='line_1_14' title="bbox 1 2208 1747 2310; baseline 0.005 -25"><span class='ocrx_word' id='word_1_130' title='bbox 1 2295 2 2308; x_wconf 16' lang='lat' dir='ltr'><strong>p</strong></span> <span class='ocrx_word' id='word_1_131' title='bbox 147 2235 225 2286; x_wconf 87' lang='lat' dir='ltr'><strong>uum</strong></span> <span class='ocrx_word' id='word_1_132' title='bbox 253 2216 291 2288; x_wconf 91' lang='lat' dir='ltr'><strong>et</strong></span> <span class='ocrx_word' id='word_1_133' title='bbox 308 2211 523 2308; x_wconf 80' lang='lat' dir='ltr'><strong>negotiantes</strong></span> <span class='ocrx_word' id='word_1_134' title='bbox 549 2211 584 2286; x_wconf 93' lang='lat' dir='ltr'><strong>in</strong></span> <span class='ocrx_word' id='word_1_135' title='bbox 613 2212 714 2288; x_wconf 89' lang='lat' dir='ltr'><strong>terris</strong></span> <span class='ocrx_word' id='word_1_136' title='bbox 741 2211 812 2287; x_wconf 90' lang='lat' dir='ltr'><strong>suis</strong></span> <span class='ocrx_word' id='word_1_137' title='bbox 838 2214 982 2288; x_wconf 89' lang='lat' dir='ltr'><strong>Polonos</strong></span> <span class='ocrx_word' id='word_1_138' title='bbox 1010 2213 1157 2307; x_wconf 76' lang='lat' dir='ltr'><strong>singulis</strong></span> <span class='ocrx_word' id='word_1_139' title='bbox 1184 2213 1330 2288; x_wconf 81' lang='lat' dir='ltr'><strong>fortunis</strong></span> <span class='ocrx_word' id='word_1_140' title='bbox 1357 2215 1535 2310; x_wconf 89' lang='lat' dir='ltr'><strong>despoliet,</strong></span> <span class='ocrx_word' id='word_1_141' title='bbox 1557 2219 1592 2291; x_wconf 90' lang='lat' dir='ltr'><strong>et</strong></span> <span class='ocrx_word' id='word_1_142' title='bbox 1609 2237 1698 2292; x_wconf 91' lang='lat' dir='ltr'><strong>oom-</strong></span> <span class='ocrx_word' id='word_1_143' title='bbox 1743 2208 1747 2214; x_wconf 70' lang='grc'>’</span> 
     </span>
    </p>
   </div>
   <div class='ocr_carea' id='block_1_8' title="bbox 144 2333 1698 2552">
    <p class='ocr_par' dir='ltr' id='par_1_8' title="bbox 144 2333 1698 2552">
     <span class='ocr_line' id='line_1_15' title="bbox 146 2333 1697 2412; baseline 0.003 -5"><span class='ocrx_word' id='word_1_144' title='bbox 146 2333 266 2410; x_wconf 88' lang='lat' dir='ltr'><strong>mercia</strong></span> <span class='ocrx_word' id='word_1_145' title='bbox 303 2333 376 2408; x_wconf 89' lang='lat' dir='ltr'><strong>illis</strong></span> <span class='ocrx_word' id='word_1_146' title='bbox 402 2357 476 2408; x_wconf 90' lang='lat' dir='ltr'><strong>cum</strong></span> <span class='ocrx_word' id='word_1_147' title='bbox 505 2333 650 2409; x_wconf 91' lang='lat' dir='ltr'><strong>subditis</strong></span> <span class='ocrx_word' id='word_1_148' title='bbox 677 2334 748 2408; x_wconf 92' lang='lat' dir='ltr'><strong>suis</strong></span> <span class='ocrx_word' id='word_1_149' title='bbox 775 2335 972 2410; x_wconf 85' lang='lat' dir='ltr'><strong>decaetero</strong></span> <span class='ocrx_word' id='word_1_150' title='bbox 1000 2333 1184 2410; x_wconf 86' lang='lat' dir='ltr'><strong>interdicit.</strong></span> <span class='ocrx_word' id='word_1_151' title='bbox 1229 2334 1282 2409; x_wconf 86' lang='lat' dir='ltr'><strong>Ad</strong></span> <span class='ocrx_word' id='word_1_152' title='bbox 1309 2335 1392 2410; x_wconf 84' lang='lat' dir='ltr'><strong>haec</strong></span> <span class='ocrx_word' id='word_1_153' title='bbox 1417 2337 1453 2411; x_wconf 84' lang='lat' dir='ltr'><strong>et</strong></span> <span class='ocrx_word' id='word_1_154' title='bbox 1479 2339 1587 2412; x_wconf 84' lang='lat' dir='ltr'><strong>terres</strong></span> <span class='ocrx_word' id='word_1_155' title='bbox 1613 2339 1697 2412; x_wconf 87' lang='lat' dir='ltr'><strong>San·</strong></span> 
     </span>
     <span class='ocr_line' id='line_1_16' title="bbox 144 2455 1698 2552; baseline 0.003 -22"><span class='ocrx_word' id='word_1_156' title='bbox 144 2455 378 2532; x_wconf 90' lang='lat' dir='ltr'><strong>domirieusem</strong></span> <span class='ocrx_word' id='word_1_157' title='bbox 405 2459 440 2531; x_wconf 89' lang='lat' dir='ltr'><strong>et</strong></span> <span class='ocrx_word' id='word_1_158' title='bbox 466 2455 718 2550; x_wconf 81' lang='lat' dir='ltr'><strong>hublioensem,</strong></span> <span class='ocrx_word' id='word_1_159' title='bbox 747 2457 818 2532; x_wconf 88' lang='lat' dir='ltr'><strong>suis</strong></span> <span class='ocrx_word' id='word_1_160' title='bbox 845 2457 1027 2547; x_wconf 86' lang='lat' dir='ltr'><strong>finitimas,</strong></span> <span class='ocrx_word' id='word_1_161' title='bbox 1057 2457 1203 2552; x_wconf 90' lang='lat' dir='ltr'><strong>primum</strong></span> <span class='ocrx_word' id='word_1_162' title='bbox 1231 2457 1462 2550; x_wconf 78' lang='lat' dir='ltr'><strong>clandestinis,</strong></span> <span class='ocrx_word' id='word_1_163' title='bbox 1491 2459 1698 2536; x_wconf 81' lang='lat' dir='ltr'><strong>morutium</strong></span> 
     </span>
    </p>
   </div>
   <div class='ocr_carea' id='block_1_9' title="bbox 1 2577 1697 2814">
    <p class='ocr_par' dir='ltr' id='par_1_9' title="bbox 1 2577 1697 2814">
     <span class='ocr_line' id='line_1_17' title="bbox 1 2577 1697 2674; baseline 0.002 -20"><span class='ocrx_word' id='word_1_164' title='bbox 1 2619 2 2628; x_wconf 23' lang='grc' dir='ltr'><strong><em>κ</em></strong></span> <span class='ocrx_word' id='word_1_165' title='bbox 145 2578 289 2674; x_wconf 90' lang='lat' dir='ltr'><strong>publicis</strong></span> <span class='ocrx_word' id='word_1_166' title='bbox 316 2577 569 2654; x_wconf 83' lang='lat' dir='ltr'><strong>excursionibus</strong></span> <span class='ocrx_word' id='word_1_167' title='bbox 596 2577 727 2654; x_wconf 83' lang='lat' dir='ltr'><strong>invadit</strong></span> <span class='ocrx_word' id='word_1_168' title='bbox 744 2581 779 2654; x_wconf 96' lang='lat' dir='ltr'><strong>et</strong></span> <span class='ocrx_word' id='word_1_169' title='bbox 798 2581 910 2671; x_wconf 84' lang='lat' dir='ltr'><strong>uenat,</strong></span> <span class='ocrx_word' id='word_1_170' title='bbox 939 2578 975 2652; x_wconf 91' lang='lat' dir='ltr'><strong>in</strong></span> <span class='ocrx_word' id='word_1_171' title='bbox 1001 2578 1107 2673; x_wconf 87' lang='lat' dir='ltr'><strong>plenis</strong></span> <span class='ocrx_word' id='word_1_172' title='bbox 1134 2601 1267 2671; x_wconf 90' lang='lat' dir='ltr'><strong>quoque</strong></span> <span class='ocrx_word' id='word_1_173' title='bbox 1292 2579 1375 2654; x_wconf 91' lang='lat' dir='ltr'><strong>locis</strong></span> <span class='ocrx_word' id='word_1_174' title='bbox 1402 2579 1571 2674; x_wconf 86' lang='lat' dir='ltr'><strong>praesidio</strong></span> <span class='ocrx_word' id='word_1_175' title='bbox 1597 2583 1697 2672; x_wconf 87' lang='lat' dir='ltr'><strong>locet,</strong></span> 
     </span>
     <span class='ocr_line' id='line_1_18' title="bbox 1 2700 1697 2814; baseline 0 -38"><span class='ocrx_word' id='word_1_176' title='bbox 1 2743 2 2814; x_wconf 67' lang='lat'><em>3</em></span> <span class='ocrx_word' id='word_1_177' title='bbox 144 2704 178 2776; x_wconf 94' lang='lat' dir='ltr'><strong>et</strong></span> <span class='ocrx_word' id='word_1_178' title='bbox 202 2701 334 2776; x_wconf 86' lang='lat' dir='ltr'><strong>milites</strong></span> <span class='ocrx_word' id='word_1_179' title='bbox 369 2700 404 2774; x_wconf 89' lang='lat' dir='ltr'><strong>in</strong></span> <span class='ocrx_word' id='word_1_180' title='bbox 440 2701 610 2794; x_wconf 83' lang='lat' dir='ltr'><strong>frequenti</strong></span> <span class='ocrx_word' id='word_1_181' title='bbox 647 2723 786 2776; x_wconf 88' lang='lat' dir='ltr'><strong>numero</strong></span> <span class='ocrx_word' id='word_1_182' title='bbox 822 2701 895 2775; x_wconf 91' lang='lat' dir='ltr'><strong>illis</strong></span> <span class='ocrx_word' id='word_1_183' title='bbox 932 2701 1096 2796; x_wconf 88' lang='lat' dir='ltr'><strong>imponit,</strong></span> <span class='ocrx_word' id='word_1_184' title='bbox 1134 2704 1242 2775; x_wconf 86' lang='lat' dir='ltr'><strong>terras</strong></span> <span class='ocrx_word' id='word_1_185' title='bbox 1277 2701 1458 2777; x_wconf 83' lang='lat' dir='ltr'><strong>Lesthonis</strong></span> <span class='ocrx_word' id='word_1_186' title='bbox 1493 2705 1697 2778; x_wconf 83' lang='lat' dir='ltr'><strong>vastaturos.</strong></span> 
     </span>
    </p>
   </div>
   <div class='ocr_carea' id='block_1_10' title="bbox 144 2821 1699 2918">
    <p class='ocr_par' dir='ltr' id='par_1_10' title="bbox 144 2821 1699 2918">
     <span class='ocr_line' id='line_1_19' title="bbox 144 2821 1699 2918; baseline 0.002 -21"><span class='ocrx_word' id='word_1_187' title='bbox 144 2823 237 2898; x_wconf 82' lang='lat' dir='ltr'><strong>&#39;lulit</strong></span> <span class='ocrx_word' id='word_1_188' title='bbox 263 2823 442 2917; x_wconf 86' lang='lat' dir='ltr'><strong>aliquanto</strong></span> <span class='ocrx_word' id='word_1_189' title='bbox 469 2826 618 2918; x_wconf 84' lang='lat' dir='ltr'><strong>tempore</strong></span> <span class='ocrx_word' id='word_1_190' title='bbox 644 2824 770 2899; x_wconf 86' lang='lat' dir='ltr'><strong>Lestho</strong></span> <span class='ocrx_word' id='word_1_191' title='bbox 796 2825 875 2898; x_wconf 84' lang='lat' dir='ltr'><strong>Dux</strong></span> <span class='ocrx_word' id='word_1_192' title='bbox 902 2825 1031 2898; x_wconf 87' lang='lat' dir='ltr'><strong>etroces</strong></span> <span class='ocrx_word' id='word_1_193' title='bbox 1058 2821 1250 2898; x_wconf 91' lang='lat' dir='ltr'><strong>huiusmodi</strong></span> <span class='ocrx_word' id='word_1_194' title='bbox 1277 2823 1430 2915; x_wconf 84' lang='lat' dir='ltr'><strong>iniurias,</strong></span> <span class='ocrx_word' id='word_1_195' title='bbox 1459 2827 1495 2900; x_wconf 89' lang='lat' dir='ltr'><strong>et</strong></span> <span class='ocrx_word' id='word_1_196' title='bbox 1522 2825 1635 2901; x_wconf 90' lang='lat' dir='ltr'><strong>missis</strong></span> <span class='ocrx_word' id='word_1_197' title='bbox 1656 2828 1699 2900; x_wconf 90' lang='lat' dir='ltr'><strong>ad</strong></span> 
     </span>
    </p>
   </div>
   <div class='ocr_carea' id='block_1_11' title="bbox 1 2933 1700 3407">
    <p class='ocr_par' dir='ltr' id='par_1_11' title="bbox 1 2933 1700 3407">
     <span class='ocr_line' id='line_1_20' title="bbox 1 2933 1700 3036; baseline 0.001 -15"><span class='ocrx_word' id='word_1_198' title='bbox 1 2933 2 2982; x_wconf 69' lang='lat'>³</span> <span class='ocrx_word' id='word_1_199' title='bbox 144 2946 334 3021; x_wconf 84' lang='lat' dir='ltr'><strong>Romanum</strong></span> <span class='ocrx_word' id='word_1_200' title='bbox 371 2944 520 3036; x_wconf 87' lang='lat' dir='ltr'><strong>nuntiis,</strong></span> <span class='ocrx_word' id='word_1_201' title='bbox 558 2945 667 3021; x_wconf 89' lang='lat' dir='ltr'><strong>redire</strong></span> <span class='ocrx_word' id='word_1_202' title='bbox 693 2946 736 3020; x_wconf 85' lang='lat' dir='ltr'><strong>ud</strong></span> <span class='ocrx_word' id='word_1_203' title='bbox 763 2948 883 3020; x_wconf 87' lang='lat' dir='ltr'><strong>bonurn</strong></span> <span class='ocrx_word' id='word_1_204' title='bbox 916 2948 1064 3022; x_wconf 86' lang='lat' dir='ltr'><strong>mentem</strong></span> <span class='ocrx_word' id='word_1_205' title='bbox 1101 2947 1276 3036; x_wconf 90' lang='lat' dir='ltr'><strong>monebat,</strong></span> <span class='ocrx_word' id='word_1_206' title='bbox 1314 2945 1515 3022; x_wconf 86' lang='lat' dir='ltr'><strong>existimans</strong></span> <span class='ocrx_word' id='word_1_207' title='bbox 1541 2969 1578 3023; x_wconf 90' lang='lat' dir='ltr'><strong>se</strong></span> <span class='ocrx_word' id='word_1_208' title='bbox 1604 2947 1700 3022; x_wconf 91' lang='lat' dir='ltr'><strong>illius</strong></span> 
     </span>
     <span class='ocr_line' id='line_1_21' title="bbox 1 3065 1697 3162; baseline 0.001 -20"><span class='ocrx_word' id='word_1_209' title='bbox 1 3139 2 3152; x_wconf 71' lang='grc'>,</span> <span class='ocrx_word' id='word_1_210' title='bbox 144 3067 370 3144; x_wconf 80' lang='lat' dir='ltr'><strong>temeritatem</strong></span> <span class='ocrx_word' id='word_1_211' title='bbox 397 3067 631 3143; x_wconf 84' lang='lat' dir='ltr'><strong>benevolentia</strong></span> <span class='ocrx_word' id='word_1_212' title='bbox 657 3067 769 3162; x_wconf 80' lang='lat' dir='ltr'><strong>magis</strong></span> <span class='ocrx_word' id='word_1_213' title='bbox 787 3089 888 3162; x_wconf 85' lang='lat' dir='ltr'><strong>quum</strong></span> <span class='ocrx_word' id='word_1_214' title='bbox 915 3067 1108 3142; x_wconf 79' lang='lat' dir='ltr'><strong>hostilitate</strong></span> <span class='ocrx_word' id='word_1_215' title='bbox 1134 3065 1303 3162; x_wconf 86' lang='lat' dir='ltr'><strong>reciproca</strong></span> <span class='ocrx_word' id='word_1_216' title='bbox 1329 3069 1539 3143; x_wconf 86' lang='lat' dir='ltr'><strong>sanaturum.</strong></span> <span class='ocrx_word' id='word_1_217' title='bbox 1573 3070 1697 3144; x_wconf 85' lang='lat' dir='ltr'><strong>Verum</strong></span> 
     </span>
     <span class='ocr_line' id='line_1_22' title="bbox 143 3188 1697 3285; baseline 0.002 -21.749"><span class='ocrx_word' id='word_1_218' title='bbox 143 3189 219 3264; x_wconf 91' lang='lat' dir='ltr'><strong>dnm</strong></span> <span class='ocrx_word' id='word_1_219' title='bbox 245 3191 423 3264; x_wconf 64' lang='lat' dir='ltr'><strong>fflmouus</strong></span> <span class='ocrx_word' id='word_1_220' title='bbox 449 3211 492 3264; x_wconf 87' lang='lat' dir='ltr'><strong>ex</strong></span> <span class='ocrx_word' id='word_1_221' title='bbox 519 3189 629 3265; x_wconf 83' lang='lat' dir='ltr'><strong>uerbis</strong></span> <span class='ocrx_word' id='word_1_222' title='bbox 656 3192 691 3264; x_wconf 89' lang='lat' dir='ltr'><strong>et</strong></span> <span class='ocrx_word' id='word_1_223' title='bbox 717 3188 944 3284; x_wconf 81' lang='lat' dir='ltr'><strong>legationibus</strong></span> <span class='ocrx_word' id='word_1_224' title='bbox 972 3189 1153 3265; x_wconf 81' lang='lat' dir='ltr'><strong>hestlronis</strong></span> <span class='ocrx_word' id='word_1_225' title='bbox 1188 3189 1327 3264; x_wconf 86' lang='lat' dir='ltr'><strong>inflatus</strong></span> <span class='ocrx_word' id='word_1_226' title='bbox 1360 3189 1470 3285; x_wconf 85' lang='lat' dir='ltr'><strong>magis</strong></span> <span class='ocrx_word' id='word_1_227' title='bbox 1497 3213 1597 3283; x_wconf 90' lang='lat' dir='ltr'><strong>quoru</strong></span> <span class='ocrx_word' id='word_1_228' title='bbox 1625 3214 1697 3266; x_wconf 88' lang='lat' dir='ltr'><strong>cor·</strong></span> 
     </span>
     <span class='ocr_line' id='line_1_23' title="bbox 1 3297 1697 3407; baseline 0.002 -24"><span class='ocrx_word' id='word_1_229' title='bbox 1 3297 2 3306; x_wconf 14' lang='grc' dir='ltr'><strong><em>Ν</em></strong></span> <span class='ocrx_word' id='word_1_230' title='bbox 143 3313 263 3403; x_wconf 89' lang='lat' dir='ltr'><strong>rectus,</strong></span> <span class='ocrx_word' id='word_1_231' title='bbox 295 3310 383 3384; x_wconf 93' lang='lat' dir='ltr'><strong>uihil</strong></span> <span class='ocrx_word' id='word_1_232' title='bbox 411 3298 588 3405; x_wconf 79' lang='lat' dir='ltr'><strong>pacificum</strong></span> <span class='ocrx_word' id='word_1_233' title='bbox 616 3312 848 3406; x_wconf 87' lang='lat' dir='ltr'><strong>responderet,</strong></span> <span class='ocrx_word' id='word_1_234' title='bbox 878 3310 1121 3406; x_wconf 91' lang='lat' dir='ltr'><strong>repressalibus</strong></span> <span class='ocrx_word' id='word_1_235' title='bbox 1146 3311 1272 3386; x_wconf 83' lang='lat' dir='ltr'><strong>Lestho</strong></span> <span class='ocrx_word' id='word_1_236' title='bbox 1298 3311 1350 3384; x_wconf 91' lang='lat' dir='ltr'><strong>uti</strong></span> <span class='ocrx_word' id='word_1_237' title='bbox 1378 3311 1507 3407; x_wconf 89' lang='lat' dir='ltr'><strong>coepit,</strong></span> <span class='ocrx_word' id='word_1_238' title='bbox 1535 3314 1571 3388; x_wconf 91' lang='lat' dir='ltr'><strong>et</strong></span> <span class='ocrx_word' id='word_1_239' title='bbox 1597 3311 1697 3388; x_wconf 89' lang='lat' dir='ltr'><strong>vicis·</strong></span> 
     </span>
    </p>
   </div>
   <div class='ocr_carea' id='block_1_12' title="bbox 143 3431 1699 3894">
    <p class='ocr_par' dir='ltr' id='par_1_12' title="bbox 143 3431 1699 3772">
     <span class='ocr_line' id='line_1_24' title="bbox 144 3431 1699 3530; baseline 0.001 -24"><span class='ocrx_word' id='word_1_240' title='bbox 144 3431 355 3508; x_wconf 85' lang='lat' dir='ltr'><strong>situdinariis</strong></span> <span class='ocrx_word' id='word_1_241' title='bbox 395 3431 559 3508; x_wconf 87' lang='lat' dir='ltr'><strong>ordinatis</strong></span> <span class='ocrx_word' id='word_1_242' title='bbox 599 3431 794 3528; x_wconf 81' lang='lat' dir='ltr'><strong>praesidiis,</strong></span> <span class='ocrx_word' id='word_1_243' title='bbox 836 3434 1012 3508; x_wconf 84' lang='lat' dir='ltr'><strong>Ruthenos</strong></span> <span class='ocrx_word' id='word_1_244' title='bbox 1052 3435 1178 3509; x_wconf 89' lang='lat' dir='ltr'><strong>temere</strong></span> <span class='ocrx_word' id='word_1_245' title='bbox 1213 3454 1406 3528; x_wconf 77' lang='lat' dir='ltr'><strong>progressos</strong></span> <span class='ocrx_word' id='word_1_246' title='bbox 1441 3434 1477 3509; x_wconf 91' lang='lat' dir='ltr'><strong>et</strong></span> <span class='ocrx_word' id='word_1_247' title='bbox 1512 3434 1554 3508; x_wconf 85' lang='lat' dir='ltr'><strong>ad</strong></span> <span class='ocrx_word' id='word_1_248' title='bbox 1589 3434 1699 3530; x_wconf 92' lang='lat' dir='ltr'><strong>spolia</strong></span> 
     </span>
     <span class='ocr_line' id='line_1_25' title="bbox 143 3553 1699 3650; baseline 0.001 -21"><span class='ocrx_word' id='word_1_249' title='bbox 143 3555 285 3645; x_wconf 79' lang='lat' dir='ltr'><strong>effusos,</strong></span> <span class='ocrx_word' id='word_1_250' title='bbox 314 3553 446 3648; x_wconf 87' lang='lat' dir='ltr'><strong>aliquot</strong></span> <span class='ocrx_word' id='word_1_251' title='bbox 472 3554 712 3632; x_wconf 83' lang='lat' dir='ltr'><strong>certaminibus</strong></span> <span class='ocrx_word' id='word_1_252' title='bbox 744 3554 898 3630; x_wconf 67' lang='lat' dir='ltr'><strong>monadis</strong></span> <span class='ocrx_word' id='word_1_253' title='bbox 924 3554 951 3650; x_wconf 81' lang='lat'><strong>⁴)</strong></span> <span class='ocrx_word' id='word_1_254' title='bbox 987 3554 1128 3646; x_wconf 76' lang='lat' dir='ltr'><strong>emunit,</strong></span> <span class='ocrx_word' id='word_1_255' title='bbox 1157 3576 1338 3648; x_wconf 89' lang='lat' dir='ltr'><strong>eorumque</strong></span> <span class='ocrx_word' id='word_1_256' title='bbox 1364 3554 1580 3631; x_wconf 87' lang='lat' dir='ltr'><strong>insolentiam</strong></span> <span class='ocrx_word' id='word_1_257' title='bbox 1606 3555 1699 3632; x_wconf 83' lang='lat' dir='ltr'><strong>brevi</strong></span> 
     </span>
     <span class='ocr_line' id='line_1_26' title="bbox 143 3676 360 3772; baseline -0.014 -20"><span class='ocrx_word' id='word_1_258' title='bbox 143 3676 360 3772; x_wconf 87' lang='lat' dir='ltr'><strong>compescuit.</strong></span> 
     </span>
    </p>

    <p class='ocr_par' dir='ltr' id='par_1_13' title="bbox 243 3797 1698 3894">
     <span class='ocr_line' id='line_1_27' title="bbox 243 3797 1698 3894; baseline -0.001 -21"><span class='ocrx_word' id='word_1_259' title='bbox 243 3801 457 3874; x_wconf 77' lang='lat' dir='ltr'><strong>bleranorum</strong></span> <span class='ocrx_word' id='word_1_260' title='bbox 484 3797 646 3894; x_wconf 90' lang='lat' dir='ltr'><strong>Princeps</strong></span> <span class='ocrx_word' id='word_1_261' title='bbox 672 3797 851 3894; x_wconf 88' lang='lat' dir='ltr'><strong>Dipoldns,</strong></span> <span class='ocrx_word' id='word_1_262' title='bbox 880 3797 1084 3873; x_wconf 85' lang='lat' dir='ltr'><strong>Praemislao</strong></span> <span class='ocrx_word' id='word_1_263' title='bbox 1111 3799 1335 3874; x_wconf 89' lang='lat' dir='ltr'><strong>Bohemorum</strong></span> <span class='ocrx_word' id='word_1_264' title='bbox 1361 3797 1450 3893; x_wconf 84' lang='lat' dir='ltr'><strong>Regi</strong></span> <span class='ocrx_word' id='word_1_265' title='bbox 1477 3802 1512 3874; x_wconf 89' lang='lat' dir='ltr'><strong>et</strong></span> <span class='ocrx_word' id='word_1_266' title='bbox 1538 3799 1698 3875; x_wconf 89' lang='lat' dir='ltr'><strong>Bohemis</strong></span> 
     </span>
    </p>
   </div>
   <div class='ocr_carea' id='block_1_13' title="bbox 117 3917 1697 4624">
    <p class='ocr_par' dir='ltr' id='par_1_14' title="bbox 117 3917 1697 4624">
     <span class='ocr_line' id='line_1_28' title="bbox 143 3917 1697 4016; baseline 0.001 -23"><span class='ocrx_word' id='word_1_267' title='bbox 143 3919 309 4012; x_wconf 83' lang='lat' dir='ltr'><strong>infestus,</strong></span> <span class='ocrx_word' id='word_1_268' title='bbox 351 3919 547 3996; x_wconf 89' lang='lat' dir='ltr'><strong>Boheroiom</strong></span> <span class='ocrx_word' id='word_1_269' title='bbox 582 3919 754 3996; x_wconf 88' lang='lat' dir='ltr'><strong>hostiliter</strong></span> <span class='ocrx_word' id='word_1_270' title='bbox 788 3919 997 4016; x_wconf 76' lang='lat' dir='ltr'><strong>ingreditur,</strong></span> <span class='ocrx_word' id='word_1_271' title='bbox 1036 3923 1071 3994; x_wconf 92' lang='lat' dir='ltr'><strong>et</strong></span> <span class='ocrx_word' id='word_1_272' title='bbox 1106 3917 1261 4015; x_wconf 90' lang='lat' dir='ltr'><strong>pluribus</strong></span> <span class='ocrx_word' id='word_1_273' title='bbox 1296 3919 1433 4016; x_wconf 90' lang='lat' dir='ltr'><strong>spoliis,</strong></span> <span class='ocrx_word' id='word_1_274' title='bbox 1471 3919 1633 3995; x_wconf 91' lang='lat' dir='ltr'><strong>incendiis</strong></span> <span class='ocrx_word' id='word_1_275' title='bbox 1661 3923 1697 3995; x_wconf 86' lang='lat' dir='ltr'><strong>el</strong></span> 
     </span>
     <span class='ocr_line' id='line_1_29' title="bbox 143 4039 1695 4138; baseline 0 -22"><span class='ocrx_word' id='word_1_276' title='bbox 143 4041 275 4117; x_wconf 88' lang='lat' dir='ltr'><strong>damnis</strong></span> <span class='ocrx_word' id='word_1_277' title='bbox 301 4041 339 4116; x_wconf 92' lang='lat' dir='ltr'><strong>in</strong></span> <span class='ocrx_word' id='word_1_278' title='bbox 366 4064 406 4116; x_wconf 90' lang='lat' dir='ltr'><strong>ea</strong></span> <span class='ocrx_word' id='word_1_279' title='bbox 432 4039 638 4134; x_wconf 87' lang='lat' dir='ltr'><strong>commissis,</strong></span> <span class='ocrx_word' id='word_1_280' title='bbox 676 4042 756 4117; x_wconf 82' lang='lat' dir='ltr'><strong>adeo</strong></span> <span class='ocrx_word' id='word_1_281' title='bbox 788 4041 824 4114; x_wconf 91' lang='lat' dir='ltr'><strong>in</strong></span> <span class='ocrx_word' id='word_1_282' title='bbox 851 4041 947 4117; x_wconf 87' lang='lat' dir='ltr'><strong>illam</strong></span> <span class='ocrx_word' id='word_1_283' title='bbox 975 4044 1112 4137; x_wconf 89' lang='lat' dir='ltr'><strong>propter</strong></span> <span class='ocrx_word' id='word_1_284' title='bbox 1138 4040 1336 4118; x_wconf 86' lang='lat' dir='ltr'><strong>Praemislai</strong></span> <span class='ocrx_word' id='word_1_285' title='bbox 1363 4041 1469 4138; x_wconf 87' lang='lat' dir='ltr'><strong>Regis</strong></span> <span class='ocrx_word' id='word_1_286' title='bbox 1496 4042 1695 4132; x_wconf 87' lang='lat' dir='ltr'><strong>absentiam,</strong></span> 
     </span>
     <span class='ocr_line' id='line_1_30' title="bbox 117 4163 1696 4260; baseline 0.001 -22"><span class='ocrx_word' id='word_1_287' title='bbox 117 4163 199 4258; x_wconf 54' lang='lat' dir='ltr'><strong>&#39;qni</strong></span> <span class='ocrx_word' id='word_1_288' title='bbox 226 4166 312 4240; x_wconf 89' lang='lat' dir='ltr'><strong>tunc</strong></span> <span class='ocrx_word' id='word_1_289' title='bbox 338 4163 373 4238; x_wconf 93' lang='lat' dir='ltr'><strong>in</strong></span> <span class='ocrx_word' id='word_1_290' title='bbox 402 4163 615 4260; x_wconf 86' lang='lat' dir='ltr'><strong>expeditione</strong></span> <span class='ocrx_word' id='word_1_291' title='bbox 654 4163 831 4239; x_wconf 83' lang='lat' dir='ltr'><strong>Almauica</strong></span> <span class='ocrx_word' id='word_1_292' title='bbox 846 4163 874 4258; x_wconf 70' lang='grc' dir='ltr'><strong>ὅ)</strong></span> <span class='ocrx_word' id='word_1_293' title='bbox 910 4164 1115 4239; x_wconf 86' lang='lat' dir='ltr'><strong>constitutus</strong></span> <span class='ocrx_word' id='word_1_294' title='bbox 1151 4163 1348 4259; x_wconf 92' lang='lat' dir='ltr'><strong>Philippum</strong></span> <span class='ocrx_word' id='word_1_295' title='bbox 1384 4165 1501 4238; x_wconf 86' lang='lat' dir='ltr'><strong>contre</strong></span> <span class='ocrx_word' id='word_1_296' title='bbox 1540 4165 1696 4239; x_wconf 88' lang='lat' dir='ltr'><strong>Ottonem</strong></span> 
     </span>
     <span class='ocr_line' id='line_1_31' title="bbox 143 4285 1697 4380; baseline 0.001 -22"><span class='ocrx_word' id='word_1_297' title='bbox 143 4308 201 4379; x_wconf 90' lang='lat' dir='ltr'><strong>pre</strong></span> <span class='ocrx_word' id='word_1_298' title='bbox 227 4285 376 4380; x_wconf 90' lang='lat' dir='ltr'><strong>Imperio</strong></span> <span class='ocrx_word' id='word_1_299' title='bbox 403 4285 613 4360; x_wconf 86' lang='lat' dir='ltr'><strong>diffidentem</strong></span> <span class='ocrx_word' id='word_1_300' title='bbox 640 4286 839 4375; x_wconf 82' lang='lat' dir='ltr'><strong>adiuuabat,</strong></span> <span class='ocrx_word' id='word_1_301' title='bbox 868 4288 1043 4380; x_wconf 85' lang='lat' dir='ltr'><strong>grassatus</strong></span> <span class='ocrx_word' id='word_1_302' title='bbox 1069 4288 1143 4376; x_wconf 87' lang='lat' dir='ltr'><strong>est,</strong></span> <span class='ocrx_word' id='word_1_303' title='bbox 1171 4287 1211 4359; x_wconf 88' lang='lat' dir='ltr'><strong>ut</strong></span> <span class='ocrx_word' id='word_1_304' title='bbox 1237 4285 1339 4360; x_wconf 85' lang='lat' dir='ltr'><strong>eiiam</strong></span> <span class='ocrx_word' id='word_1_305' title='bbox 1367 4287 1512 4380; x_wconf 78' lang='lat' dir='ltr'><strong>Pregam</strong></span> <span class='ocrx_word' id='word_1_306' title='bbox 1539 4285 1633 4380; x_wconf 84' lang='lat' dir='ltr'><strong>grani</strong></span> <span class='ocrx_word' id='word_1_307' title='bbox 1662 4289 1697 4360; x_wconf 85' lang='lat' dir='ltr'><strong>et</strong></span> 
     </span>
     <span class='ocr_line' id='line_1_32' title="bbox 143 4405 1697 4503; baseline 0 -23"><span class='ocrx_word' id='word_1_308' title='bbox 143 4407 306 4482; x_wconf 82' lang='lat' dir='ltr'><strong>diuturno</strong></span> <span class='ocrx_word' id='word_1_309' title='bbox 332 4406 502 4483; x_wconf 84' lang='lat' dir='ltr'><strong>obsidione</strong></span> <span class='ocrx_word' id='word_1_310' title='bbox 529 4406 732 4503; x_wconf 80' lang='lat' dir='ltr'><strong>stringeret:</strong></span> <span class='ocrx_word' id='word_1_311' title='bbox 777 4428 878 4500; x_wconf 87' lang='lat' dir='ltr'><strong>quam</strong></span> <span class='ocrx_word' id='word_1_312' title='bbox 905 4405 1129 4481; x_wconf 85' lang='lat' dir='ltr'><strong>Praemislaus</strong></span> <span class='ocrx_word' id='word_1_313' title='bbox 1156 4407 1233 4482; x_wconf 83' lang='lat' dir='ltr'><strong>Rex</strong></span> <span class='ocrx_word' id='word_1_314' title='bbox 1259 4429 1302 4483; x_wconf 85' lang='lat' dir='ltr'><strong>ex</strong></span> <span class='ocrx_word' id='word_1_315' title='bbox 1335 4406 1519 4481; x_wconf 82' lang='lat' dir='ltr'><strong>Alruennin</strong></span> <span class='ocrx_word' id='word_1_316' title='bbox 1545 4429 1697 4483; x_wconf 83' lang='lat' dir='ltr'><strong>reuersus</strong></span> 
     </span>
     <span class='ocr_line' id='line_1_33' title="bbox 143 4527 1212 4624; baseline -0.002 -20"><span class='ocrx_word' id='word_1_317' title='bbox 143 4528 310 4621; x_wconf 82' lang='lat' dir='ltr'><strong>dissolvit,</strong></span> <span class='ocrx_word' id='word_1_318' title='bbox 337 4528 523 4624; x_wconf 74' lang='lat' dir='ltr'><strong>Dipoldo⁶l</strong></span> <span class='ocrx_word' id='word_1_319' title='bbox 550 4551 626 4605; x_wconf 92' lang='lat' dir='ltr'><strong>cum</strong></span> <span class='ocrx_word' id='word_1_320' title='bbox 653 4527 724 4604; x_wconf 88' lang='lat' dir='ltr'><strong>suis</strong></span> <span class='ocrx_word' id='word_1_321' title='bbox 751 4527 1003 4624; x_wconf 60' lang='lat' dir='ltr'><strong>detructeuteb</strong></span> <span class='ocrx_word' id='word_1_322' title='bbox 1031 4530 1212 4605; x_wconf 85' lang='lat' dir='ltr'><strong>certamen.</strong></span> 
     </span>
    </p>
   </div>
   <div class='ocr_carea' id='block_1_14' title="bbox 142 4820 1696 5100">
    <p class='ocr_par' dir='ltr' id='par_1_15' title="bbox 142 4820 1696 5100">
     <span class='ocr_line' id='line_1_34' title="bbox 250 4820 1696 4904; baseline -0.003 -16"><span class='ocrx_word' id='word_1_323' title='bbox 250 4825 274 4904; x_wconf 89' lang='lat'><strong>¹)</strong></span> <span class='ocrx_word' id='word_1_324' title='bbox 297 4827 444 4902; x_wconf 86' lang='lat' dir='ltr'><strong>primariis</strong></span> <span class='ocrx_word' id='word_1_325' title='bbox 467 4825 527 4887; x_wconf 85' lang='lat' dir='ltr'><strong>Ed.</strong></span> <span class='ocrx_word' id='word_1_326' title='bbox 550 4827 645 4887; x_wconf 82' lang='lat' dir='ltr'><strong>Dour.</strong></span> <span class='ocrx_word' id='word_1_327' title='bbox 693 4823 719 4902; x_wconf 60' lang='grc' dir='ltr'><strong>ῃ)</strong></span> <span class='ocrx_word' id='word_1_328' title='bbox 741 4827 880 4886; x_wconf 80' lang='lat' dir='ltr'><strong>lascivom</strong></span> <span class='ocrx_word' id='word_1_329' title='bbox 906 4821 977 4888; x_wconf 71' lang='lat' dir='ltr'><strong>dod.</strong></span> <span class='ocrx_word' id='word_1_330' title='bbox 1000 4827 1091 4888; x_wconf 74' lang='lat' dir='ltr'><strong>Roar.</strong></span> <span class='ocrx_word' id='word_1_331' title='bbox 1125 4823 1164 4902; x_wconf 68' lang='grc'><strong>’3)</strong></span> <span class='ocrx_word' id='word_1_332' title='bbox 1188 4825 1310 4886; x_wconf 88' lang='lat' dir='ltr'><strong>cuilibet</strong></span> <span class='ocrx_word' id='word_1_333' title='bbox 1334 4823 1404 4888; x_wconf 74' lang='lat' dir='ltr'><strong>(lod.</strong></span> <span class='ocrx_word' id='word_1_334' title='bbox 1428 4826 1519 4886; x_wconf 71' lang='lat' dir='ltr'><strong>Recr.</strong></span> <span class='ocrx_word' id='word_1_335' title='bbox 1563 4820 1590 4900; x_wconf 86' lang='lat'><strong>⁴)</strong></span> <span class='ocrx_word' id='word_1_336' title='bbox 1613 4843 1696 4900; x_wconf 88' lang='lat' dir='ltr'><strong>pros-</strong></span> 
     </span>
     <span class='ocr_line' id='line_1_35' title="bbox 142 4925 1696 5018; baseline 0 -26"><span class='ocrx_word' id='word_1_337' title='bbox 142 4931 219 5004; x_wconf 87' lang='lat' dir='ltr'><strong>peris</strong></span> <span class='ocrx_word' id='word_1_338' title='bbox 242 4931 303 4994; x_wconf 73' lang='lat' dir='ltr'><strong>Eu.</strong></span> <span class='ocrx_word' id='word_1_339' title='bbox 325 4931 419 4992; x_wconf 87' lang='lat' dir='ltr'><strong>chr.</strong></span> <span class='ocrx_word' id='word_1_340' title='bbox 466 4925 492 5009; x_wconf 73' lang='lat'><strong>⁶)</strong></span> <span class='ocrx_word' id='word_1_341' title='bbox 515 4932 546 4991; x_wconf 91' lang='lat' dir='ltr'><strong>in</strong></span> <span class='ocrx_word' id='word_1_342' title='bbox 567 4931 704 4992; x_wconf 75' lang='lat' dir='ltr'><strong>Almonis</strong></span> <span class='ocrx_word' id='word_1_343' title='bbox 729 4931 790 4994; x_wconf 83' lang='lat' dir='ltr'><strong>Ed.</strong></span> <span class='ocrx_word' id='word_1_344' title='bbox 815 4931 903 5013; x_wconf 71' lang='lat' dir='ltr'><strong>Iope.</strong></span> <span class='ocrx_word' id='word_1_345' title='bbox 950 4927 977 5018; x_wconf 81' lang='lat'><strong>⁶)</strong></span> <span class='ocrx_word' id='word_1_346' title='bbox 1000 4931 1154 5012; x_wconf 82' lang='lat' dir='ltr'><strong>Deypoldo</strong></span> <span class='ocrx_word' id='word_1_347' title='bbox 1181 4929 1252 4994; x_wconf 79' lang='lat' dir='ltr'><strong>God.</strong></span> <span class='ocrx_word' id='word_1_348' title='bbox 1275 4928 1348 4991; x_wconf 82' lang='lat' dir='ltr'><strong>Aut.</strong></span> <span class='ocrx_word' id='word_1_349' title='bbox 1396 4926 1424 5008; x_wconf 73' lang='lat'><strong>¹)</strong></span> <span class='ocrx_word' id='word_1_350' title='bbox 1448 4931 1614 4992; x_wconf 72' lang='lat' dir='ltr'><strong>detestante</strong></span> <span class='ocrx_word' id='word_1_351' title='bbox 1636 4929 1696 4992; x_wconf 82' lang='lat' dir='ltr'><strong>Ed.</strong></span> 
     </span>
     <span class='ocr_line' id='line_1_36' title="bbox 143 5034 235 5100; baseline 0 0"><span class='ocrx_word' id='word_1_352' title='bbox 143 5034 235 5100; x_wconf 64' lang='grc' dir='ltr'><em>θοὸν.</em></span> 
     </span>
    </p>
   </div>
   <div class='ocr_carea' id='block_1_15' title="bbox 0 0 2090 6278">
    <p class='ocr_par' dir='ltr' id='par_1_16' title="bbox 0 0 2090 6278">
     <span class='ocr_line' id='line_1_37' title="bbox 0 0 2090 6278; baseline 0 0"><span class='ocrx_word' id='word_1_353' title='bbox 0 0 2090 6278; x_wconf 95' lang='lat' dir='ltr'><strong> </strong></span> 
     </span>
    </p>
   </div>
  </div>
 </body>
</html>
