4246 6274
155 555 211 648 (Α.
230 553 277 629 D.
297 555 399 649 lusu.)
755 575 866 628 arena
892 577 1061 640 omarus.

432 889 591 980 stupbaao
617 889 824 961 Puauanluuai
852 889 999 980 episeopo
1028 887 1173 961 succedit
1200 888 1389 962 badvauua.

252 1131 374 1206 Lustra
401 1154 465 1206 uno
492 1131 682 1226 Stephanus
709 1130 941 1206 Posnaniensis
967 1131 1140 1226 episcopus
1166 1130 1201 1204 in
1228 1129 1423 1226 pontificatu
1456 1133 1584 1222 exacto,
1613 1154 1673 1226 pa-

153 1253 281 1327 ralisim
307 1253 488 1344 incurrens,
516 1252 656 1327 moritur
683 1254 717 1327 et
744 1253 778 1326 in
805 1253 1020 1328 Posnaniensi
1058 1253 1198 1328 ecclesia
1228 1253 1400 1347 sepelitur.
1448 1252 1508 1326 dui
1534 1253 1674 1327 Radua-

153 1398 213 1448 nus
239 1374 458 1450 scholasticus
485 1375 717 1450 Posnaniens'is
751 1375 966 1449 substituitur
1002 1399 1059 1468 per
1086 1375 1281 1450 electionem
1316 1373 1516 1464 canonicam,
1554 1375 1675 1448 nobilia

152 1499 191 1572 de
216 1499 313 1571 dormo
340 1497 634 1586 Sraeniauitarum,
662 1519 682 1570 a
709 1497 855 1570 Ianislao
891 1497 1074 1572 Gnesnensi
1111 1497 1356 1591 archiepiscopo
1392 1495 1606 1570 confirmatus
1641 1499 1676 1570 et

153 1619 186 1693 in
212 1619 353 1694 ecclesia
381 1619 602 1715 Unpeouieusi
638 1619 678 1693 de
713 1641 873 1693 consensu
907 1620 1083 1714 Myeuzslai
1119 1618 1254 1694 Maioris
1290 1618 1446 1694 Polouiau
1483 1618 1584 1693 Ducis
1619 1621 1675 1694 be·

155 1740 307 1816 nedictus
327 1741 360 1836 ¹).

383 2107 558 2180 undenum
584 2109 781 2183 barbarossa
807 2108 924 2180 damae
952 2108 983 2178 in
1010 2108 1235 2199 imputaturum
1262 2111 1440 2182 coronatur.

255 2347 444 2422 Fridericus
466 2348 687 2422 Rornanorum
714 2349 788 2422 Rex
815 2348 950 2422 vocatus
968 2348 1181 2438 Barbarossa,
1210 2349 1348 2422 collecta
1365 2348 1562 2424 Germaniae
1579 2349 1676 2423 Prin-

153 2469 264 2566 cipum
283 2473 318 2544 et
335 2469 481 2546 militurn
509 2469 735 2560 multitudine,
763 2469 799 2543 in
825 2470 980 2560 Italiam,
1009 2469 1214 2563 imperialem
1239 2469 1499 2546 benedictionem
1525 2474 1639 2567 accept
1663 2513 1677 2526 -

152 2615 219 2684 rus,
249 2592 422 2687 processit.
450 2591 482 2666 Α
508 2615 572 2684 quo
599 2614 672 2666 cunr
699 2593 903 2667 veronenses
930 2615 989 2685 pro
1015 2592 1162 2666 transitu
1189 2592 1362 2686 pecuniam
1388 2593 1590 2696 exigendo²)
1617 2594 1679 2669 iter

153 2737 249 2788 suum
278 2715 502 2806 retardarunt,
538 2713 699 2808 promissa
726 2714 865 2808 pecunia
899 2713 1133 2788 difficultatem
1163 2713 1315 2789 dissoluit
1349 2715 1383 2789 et
1418 2715 1588 2790 duodecim
1614 2716 1680 2791 Ve-

154 2836 349 2912 ronensium
374 2837 505 2931 legatos
533 2837 573 2910 ad
600 2859 635 2911 se
662 2859 720 2931 pro
747 2835 887 2930 pecunie
912 2835 1082 2910 uenientes
1108 2836 1143 2908 in
1170 2835 1357 2930 patibulum
1384 2836 1466 2932 egit.
1499 2835 1682 2931 Teruonap

153 2959 382 3034 munitissima
400 2958 536 3034 civitate
553 2958 652 3048 ricta,
681 2959 815 3052 Spoletu
841 2981 917 3032 uero
944 2960 1073 3048 exusto,
1101 2957 1242 3032 Romam
1269 2958 1473 3053 perveniens,
1501 2961 1543 3033 ab
1561 2958 1681 3034 Adria-

153 3105 194 3156 no
221 3083 319 3176 Papa
345 3103 419 3156 cum
445 3103 565 3176 magm
591 3081 713 3176 gaudio
746 3080 892 3155 omnium
919 3082 1092 3174 susceptus
1119 3082 1153 3154 ut
1180 3080 1216 3154 in
1238 3081 1479 3176 ¹Imperatorem
1507 3082 1682 3156 coronatus

152 3205 214 3279 est.
262 3201 516 3278 coronationem
550 3204 662 3278 autem
697 3224 792 3277 suam
826 3202 945 3298 ingens
980 3202 1098 3278 seditio
1125 3204 1239 3278 secuta
1264 3203 1335 3278 est:
1372 3225 1450 3278 narn
1475 3203 1618 3279 Romani
1646 3203 1682 3277 in

152 3327 251 3422 porta
282 3324 396 3401 Sancti
422 3323 545 3420 Angeli
571 3325 701 3399 familia
727 3347 787 3399 suc
812 3323 938 3415 inausa,
975 3325 1054 3399 dum
1089 3325 1249 3420 plurimos
1280 3324 1513 3417 trucidassent,
1551 3347 1682 3401 rumore

153 3451 266 3524 coorto
275 3448 315 3542 ⁴),
343 3470 364 3522 a
389 3446 552 3523 caesareis
579 3447 742 3522 militibus
768 3445 849 3522 uicti
875 3449 910 3522 et
936 3469 1058 3542 magna
1084 3447 1182 3524 caede
1208 3447 1298 3538 adeo,
1327 3449 1365 3522 ut
1391 3447 1519 3524 Tiberis
1546 3448 1682 3544 sangui-

153 3593 194 3645 ne
221 3569 478 3646 interfectorum
504 3572 621 3644 rubras
647 3569 753 3643 undas
779 3571 973 3659 ostentaret,
1001 3568 1117 3644 domiti
1145 3571 1235 3643 sunt.
1266 3567 1398 3665 algente
1424 3571 1538 3645 tenen
1563 3568 1683 3644 Adria·

155 3716 196 3766 no
224 3693 331 3786 Papa,
369 3691 562 3786 pacificatus
589 3693 641 3766 est
666 3693 851 3786 Imperator
873 3690 1034 3766 Romanis
1049 3689 1088 3786 ⁵),
1116 3693 1151 3766 et
1176 3692 1301 3786 plures,
1337 3690 1395 3785 qui
1422 3691 1512 3787 capti
1538 3692 1682 3783 fuerant,

154 3816 326 3888 Romanos
351 3814 505 3888 absoluit.
550 3815 596 3888 ut
624 3813 775 3906 quamuis
811 3813 997 3907 Imperator
1031 3835 1154 3908 magua
1187 3812 1290 3888 fuerit
1323 3810 1468 3888 Adriano
1494 3815 1606 3908 Papae
1632 3815 1683 3888 f-

155 3935 356 4010 miliaritate
382 3935 587 4026 coniunctus,
616 3937 690 4030 post
717 3935 932 4029 Imperatoris
964 3937 1075 4010 tamen
1101 3957 1143 4010 ex
1169 3935 1259 4013 Urbe
1294 3933 1471 4010 discessum
1500 3937 1612 4030 plures
1638 3935 1684 4009 ei-

157 4059 322 4132 multates
348 4057 436 4134 inter
462 4081 517 4134 uus
543 4059 702 4133 conflatu
727 4060 762 4132 et
788 4056 960 4148 aliquantu
986 4059 1134 4151 ternpore
1159 4057 1341 4132 ventilatae
1367 4059 1456 4148 sunt,
1493 4079 1566 4132 cum
1594 4060 1686 4152 Papa

155 4179 402 4256 coronationem
429 4180 459 4256 ei
486 4180 683 4274 praestitam
710 4199 769 4274 pro
795 4178 964 4270 beneficio,
993 4179 1179 4273 Imperator
1205 4201 1264 4273 pro
1282 4179 1392 4255 debito
1410 4179 1686 4274 computaremur).

452 4545 613 4638 Suldguro
641 4547 852 4622 bmauicieuai
879 4547 1028 4640 episcopo
1056 4545 1202 4620 aaooudlt
1226 4545 1398 4620 uunaldus.

262 4788 452 4883 Suidgerus
478 4787 717 4864 (luroriciunsis
743 4789 926 4884 episcopus,
954 4810 1030 4862 uum
1056 4787 1152 4863 annis
1179 4787 1286 4863 tribus
1312 4790 1347 4863 et
1373 4787 1496 4884 viginti
1523 4790 1687 4884 praefuis-

158 4914 209 4987 set
224 4911 264 5004 7),
293 4934 337 4986 ex
363 4909 497 5005 hepatis
522 4910 603 4984 uitio
630 4911 769 4986 rnoritur
795 4913 829 4987 et
855 4911 891 4985 in
918 4911 1137 4986 drusuioiensi
1164 4911 1302 4987 ecclesia
1327 4911 1501 5006 sepelitur.
1530 4912 1589 4987 Oui
1617 4914 1687 4988 Ho-

158 5034 281 5108 noldus
307 5055 428 5127 genere
454 5034 575 5125 Italus,
603 5037 644 5108 ab
671 5033 815 5108 Adriano
844 5037 935 5129 Papa
962 5036 1079 5127 quarto
1111 5033 1152 5107 ad
1178 5033 1373 5128 petitionem
1409 5034 1629 5128 capitularem
1655 5037 1690 5110 et

269 5329 296 5411 ¹)
320 5338 514 5394 consecratus.
527 5333 586 5394 Ed.
608 5333 701 5394 Dobr.
733 5330 759 5411 ῃ)
782 5334 929 5407 exigentes
951 5333 1011 5394 Ed.
1033 5333 1120 5408 Lips.
1151 5327 1177 5408 ³)
1202 5332 1345 5394 Teridona
1372 5328 1442 5392 Ood.
1464 5331 1556 5391 Roar.
1587 5325 1613 5408 ⁴)
1630 5331 1689 5391 ela-

160 5457 240 5501 more
263 5438 342 5502 lacto
365 5440 425 5501 Ed.
448 5440 540 5502 Dobr.
579 5435 604 5518 ⁵)
626 5441 771 5502 Romanos
796 5441 855 5504 Ed.
879 5441 971 5502 Dobr.
1011 5436 1037 5520 ὅ)
1060 5443 1266 5515 computasset.
1287 5437 1345 5504 Ed,
1369 5435 1463 5501 Dobr.
1501 5430 1690 5516 ⁷)praeluis-

163 5551 208 5605 set
231 5545 326 5606 eidem
348 5546 490 5608 eeclesiae
517 5545 587 5607 Cod.
610 5547 700 5610 Rour.
