4172 6278
184 521 244 616 (Α.
265 519 312 598 D.
332 522 453 619 1233.)
814 550 926 604 arnna
953 551 1106 606 snxnos.

366 1085 370 1092 ι
476 1025 480 1030 .
638 913 847 1051 lauba
882 938 1108 1054 nouom
1144 941 1283 1058 raas.

179 1219 301 1294 liliteo
329 1221 458 1295 latoris
485 1223 635 1297 l'olcricc
662 1224 851 1298 exacerbati
877 1226 909 1298 iu
936 1227 1113 1318 Principem
1140 1231 1271 1319 propter
1288 1228 1460 1302 libertates
1479 1229 1734 1319 ecclesiasticas,

181 1343 343 1418 remilart
370 1349 405 1418 at
429 1345 599 1419 llcuucnnr
627 1355 699 1420 coln
718 1347 818 1422 barba
836 1352 975 1423 nocant:
1002 1349 1057 1440 pri
1076 1353 1218 1442 occupat
1235 1368 1361 1423 omnen
1388 1352 1561 1442 boloniam,
1588 1353 1733 1444 agiona

570 1467 750 1542 wladislao
778 1467 820 1543 ad
848 1470 1152 1562 suatopulkonem
1180 1490 1337 1545 cocorum.
1629 1466 1655 1484 ⁹
1720 1485 1721 1490 ‘

284 1707 425 1784 Derotio
442 1710 479 1784 et
497 1709 688 1786 liberalitas
706 1710 891 1787 Wladislai
919 1712 1055 1787 Ottonis
1082 1712 1218 1789 llaioris
1244 1713 1403 1791 Polonice
1429 1714 1532 1791 Ducis
1558 1715 1594 1790 in
1626 1714 1732 1793 onec

179 1851 320 1905 oensem
346 1832 381 1905 et
409 1831 670 1908 Posnanieusem
707 1827 866 1908 ecclosias
900 1835 1067 1926 exhibita,
1105 1837 1235 1912 mentes
1270 1839 1306 1912 et
1337 1837 1473 1930 pectora
1509 1839 1672 1914 boreum
1698 1841 1733 1914 et

177 1953 394 2047 satraparum
421 1953 558 2029 llaioris
584 1954 743 2029 Polomiae
770 1959 840 2031 tarn
867 1955 1000 2052 ingenti
1028 1955 1204 2033 anxietate
1230 1960 1265 2033 et
1292 1958 1397 2036 livore
1410 1959 1633 2052 exacerbavit,
1653 1982 1731 2034 con·

177 2074 339 2168 lecitque,
368 2077 407 2150 ut
434 2075 578 2172 primum
607 2077 805 2152 occisionem
833 2078 928 2152 illius
954 2080 1200 2174 conspiratione
1228 2081 1439 2158 clandestino
1456 2081 1643 2156 multifarie
1661 2095 1731 2164 mo.-

179 2194 338 2271 lirentur.
383 2197 449 2273 Sed
476 2221 552 2274 cum
580 2198 723 2274 insidiae
750 2199 787 2272 in
814 2199 913 2274 illum
940 2199 1127 2276 instructae
1154 2201 1226 2296 spei
1253 2224 1367 2279 corum
1393 2205 1429 2278 et
1455 2203 1636 2279 intentioni
1665 2219 1767 2286 non,
1808 2205 1811 2210 '

179 2318 441 2413 respondissent,
471 2320 661 2396 Wladislao
696 2321 788 2396 Duce
826 2319 1091 2399 machinationes
1126 2323 1263 2398 illorum
1278 2395 1282 2422 ,
1298 2323 1517 2400 solertissime
1548 2325 1730 2416 devitante,

178 2439 215 2514 in
242 2443 396 2535 apertam
424 2442 642 2534 rebellionem
670 2444 757 2519 rarsi
784 2445 969 2520 Hernicum
989 2445 1011 2539 ¹)
1038 2465 1114 2520 cum
1142 2447 1246 2520 barba
1272 2446 1587 2523 Wratisla'ric'nsem
1605 2449 1640 2522 et
1658 2447 1731 2525 Sla-

177 2561 250 2638 siae
276 2563 414 2657 Ducem,
443 2587 542 2658 quem
560 2565 712 2642 sciebant
730 2567 919 2643 Wladislao
946 2568 1082 2641 Ottonis
1108 2567 1193 2642 Duci
1220 2591 1290 2661 suc,
1319 2571 1458 2662 propter
1484 2568 1624 2643 vulnera
1642 2569 1732 2662 apud

178 2682 397 2761 Gansnauam
425 2686 461 2760 in
488 2687 652 2762 occisione
678 2687 859 2764 Lectionis
885 2686 964 2762 Albi
993 2688 1221 2764 bracariensis
1248 2694 1284 2764 et
1310 2689 1593 2765 Sandomiriensis'
1628 2689 1731 2764 Ducis

177 2809 328 2903 accepta,
356 2808 488 2884 hostem
516 2809 689 2902 infestum,
719 2811 845 2886 adeunt
860 2809 888 2905 ²)
915 2813 951 2884 et
977 2811 1042 2886 sibi
1070 2810 1286 2906 Principatus
1313 2811 1451 2886 llaioris
1481 2810 1641 2888 Polemios
1659 2813 1731 2886 tra·

176 2929 319 3024 diturus,
348 2931 550 3025 ipsiusque
586 2933 748 3009 ditionem
784 2936 819 3008 et
845 2934 1070 3009 obedientiam
1098 2956 1134 3009 se
1161 2934 1397 3010 universaliter
1431 2934 1646 3027 mansitoros,
1675 2955 1729 3020 ca-

176 3055 316 3148 atraque
342 3055 378 3130 et
405 3054 610 3130 munitiones
636 3055 904 3151 consiguaturos
941 3057 1194 3152 repromittunt.
1239 3057 1448 3134 Deditionem
1482 3060 1596 3132 autem
1622 3059 1729 3140 terra,-

176 3198 253 3250 rum
279 3175 417 3252 llaioris
444 3178 605 3253 Poloniae
630 3179 713 3253 tunc
740 3179 805 3254 sibi
832 3179 1019 3275 impensam
1045 3179 1214 3256 Henricus
1249 3202 1325 3256 cum
1352 3181 1457 3256 barba
1483 3179 1613 3256 Slesiae
1639 3179 1728 3270 Dux,

175 3298 231 3374 vir
257 3299 410 3392 alioquin
438 3301 589 3392 devotus,
626 3300 807 3396 religiosus
833 3303 869 3378 et
895 3303 1018 3395 iustos,
1056 3303 1211 3396 quamuis
1246 3303 1397 3379 novisset
1423 3301 1584 3380 iniustam
1625 3304 1662 3376 et
1687 3323 1731 3406 ex

177 3423 307 3498 iniusta
333 3425 369 3498 et
391 3405 513 3516 iniqua
545 3423 661 3500 livoris
697 3424 808 3500 radice
841 3426 1008 3516 coortam,
1047 3427 1164 3500 contra
1200 3424 1345 3500 formicae
1381 3425 1527 3500 Sanctae
1563 3422 1728 3518 Hadrigis

177 3545 344 3622 consortis
370 3568 450 3620 suae
476 3567 686 3641 persuasum,
726 3569 792 3622 non
819 3549 871 3622 eat
898 3549 1109 3642 aspernatus,
1148 3549 1188 3620 ut
1214 3569 1274 3641 per
1300 3545 1506 3622 occasionem
1541 3544 1650 3639 ipsam
1677 3543 1729 3618 in·

176 3667 342 3745 iuriarum
378 3691 516 3745 suarum
543 3671 579 3744 et
605 3669 783 3744 vulnerum
811 3691 832 3744 a
858 3669 1049 3746 wladislao
1084 3667 1239 3759 Ottonis,
1276 3691 1389 3761 quem·
1412 3667 1507 3741 illius
1542 3665 1668 3761 stragis
1695 3668 1730 3742 et

175 3789 388 3884 trodimenti,
417 3790 452 3864 in
479 3790 664 3867 Gausaaua
691 3791 954 3883 commissorum,
984 3793 1162 3866 constabat
1190 3790 1411 3885 principalem
1439 3789 1543 3864 inisse
1561 3799 1729 3874 commem·-

174 3915 334 4006 tatorem,
363 3915 476 4008 posset
502 3913 706 3989 commodius
740 3935 862 4009 poenas
889 3913 1028 3988 meritas
1054 3913 1203 4008 exigere.
1248 3912 1459 4009 Quapropter
1484 3911 1637 4020 exercitu
1662 3933 1730 3994 nou

175 4033 397 4111 mediocrior
416 4035 561 4131 propriis
588 4037 622 4110 et
649 4035 841 4110 auxiliariis
867 4038 1038 4131 congesto,
1067 4034 1238 4110 hostiliter
1265 4037 1373 4110 terras
1399 4032 1537 4108 liaicris
1558 4031 1729 4122 Poloniae,

175 4179 234 4232 aas
261 4159 431 4252 umorque
459 4159 692 4253 occupaturus,
721 4157 923 4254 ingreditur.
953 4157 1070 4233 Sciens
1097 4159 1210 4232 autem
1238 4158 1273 4232 et
1301 4157 1401 4251 probe
1428 4175 1568 4230 noscens
1594 4153 1728 4232 chdi-

175 4281 272 4355 slaus
299 4279 434 4354 Ottonis
462 4279 591 4354 animos
618 4301 754 4355 suorum
781 4278 930 4354 militum
957 4302 978 4353 a
1004 4301 1041 4355 se
1066 4277 1247 4371 alienatos,
1273 4277 1405 4371 sibique
1431 4277 1587 4352 adversos
1613 4278 1649 4352 et
1675 4275 1728 4350 im-

176 4402 284 4478 lestos
311 4423 394 4494 esse,
432 4423 508 4477 curn
535 4402 681 4478 Henrico
708 4402 799 4477 Duce
826 4401 966 4495 Slesiae,
999 4402 1094 4477 uelut
1119 4421 1195 4475 cum
1223 4399 1417 4494 potentiori,
1455 4398 1614 4494 congredi
1642 4398 1728 4482 reri-

174 4528 245 4618 tns,
274 4547 317 4600 ne
343 4547 365 4599 a
389 4523 534 4600 residuis
561 4523 737 4617 militibus,
766 4523 824 4618 qui
843 4523 879 4598 in
898 4523 1052 4619 partibus
1079 4523 1150 4598 suis
1173 4523 1414 4614 remanserant,
1443 4523 1504 4598 aut
1521 4521 1728 4617 proderetur,

175 4648 238 4722 aot
264 4647 484 4740 desereretur,
522 4646 558 4721 in
594 4646 715 4722 castris
751 4669 787 4722 sc
823 4645 1001 4739 continuit,
1040 4649 1076 4722 et
1105 4644 1228 4721 castris
1254 4645 1356 4740 Bnyn
1382 4645 1417 4719 et
1444 4644 1569 4736 Srnem,
1601 4666 1643 4720 ne
1670 4663 1730 4738 per

175 4769 361 4844 Hernicum
388 4751 642 4866 occuparentur,
679 4767 847 4861 crematis,
885 4770 1035 4844 castrum
1066 4767 1261 4844 Gnesnense
1287 4765 1369 4842 lorti
1397 4767 1433 4841 et
1459 4765 1552 4840 fideli
1579 4764 1729 4840 militum

175 4890 344 4987 praesidio
369 4891 605 4984 communiuit,
634 4894 670 4967 et
695 4893 738 4967 ad
766 4913 917 4968 socerum
944 4911 1043 4965 suum
1058 4887 1087 4985 3)
1114 4889 1429 4984 Soantopellronem
1465 4885 1636 4964 dominum
1664 4888 1728 4970 Pu·

175 5013 356 5106 meraniae,
385 5013 421 5088 in
448 5013 681 5090 Pomaraniam
709 5013 860 5090 divertit.
903 5011 1113 5107 Quapropter
1140 5014 1252 5110 castra
1278 5012 1313 5086 et
1340 5009 1496 5085 civitates
1523 5007 1729 5104 principales

174 5135 312 5212 Maioris
339 5135 508 5230 Poloniae,
536 5135 795 5233 PosoanisnsiS,
824 5133 1050 5226 balissiensis,
1088 5132 1288 5226 siculensis,
1327 5129 1531 5224 Srzedensis,
1561 5130 1644 5207 item
1671 5152 1727 5205 ca·

174 5263 284 5334 strum
311 5258 487 5356 Byechow,
516 5281 575 5353 per
602 5259 745 5334 barones
771 5259 805 5334 et
833 5257 961 5332 milites
996 5255 1133 5332 Maioris
1169 5253 1329 5330 Poloniac
1355 5252 1441 5330 Ituci
1477 5251 1625 5328 Heorico
1652 5274 1727 5327 cum

283 5504 307 5584 ¹)
330 5506 369 5566 ad
390 5506 549 5566 Henricum
576 5505 648 5566 Coei.
671 5505 764 5566 moer.
805 5501 834 5582 ⁹)
856 5504 1016 5565 adveniunt
1041 5502 1112 5566 Occi.
1137 5503 1228 5565 Roaer.
1266 5498 1293 5580 ³)
1316 5473 1438 5564 levirum
1461 5519 1544 5560 summ
1566 5499 1684 5561 rectius.
