4192 6272
153 486 218 582 (Α.
241 487 287 564 Ι).
308 487 420 589 mon)
759 514 873 566 arnna
899 514 1093 568 snrrruus.
1623 499 1703 570 '505

149 695 214 772 cies
242 698 375 773 accesit.
403 698 547 774 Ducissa
574 721 718 793 namque
745 700 912 795 briphina
938 701 1119 776 Lostkonis
1146 701 1246 796 Nigri
1273 701 1502 778 cracoviensis
1520 706 1555 779 et
1573 704 1702 780 Sando-
1779 794 1783 801 ,

149 817 317 894 miriensis
338 820 361 914 ¹)
387 820 491 894 Ducis
518 822 648 913 relicta,
678 822 749 896 sire
776 823 973 899 eiectionem
1000 826 1035 898 et
1061 823 1292 918 expulsionem
1321 825 1360 898 de
1387 825 1536 899 dotalitii
1564 826 1617 898 sni
1645 827 1702 902 bo-

150 939 212 1030 nta,
241 940 271 1014 si
299 941 510 1017 Wladislaus
537 943 669 1018 Loktek
689 944 910 1039 Grryariensis
938 947 1015 1018 Dux
1043 949 1301 1039 consequeretur
1328 947 1552 1041 Principatus
1582 946 1700 1037 rarita,

147 1060 215 1136 sire
242 1062 376 1156 guerris
403 1064 587 1156 intestinis,
617 1088 702 1159 quae
730 1068 974 1160 postmortem
1001 1067 1115 1142 mariti
1144 1067 1423 1159 intumescebunt,
1454 1071 1490 1142 et
1508 1068 1638 1143 damnis
1660 1090 1703 1142 ex

148 1182 284 1258 illorum
313 1184 566 1260 continuatione
594 1187 879 1282 provenientibus,
908 1188 1057 1279 afflicta,
1086 1191 1129 1263 ad
1156 1189 1393 1266 Wencoslaum
1422 1189 1603 1265 Bobemiao
1630 1191 1699 1264 Dn-

148 1325 229 1397 eom,
259 1309 415 1401 nopotem
444 1329 542 1382 suum
570 1332 612 1384 err
640 1331 750 1384 sorore
778 1332 840 1384 sua
867 1333 1027 1404 germana
1045 1311 1260 1406 Kunegunde
1279 1312 1445 1405 genitum,
1466 1311 1604 1386 nuntios
1622 1311 1702 1385 nnit-

145 1425 201 1516 tit,
230 1427 360 1501 donans
387 1428 441 1502 illi
469 1430 648 1504 donatione
676 1434 859 1525 perpetua,
889 1454 932 1505 ex
958 1432 1183 1523 auctoritate,
1214 1455 1314 1524 quam
1347 1433 1381 1504 in
1409 1455 1445 1507 se
1473 1455 1533 1526 per
1559 1432 1703 1506 uestro-

147 1568 224 1622 nom
253 1548 401 1643 Nigrum
429 1551 589 1626 maritum
617 1552 698 1626 olim
726 1574 834 1645 suum,
864 1552 974 1627 literis
1001 1554 1104 1644 etiarn
1133 1554 1278 1649 publicis
1296 1553 1550 1644 attestantibus
1571 1555 1701 1628 astrue-

144 1669 204 1742 bat
231 1670 451 1763 transfusam,
481 1673 729 1749 Omcoriensem
757 1677 792 1748 et
819 1675 1122 1750 Sardemiriensom
1150 1677 1320 1765 Ducatns,
1351 1679 1385 1749 et
1412 1696 1555 1770 rogans,
1584 1677 1623 1748 ut
1649 1675 1702 1748 rel

146 1812 206 1884 per
233 1811 271 1866 so
297 1793 423 1885 reniet,
452 1795 504 1867 rol
533 1797 653 1888 gentes
680 1817 758 1869 suas
784 1796 912 1888 mittat,
932 1797 974 1870 ad
993 1797 1232 1891 capessondum
1252 1797 1443 1870 Ducatuum
1463 1797 1702 1891 praefatorum,

148 1912 338 2004 antequam
375 1917 417 1988 ab
444 1915 523 1988 aliis
563 1916 701 1990 iniustis
742 1916 886 1991 dominis
927 1921 1150 2012 occupentur,
1180 1916 1436 2011 possessionem.
1482 1917 1641 1991 Ludibrio
1669 1921 1703 1989 et

145 2033 309 2108 cachinno
336 2035 426 2110 alius
452 2037 541 2114 hano
567 2038 779 2114 donationem
806 2039 1006 2133 excepisset,
1036 2061 1110 2114 oum
1139 2041 1286 2112 monstro
1314 2038 1485 2132 porsirnilo
1513 2039 1610 2126 foret,
1631 2060 1702 2112 rna·

144 2155 281 2230 trunam
308 2157 494 2252 Bulgariao
521 2161 649 2250 ortam,
688 2161 888 2236 Polonorum
929 2159 1146 2255 Principatus
1186 2159 1332 2234 donandi
1359 2161 1395 2233 ot
1421 2159 1612 2236 conferendi
1641 2183 1700 2252 po·

144 2277 305 2352 testatem
332 2279 465 2354 uacum
492 2301 577 2372 esse,
606 2303 708 2374 quarn
735 2281 821 2358 false
848 2281 912 2358 sibi
940 2305 961 2356 a
987 2283 1156 2356 Iestlrono
1182 2281 1289 2375 Nigro
1307 2282 1399 2356 Duce
1417 2281 1489 2356 riro
1507 2301 1567 2355 suo
1585 2301 1699 2355 emon·

144 2397 306 2492 tiebatur,
335 2399 456 2492 litoris,
486 2401 515 2475 si
543 2424 630 2495 quae
657 2403 834 2496 extabant,
863 2401 996 2478 uitiatis
1022 2406 1057 2478 et
1084 2405 1216 2498 praeter
1247 2401 1362 2477 mariti
1382 2403 1589 2478 voluntatem
1609 2401 1699 2475 falso

146 2518 306 2615 signatis,
336 2523 558 2615 attributam,
588 2525 743 2616 quamuis
779 2546 840 2600 nec
866 2525 992 2600 Lestlro
1019 2524 1125 2619 Niger
1152 2525 1230 2598 Dux
1257 2523 1451 2617 praefatus,
1481 2525 1582 2598 orbus
1610 2523 1693 2617 ipse,

145 2645 180 2716 et
206 2643 251 2717 ad
280 2643 539 2739 principandum
567 2646 603 2719 in
630 2646 839 2722 Oracoriensi
866 2649 901 2721 et
927 2645 1191 2721 Sandomiriensi
1220 2645 1406 2720 Ducatibus
1433 2645 1572 2735 accitus,
1602 2647 1694 2740 pote·

144 2765 199 2838 rat
225 2764 263 2838 in
290 2765 435 2842 fratrum
463 2789 598 2842 suorum
627 2791 863 2864 germanorum
901 2771 936 2842 et
963 2769 1168 2842 caeterorum
1205 2766 1364 2841 Poloniae
1399 2767 1551 2857 Ducum,
1579 2765 1699 2840 stricta

145 2885 247 2961 illum
283 2886 454 2964 affinitate
489 2890 781 2985 contingentium,
812 2890 1073 2985 praeiudicium,
1104 2889 1290 2985 (triphinae
1317 2887 1478 2964 Ducissae
1511 2887 1702 2962 huiusmodi

145 3005 346 3085 facultatem
374 3010 569 3087 contulisse.
598 3011 819 3088 Wenceslaus
846 3014 959 3086 tamen
987 3011 1168 3085 Bohernioe
1195 3011 1285 3101 Dux,
1315 3009 1374 3101 qui
1402 3009 1445 3084 ad
1472 3009 1702 3104 occupandum

144 3129 348 3204 Polonorum
375 3130 592 3226 Principatus
619 3133 835 3209 vehementer
862 3133 1039 3228 flagrabat,
1069 3133 1103 3206 et
1130 3131 1189 3223 qui
1216 3155 1304 3206 anno
1322 3129 1485 3226 superiori
1506 3152 1604 3204 suum
1624 3152 1700 3205 oon-

44 3249 47 3255 ’
139 3243 330 3344 sobrinum,
359 3253 566 3347 fratremque
594 3254 782 3346 Nicolaum,
812 3254 852 3328 de
879 3253 1082 3349 Opperiensi
1111 3254 1243 3328 Ducatu
1271 3274 1329 3347 per
1357 3252 1516 3327 iniuriam
1546 3252 1700 3342 eiecerat,

143 3359 346 3448 tenuissima
373 3373 436 3449 hac
462 3375 653 3465 occasione,
682 3377 778 3468 quasi
806 3375 879 3450 iure
906 3374 994 3450 iusto
1021 3377 1055 3449 et
1083 3373 1238 3468 legitimo
1274 3374 1460 3468 pellectus,
1489 3372 1702 3447 temerariam

144 3495 348 3569 materterae
377 3515 457 3570 suae
484 3495 671 3590 (triphinae
699 3496 879 3570 bestkonis
906 3495 1056 3586 relictae,
1085 3495 1208 3570 caduco
1244 3496 1278 3570 ot
1316 3494 1413 3568 labili
1449 3495 1484 3568 et
1521 3494 1701 3588 plusquam

144 3614 331 3690 anrndinoo
357 3617 577 3691 fundamento
604 3616 770 3708 innixam,
800 3618 955 3710 acceptat
982 3618 1022 3690 de
1049 3615 1257 3691 Oraooriensi
1285 3618 1320 3690 ot
1348 3613 1608 3688 Sandomiriensi
1632 3615 1701 3688 Ilu-

144 3735 279 3812 catibus
305 3735 530 3830 donationem,
558 3740 593 3812 et
619 3738 782 3812 Thubium
809 3739 1014 3834 Pragensem
1051 3738 1243 3832 episcopum
1280 3757 1356 3812 cum
1392 3735 1542 3810 exercitu
1578 3735 1697 3811 braco-

143 3857 236 3933 riam
265 3857 423 3934 destinat.
465 3861 603 3934 Poterat
642 3859 867 3934 Praemislaus
906 3858 1042 3934 Maioris
1083 3859 1241 3933 Poloniao
1268 3859 1358 3947 Dux,
1387 3857 1423 3930 in
1450 3857 1545 3931 cuius
1573 3855 1699 3930 ditione

145 3979 304 4054 Gracoria
331 3979 545 4072 consistebat,
575 3980 736 4054 Tbobiam
764 3981 958 4074 episcopum
986 3967 1190 4074 Pragensern
1217 3981 1252 4053 ot
1280 3978 1465 4052 exercitum
1484 3975 1701 4052 Bobemiourn

119 4123 166 4199 ¹a
192 4099 403 4176 Oracoriensi
431 4091 516 4192 arce,
545 4103 627 4177 urbe
664 4104 699 4176 et
725 4103 858 4176 Ducatu
899 4101 1096 4191 excludere,
1125 4099 1231 4195 copiis
1258 4101 1293 4174 et
1319 4098 1430 4174 milite
1457 4100 1492 4173 ot
1518 4099 1609 4172 omni
1637 4121 1696 4192 ap-

146 4223 270 4316 paratu
296 4221 418 4298 bellico
445 4222 604 4298 Bobemis
631 4223 782 4318 superior
808 4224 843 4298 et
871 4221 1087 4297 instructior:
1117 4220 1222 4296 lirore
1248 4223 1383 4312 tamen,
1412 4243 1478 4314 quo
1505 4219 1540 4294 in
1568 4218 1701 4296 Wludi-

144 4343 257 4418 slaum
284 4343 416 4420 boltek
435 4343 602 4440 (lupariae
628 4345 753 4420 Ducem
781 4346 955 4439 agebatur,
985 4367 1027 4418 ne
1054 4342 1283 4418 bracariensis
1303 4341 1358 4416 illi
1376 4341 1419 4416 ad
1437 4341 1595 4432 reliquos,
1616 4362 1701 4432 quoa

144 4464 331 4557 obtinebat,
360 4464 576 4560 Principatus
602 4466 786 4556 accederet,
816 4466 983 4560 perustus,
1013 4464 1160 4538 Tbobiae
1189 4463 1354 4558 Pragensi
1382 4463 1537 4556 episcopo
1564 4461 1604 4535 de
1622 4484 1699 4535 arce

146 4587 181 4660 et
209 4588 290 4660 urbe
317 4588 419 4679 atque
445 4585 654 4661 dracoriensi
683 4587 815 4660 Ducatu
843 4585 942 4676 cedit,
973 4587 1007 4658 et
1035 4585 1129 4658 illius
1156 4583 1233 4674 sibi,
1253 4583 1422 4677 Griphina
1441 4583 1584 4657 Ducissa
1602 4583 1698 4656 bost·

143 4707 243 4783 ironis
269 4706 400 4798 relicta,
424 4711 464 4782 ot
490 4707 663 4782 nonnullis
691 4706 858 4781 militibus
885 4711 920 4780 et
946 4705 1074 4781 uiribus
1088 4704 1373 4796 Gracoriensibus,
1391 4703 1579 4780 Wladislao
1594 4703 1701 4797 dupe,-

145 4829 222 4906 riaa
248 4828 333 4904 Duci
360 4828 508 4920 infestis,
545 4828 802 4923 procurantibus
838 4831 873 4903 ot
909 4827 1120 4918 furentibus,
1149 4825 1254 4900 tradit
1291 4823 1545 4920 possessionem.
1582 4825 1700 4900 draco·

146 4949 257 5027 riensi
285 4952 398 5027 autam
426 4971 501 5025 arce
529 4951 564 5026 et
590 4953 672 5026 urbo
700 4950 734 5026 in
763 4949 1004 5045 possessionum
1040 4949 1193 5042 recepte,
1224 4969 1283 5041 pro
1319 4945 1547 5038 consequendo
1574 4943 1701 5018 Sando-

148 5070 302 5147 mirionsi
329 5073 461 5147 Ducatu
488 5071 690 5147 Bobemicus
716 5071 885 5148 exercitus
912 5091 1029 5146 rursus
1062 5067 1319 5160 Sandomiriam,
1340 5066 1508 5141 militibus
1525 5064 1703 5156 aliquibus

148 5193 422 5270 Oracoriensibus
449 5194 579 5286 auctus,
610 5215 818 5288 progressus,
847 5191 1024 5266 Visliciam
1051 5189 1222 5284 oppidum,
1252 5190 1376 5264 natura
1402 5189 1437 5263 ot
1465 5187 1544 5280 situ,
1566 5185 1703 5261 flumine

259 5435 283 5516 1)
306 5437 551 5499 bandomiriensis
574 5443 604 5497 ct
627 5435 803 5497 Siradionsis
829 5431 899 5497 Ood.
924 5434 1016 5497 Roar.

205 5573 226 5620 J·
240 5572 333 5626 Illum.
348 5573 432 5620 illator.
447 5573 524 5616 Pelen.
539 5572 565 5616 r.
579 5572 611 5614 11.
