4246 6274
241 598 244 606 ⁵
343 711 346 716 ¹
378 627 400 697 6
987 645 1097 696 urana
1124 644 1294 707 cernuus.
1339 573 1343 582 «
1649 621 1710 718 (Α.
1731 620 1776 698 D.
1797 624 1902 719 1142.)

375 833 573 909 aleriensem
599 855 658 928 per
684 831 909 907 huiuscemodi
936 832 1189 908 translationem
1216 834 1388 908 vacantem
1414 833 1556 928 Magnus
1582 833 1618 907 in
1644 832 1833 928 episcopum
1851 836 1904 909 est

376 957 545 1052 promotus
571 977 629 1050 per
655 955 887 1030 Innocentium
923 956 1113 1046 secuudum,
1151 955 1353 1030 (lucanensis
1389 957 1510 1045 custos,
1547 955 1834 1032 Wratislauieusis
1868 959 1904 1032 et

375 1077 598 1154 cracoviensis
634 1077 821 1169 canonicus,
858 1077 985 1154 ducalis
1012 1077 1240 1168 cancellarius,
1276 1099 1396 1173 genere
1423 1077 1567 1152 Polonus
1594 1077 1716 1154 nobilis
1742 1079 1782 1154 de
1808 1080 1902 1153 domo
1991 1153 1993 1166 ,

375 1201 547 1276 Zoramba.

477 1322 625 1398 Secundo
651 1322 732 1396 Idus
759 1321 932 1398 Februarii
959 1323 1042 1397 Bela
1068 1343 1184 1397 caecus
1211 1320 1406 1422 Hungariae
1431 1322 1519 1413 Rex,
1547 1321 1747 1396 comannis
1775 1344 1901 1412 nouem,

376 1445 544 1520 mensibus
570 1444 722 1520 undecim
749 1446 933 1540 regnasset,
961 1443 1101 1520 moritur
1126 1447 1161 1520 et
1187 1443 1221 1518 in
1248 1444 1336 1518 Alba
1361 1444 1465 1540 rogali
1494 1443 1667 1539 sepelitur,
1694 1447 1730 1520 et
1762 1447 1904 1536 quatuor

376 1568 464 1643 filios
491 1567 663 1663 Geyszam,
691 1567 885 1642 ladislaum
905 1567 937 1661 ¹),
968 1567 1173 1661 Stephanum
1200 1569 1235 1641 ot
1260 1565 1396 1641 Almam
1411 1567 1439 1662 ²)
1465 1566 1613 1661 reliquit.
1642 1567 1702 1642 Oui
1721 1567 1826 1642 maior
1843 1589 1903 1641 na·

375 1694 414 1764 tu
440 1690 567 1786 (beysze
593 1689 629 1764 in
655 1692 772 1786 Regno
808 1688 979 1780 successit,
1016 1688 1148 1764 biennio
1180 1691 1256 1784 posi
1282 1691 1421 1764 mortem
1452 1690 1558 1783 patris
1584 1689 1620 1764 in
1645 1689 1818 1764 Dominioa
1845 1689 1904 1762 In·

376 1813 506 1887 uocauit
531 1814 716 1888 coronatus.
754 1812 893 1887 consors
920 1813 1031 1886 autem
1057 1811 1158 1885 Belae
1184 1810 1273 1885 caeci
1300 1810 1405 1906 Regis
1431 1809 1562 1887 Helena
1590 1811 1661 1886 filia
1688 1810 1905 1905 Imperatoris

376 1933 748 2029 Constantinopolitani,
769 1932 986 2029 septuaginta
1012 1931 1205 2027 Hungariae
1231 1935 1379 2024 barones,
1400 1933 1457 2028 qui
1475 1933 1696 2009 cassationem
1709 1934 1810 2008 Belae
1829 1947 1910 2027 pro·'

375 2058 583 2148 rumperent,
621 2057 732 2152 capite
766 2056 938 2131 damnarit
973 2055 1008 2128 et
1035 2057 1121 2130 bona
1159 2078 1271 2129 eorum
1307 2055 1455 2130 ecclesiis
1482 2055 1664 2148 distribuit,
1701 2055 1803 2132 etiam
1829 2057 1905 2151 post

377 2184 516 2255 mortem
544 2179 656 2255 mariti
683 2179 718 2253 in
744 2177 944 2255 cassationis
970 2200 1050 2252 suae
1076 2179 1207 2252 autores
1233 2180 1268 2252 et
1294 2177 1329 2252 in
1352 2201 1447 2254 omne
1474 2201 1579 2274 genus
1605 2201 1717 2254 eorum
1743 2177 1904 2270 saeuiens,

376 2303 436 2376 aot
461 2301 574 2396 exilio,
602 2304 662 2377 aut
688 2304 846 2378 bonorum
874 2299 1107 2377 confiscatione
1135 2299 1324 2375 mulctavit.

828 2660 1034 2776 ANNUS
1068 2661 1291 2776 DOMINI
1326 2661 1456 2775 1142.

463 2914 660 2990 vladislaus
686 2917 900 2989 contraraie
927 2914 1193 3003 consiliariorum,
1218 2913 1434 2989 tuttomrmrr
1461 2913 1594 2987 auxiliis
1621 2931 1641 2987 ι
1667 2913 1821 2990 batribm

846 3035 1078 3111 subiectionem
1105 3041 1139 3110 et
1163 3035 1319 3112 rutrum
1344 3036 1435 3130 petit

480 3279 532 3355 Ad
554 3280 778 3375 occupandum
805 3300 1036 3374 germanorum
1062 3302 1206 3371 suorum,
1233 3279 1390 3372 Boleslai,
1419 3279 1597 3376 dipoczslai
1615 3281 1650 3356 et
1667 3279 1817 3370 Henrici,
1837 3300 1906 3354 sor·

378 3406 430 3478 tes
456 3405 491 3478 et
516 3401 729 3498 Prineipatus
768 3401 976 3478 Wladislaus
1011 3401 1209 3478 Polonorum
1244 3403 1322 3477 Dux
1356 3401 1503 3478 animum
1540 3402 1698 3497 distim⁸t
1730 3401 1908 3477 intendens

378 3527 413 3600 ot
439 3525 627 3620 gravidans,
655 3525 734 3598 dum
760 3524 827 3598 iam
855 3522 1071 3600 muliebribus
1097 3523 1370 3619 suggestionibus
1409 3524 1575 3600 inescatus
1610 3525 1652 3599 ad
1679 3523 1908 3600 executionem

378 3646 540 3743 propositi
567 3647 619 3722 sui
646 3647 820 3742 procedere
847 3645 1057 3738 decrevisset,
1086 3646 1254 3741 frequenti
1280 3671 1417 3722 numero
1435 3648 1659 3742 praelatorum
1685 3649 1721 3722 ot
1746 3649 1908 3721 baronum

378 3769 414 3844 in
440 3769 629 3846 Oracoriam
656 3771 824 3861 aduocato,
853 3792 895 3844 an
923 3769 1072 3865 cogitata
1098 3792 1157 3864 por
1182 3793 1257 3846 eum
1284 3770 1510 3865 prosequenda
1535 3769 1615 3862 sint,
1653 3791 1727 3844 cum
1754 3768 1825 3842 illis
1851 3769 1907 3844 do·

379 3893 512 3968 liberat.
556 3890 719 3967 Adhibita
745 3894 797 3967 est
823 3892 864 3966 ad
891 3892 925 3966 id
952 3890 1137 3983 consilium,
1174 3914 1239 3986 quo
1276 3891 1310 3966 in
1342 3894 1456 3966 uotum
1490 3893 1607 3967 ducale
1642 3890 1909 3967 consiliariorum

379 4013 567 4090 sententiae
581 4013 609 4109 ⁴)
636 4013 769 4089 facilius
803 4013 901 4105 irent,
938 4012 1079 4089 Ducissa
1113 4013 1269 4105 (tristius,
1306 4015 1469 4109 pluraque
1495 4014 1539 4088 ad
1564 4014 1775 4088 colorandum
1802 4012 1907 4088 ambi·

379 4135 481 4212 tionis
507 4137 669 4212 feruorem
704 4135 825 4212 callido
860 4135 996 4231 ingenio
1028 4135 1207 4232 proposita,
1244 4135 1333 4210 inter
1367 4159 1452 4230 quae
1487 4135 1521 4210 id
1556 4159 1659 4210 unum
1694 4133 1909 4231 praecipuum

379 4261 471 4337 erat:
498 4257 655 4354 expedire
681 4257 900 4354 reipublicae
926 4259 1130 4333 Polonorum
1147 4281 1249 4333 uuum
1276 4281 1347 4334 csse
1374 4257 1573 4352 Principem,
1609 4281 1712 4331 unum
1738 4259 1908 4347 rectorem,

379 4403 482 4456 unum
509 4380 742 4471 Monarcham,
779 4378 1038 4474 divisionemque
1074 4379 1327 4476 Prineipatuum
1358 4379 1447 4455 inter
1473 4380 1595 4454 fratres
1621 4380 1823 4455 celebratam
1850 4402 1910 4474 pro

380 4502 600 4580 subsistentia
613 4501 642 4597 ⁵)
668 4501 773 4578 totius
808 4501 953 4597 corporis
987 4502 1254 4594 rescindendam,
1289 4506 1324 4578 et
1359 4503 1482 4576 fratrea
1518 4525 1585 4578 non
1618 4499 1808 4597 provinciis,
1844 4525 1911 4576 non

381 4625 640 4721 Principatibus‚
668 4625 727 4699 sed
753 4624 920 4718 aliquibus
947 4625 1078 4720 oppidis
1105 4628 1140 4700 et
1165 4624 1316 4720 uillagiis
1342 4623 1520 4716 donandos,
1557 4646 1677 4716 eosque
1711 4647 1777 4700 uon
1804 4645 1910 4719 pares,

381 4749 440 4824 sed
466 4747 631 4823 subiectos
657 4749 691 4823 ei
717 4749 933 4841 obsequentes
961 4748 1158 4839 Wladislao,
1185 4749 1280 4824 uolut
1305 4747 1502 4824 ldonarohae
1530 4769 1550 4821 a
1574 4749 1670 4842 patre
1696 4749 1732 4823 et
1757 4746 1910 4823 uniuerso

381 4871 580 4946 Polonorum
607 4869 745 4945 concilio
771 4869 957 4965 designato,
985 4870 1057 4944 fieri
1083 4872 1244 4965 oportere.
1289 4870 1389 4945 Seous
1414 4893 1450 4944 re
1476 4871 1552 4944 acta
1577 4871 1613 4945 at
1638 4891 1772 4964 corpore
1799 4869 1911 4965 Regni

381 4993 538 5068 Poloniae
565 4991 600 5067 in
626 4993 740 5088 plures
765 4994 870 5068 sortes
896 4991 1008 5084 scisso,
1037 4994 1071 5068 ei
1097 4991 1268 5068 Poloniam
1295 4991 1473 5087 porditum,
1501 4977 1717 5084 euersumque
1742 4991 1796 5083 iri,
1824 4993 1859 5067 el
1875 4991 1911 5066 in

382 5115 539 5211 praedam
565 5114 685 5190 ricinis
711 5113 902 5210 regionibus
928 5117 1089 5210 oportune
1115 5115 1240 5192 uirtute
1264 5114 1440 5192 debilitata
1457 5114 1672 5191 concludebat
1698 5113 1832 5210 exponi.
1859 5113 1913 5190 Ad

382 5239 464 5314 haec
489 5239 524 5312 ot
549 5236 687 5332 Sbignei
715 5236 831 5311 fratris
866 5237 1030 5313 naturalis
1065 5237 1212 5312 Boleslai
1246 5236 1348 5312 Ducis
1383 5237 1582 5313 Polonorum
1617 5235 1766 5314 defuncti
1802 5258 1910 5332 opera,

492 5516 515 5597 1)
537 5518 727 5578 wladislaum
749 5516 808 5577 Ed.
831 5517 923 5577 Dobr.
965 5513 990 5594 Ξ)
1013 5517 1127 5576 Alsium
1156 5515 1215 5576 Ed.
1238 5515 1331 5576 Dobr.
1371 5513 1397 5594 ³)
1420 5517 1450 5576 in
1472 5515 1535 5576 dies
1561 5510 1632 5578 God.
1653 5515 1745 5576 acer.
1784 5510 1811 5595 ⁴)
1833 5532 1912 5576 men·

383 5629 428 5690 tos
450 5629 481 5688 et
502 5623 663 5688 sententiae
690 5621 760 5688 coo.
783 5623 872 5688 Roas.
912 5619 938 5704 5)
961 5623 1055 5686 saluto
1082 5619 1151 5686 Ood.
1176 5623 1267 5684 Roer.
