4172 6278
373 500 449 574 244
1002 519 1114 572 urens
1140 517 1294 572 sexsus.
1637 497 1706 594 (Α.
1727 496 1773 574 D.
1793 497 1922 614 1234.)

372 708 540 786 Henrious
566 708 681 784 autem
707 728 783 782 oum
808 704 1225 782 barbaWratislaviensis
1243 706 1322 780 Dux
1342 705 1377 801 ¹),
1405 705 1644 798 (irsoouiensis,
1672 705 1920 784 sandomirien·

374 831 421 906 sis
447 831 483 906 ot
508 827 724 904 Lublinensis
758 827 1016 923 Prinoipatuum
1052 825 1296 923 possessionem
1332 828 1464 920 uastas,
1503 827 1686 923 benignum
1712 850 1748 902 se
1775 828 1922 906 tutorem

373 955 409 1027 et
435 953 621 1027 curatorem
647 950 803 1026 Boleslao
825 948 951 1024 Pudioo
983 949 1149 1044 praebuit,
1185 950 1221 1024 et
1247 951 1319 1023 tam
1345 948 1483 1026 Maioris
1509 949 1678 1042 Poloniae,
1714 971 1818 1046 quam
1843 949 1922 1026 (tra

373 1071 560 1148 auriensem
595 1073 631 1147 et
665 1069 968 1146 Sandomirienssm
1004 1091 1040 1145 se
1074 1071 1201 1146 Iluoeru
1236 1069 1344 1165 gessit
1379 1072 1414 1145 et
1444 1069 1619 1163 titulavit,
1656 1071 1856 1166 praesertim
1882 1093 1925 1148 ne

373 1196 453 1278 Dux
479 1193 657 1269 Boloslaus
683 1215 743 1288 per
769 1193 915 1268 aetatem
942 1191 1076 1268 duoalia
1102 1195 1188 1268 bona
1214 1191 1304 1267 inter
1331 1191 1459 1266 milites
1486 1191 1710 1282 distraherat;
1738 1214 1854 1268 omnes
1871 1195 1924 1267 ta·

375 1337 451 1390 men
478 1314 633 1410 regiones
659 1336 702 1390 ex
729 1313 862 1409 integro
889 1313 1047 1390 Boleslao
1072 1313 1237 1405 restituit,
1270 1315 1306 1389 et
1331 1335 1408 1389 eum
1434 1335 1510 1388 oum
1537 1315 1644 1390 matre
1670 1313 1753 1392 feeit
1778 1315 1927 1411 gaudere

375 1437 478 1532 plena
503 1438 538 1514 et
564 1435 680 1528 quiete
706 1436 854 1512 omnium
881 1457 1015 1512 suorum
1043 1433 1299 1531 Prinoipatuum
1326 1433 1545 1530 possessione.

618 1799 776 1874 laudatio
804 1801 996 1874 monasterii
1023 1799 1147 1874 ordinis
1174 1799 1400 1874 distorsionis
1427 1801 1460 1872 iu
1486 1739 1687 1892 tuduinum.

481 2041 673 2136 Singularis
708 2040 849 2116 feruoris
884 2042 919 2116 et
954 2040 1131 2136 religionis
1166 2041 1202 2115 in
1237 2042 1344 2116 Qum
1382 2041 1480 2118 miles
1516 2041 1721 2118 Theodoreus
1755 2043 1928 2138 palatinus

377 2162 616 2254 Crotoniensis,
651 2162 787 2258 generis
813 2165 849 2238 et
875 2161 954 2236 fidei
970 2161 998 2257 ²)
1026 2161 1203 2238 nobilitate
1229 2161 1387 2259 insignis,
1424 2163 1466 2238 de
1493 2164 1650 2264 dordoet
1676 2163 1809 2240 familia
1834 2162 1927 2239 Gril-

377 2288 504 2378 fonum‚
533 2306 632 2378 quom
651 2283 855 2360 dilfioultate
873 2281 1019 2360 nominis
1037 2282 1167 2375 (irseoi,
1195 2285 1397 2359 Polonorum
1416 2283 1546 2380 lingua,
1575 2285 1691 2361 volans
1710 2305 1793 2360 eum
1817 2284 1924 2360 Thoo-

379 2409 495 2482 dorum
523 2406 715 2500 appellare,
751 2405 953 2496 dedronem,
986 2407 1022 2480 et
1048 2427 1162 2482 omnes
1188 2404 1337 2481 eiusdem
1364 2405 1510 2480 nominis
1536 2405 1798 2501 appellationem
1825 2403 1927 2483 sorti·

379 2532 432 2604 tos
472 2527 604 2604 uocauit
619 2524 657 2622 ³),
694 2527 826 2602 sultam
861 2526 1088 2622 ampliaturus
1122 2527 1273 2602 diuinum
1301 2529 1336 2602 ot
1362 2526 1427 2604 sibi
1454 2527 1544 2604 riam
1574 2529 1766 2604 struotnrus
1793 2527 1829 2604 in
1855 2551 1929 2605 ooo·

378 2651 462 2741 lum,
500 2647 651 2726 invilla
685 2670 747 2724 sua
781 2647 1009 2725 haereditaria
1043 2647 1244 2744 Ludaimyrn
1258 2647 1288 2744 ⁴)
1323 2671 1427 2745 prope
1462 2649 1637 2746 Nowitarg
1672 2649 1832 2746 oppidum
1863 2653 1930 2727 snb

379 2769 525 2866 Alpibus
552 2768 754 2846 Pannoniois
781 2769 860 2863 sita,
889 2769 1128 2846 monasterium
1156 2769 1283 2846 ordinis
1314 2770 1544 2848 cistersiensis
1569 2773 1632 2846 sub
1658 2770 1760 2846 titulo
1787 2772 1931 2849 Sanotue

379 2892 525 2984 Mariae,
553 2893 616 2966 sub
641 2890 815 2986 pontifioio
841 2891 951 2967 Vislai
967 2892 995 2987 ⁶)
1028 2891 1255 2968 (trudoniensis
1281 2892 1431 2988 spisoopi
1457 2895 1493 2969 et
1518 2893 1560 2968 de
1586 2893 1659 2968 eius
1684 2893 1824 2988 speoiali
1851 2915 1930 2969 oon-

380 3033 491 3104 sensu‚
533 3013 655 3088 fundat
681 3014 717 3088 et
743 3015 814 3088 mm
841 3015 1030 3109 praefatam
1065 3012 1185 3090 uillam
1219 3013 1433 3110 Ludeimyra,
1469 3035 1572 3108 quam
1605 3013 1692 3090 alios
1723 3015 1838 3109 plures
1864 3014 1932 3090 sibi

380 3156 441 3231 pro
468 3134 633 3230 perpetua
659 3133 837 3231 oonsignut
864 3136 952 3211 dote.
979 3133 1040 3211 (lui
1067 3134 1170 3211 otiam
1198 3135 1372 3231 praefatus
1398 3134 1578 3230 Vislaus⁶)
1605 3135 1833 3212 Oraoouiensis
1859 3136 1931 3232 epi·

381 3278 502 3351 asopus
537 3253 742 3336 deeimarum
777 3255 1041 3352 manipularium
1077 3259 1155 3352 post
1189 3279 1305 3333 omnes
1341 3257 1443 3334 uillas
1477 3257 1513 3333 in
1544 3258 1755 3352 possessione
1779 3260 1815 3334 ot
1841 3260 1933 3335 terra

381 3376 583 3452 monasterio
618 3377 785 3454 attributa
819 3379 1046 3471 looandarum,
1084 3378 1298 3454 donationem
1335 3377 1468 3454 adiooit.
1515 3380 1639 3455 Veram
1667 3379 1934 3456 cumfratribus

382 3497 576 3573 monasterii
604 3498 767 3593 praedioti
793 3498 830 3573 iu
856 3499 1057 3596 Ludnimym
1084 3523 1127 3576 ex
1142 3501 1172 3596 7)
1208 3499 1314 3575 Italia
1339 3499 1511 3575 aooersitis
1546 3501 1640 3577 varia
1665 3525 1687 3577 a
1713 3501 1795 3578 viris
1820 3501 1933 3577 Belial

382 3618 660 3716 praedonioamfl)
704 3619 884 3717 agentibus
927 3622 1067 3702 uidisset
1107 3621 1351 3717 impedimenta
1385 3623 1421 3698 et
1455 3621 1565 3717 spolia
1599 3623 1737 3714 inferri,
1774 3622 1932 3700 dsoannio

381 3743 488 3836 lapso,
517 3743 735 3836 posteaquam
753 3741 788 3816 in
807 3741 1007 3838 Ludnimyrn
1026 3743 1257 3819 fundationem
1276 3742 1469 3818 huiusmodi
1487 3745 1785 3837 eonsummavorat,
1813 3743 1851 3818 in
1867 3742 1932 3820 ail-

383 3863 452 3936 lam
479 3861 647 3938 Sohirsioa
661 3861 690 3957 9)
702 3885 737 3952 a
756 3862 905 3938 Sulislao
924 3863 1086 3940 Iohannis
1104 3863 1226 3940 militis
1249 3863 1332 3957 lilio,
1352 3864 1511 3941 oanonioo
1528 3865 1750 3957 Gramuionsi,
1776 3886 1837 3961 pro
1855 3886 1931 3940 oen·

383 3985 457 4058 tum
484 3982 606 4072 mareis
632 3984 767 4079 argenti
802 3988 1040 4081 temperatam,
1078 3985 1166 4060 illud
1185 3986 1227 4080 ¹⁰)
1254 3986 1446 4079 transtulit,
1479 3985 1535 4062 ubi
1563 3986 1599 4060 in
1625 3986 1819 4062 hodiernam
1846 3985 1934 4062 diem

383 4107 588 4200 perseuerat.
633 4104 891 4182 Liberalitatem
918 4106 1026 4182 Vislai
1049 4107 1092 4202 ¹¹)
1118 4106 1265 4203 episcopi
1292 4109 1464 4184 Prandota
1489 4110 1665 4204 episeopus
1690 4107 1933 4199 Oraoouiensis,

384 4225 599 4302 immediatas
626 4225 699 4301 eius
725 4249 906 4318 suooessor,
934 4249 1183 4324 supergressus,
1212 4229 1263 4304 de.
1279 4251 1444 4304 eonsensu
1466 4229 1626 4325 Capituli,
1654 4228 1800 4304 desimus
1825 4228 1933 4306 mani-

386 4347 522 4443 pulares
558 4369 693 4424 mensae
728 4369 808 4422 suae
835 4347 871 4422 in
898 4348 992 4424 uillis
1028 4349 1302 4442 sozomenum,
1339 4349 1536 4426 Gostaohow
1572 4353 1608 4426 et
1646 4349 1808 4441 Dliohow,
1836 4353 1873 4426 ot
1899 4349 1934 4424 in

385 4467 496 4562 Nigra
521 4467 619 4560 silva,
648 4470 725 4563 post
751 4471 886 4544 sentum
914 4491 1049 4546 mansos
1079 4472 1316 4564 Franoonioos,
1344 4473 1415 4548 looo
1443 4471 1612 4568 praedicto
1639 4473 1674 4545 et
1700 4471 1857 4546 ooenobio
1883 4471 1934 4546 in-

387 4587 525 4683 seripsit
550 4591 712 4685 perpetuo
738 4591 774 4666 et
800 4591 950 4668 donavit.

495 4883 521 4964 ¹)
536 4885 786 4947 Wratislariensis
808 4887 876 4947 Dux
897 4888 975 4950 deest
996 4889 1032 4949 in
1058 4885 1129 4949 eos.
1153 4887 1225 4950 Aut.
1258 4885 1423 4962 'igenero
1447 4887 1505 4948 fide
1527 4892 1558 4946 et
1580 4887 1639 4947 Ed.
1658 4887 1753 4948 Dodr.
1785 4885 1814 4965 3)
1837 4888 1937 4963 appel-

385 4990 459 5050 lavit
488 4995 519 5048 et
547 4991 664 5050 vocavit
692 4991 753 5051 Ed.
776 4991 872 5051 Dodr.
911 4987 937 5069 ⁴)
959 4992 1143 5052 Lndnimiorn
1165 4993 1226 5054 Ed.
1249 4993 1345 5052 Βοῦν.
1385 4989 1412 5069 ⁵)
1434 4991 1603 5054 Viszeslawi
1628 4991 1700 5053 ons.
1724 4989 1798 5052 Aoo.
1837 4988 1936 5068 ⁶)Vi·

389 5093 519 5154 szeslaus
545 5092 614 5156 Ood.
638 5092 711 5154 Aut.
753 5091 839 5172 ⁷)ex
861 5096 940 5156 deest
961 5097 997 5155 ire
1023 5095 1094 5157 (lod.
1117 5094 1191 5156 Aut.
1230 5093 1259 5174 ⁸)
1282 5095 1420 5171 praedam
1443 5095 1503 5156 Ed.
1526 5095 1621 5157 Dodr.
1660 5092 1687 5181 9)
1711 5096 1858 5175 Sohyrryo
1876 5095 1938 5158 Ed.

388 5196 482 5266 Dolor.
523 5195 563 5284 ¹⁰)
586 5199 647 5258 illio
669 5197 729 5263 Ed.
752 5199 848 5268 Dodr.
890 5197 930 5291 11)
952 5199 1096 5272 Viszeslai
1122 5199 1193 5277 Coei.
1216 5197 1289 5276 atat,
