4208 6282
420 549 492 648 10⁶2
1042 593 1153 645 ursus
1179 593 1332 686 sursus.
1703 571 1764 666 (Α.
1785 540 1955 671 Β.,1179·.)

415 781 587 857 uarobiam
614 781 813 856 Polonorum
849 781 1062 858 restitutione
1097 781 1255 856 aduersus
1290 781 1500 857 Karimirum
1536 784 1735 858 Polonorum
1768 785 1893 859 Ducem
1920 786 1955 861 ot

416 905 629 981 Monarcham
655 902 798 978 inaximo
825 905 921 979 aestu
948 908 1049 1000 atquo
1076 906 1197 979 conatu
1224 927 1266 980 ex
1292 904 1425 1000 proprio
1452 904 1571 996 milite,
1601 908 1779 1001 postquam
1796 909 1956 984 externus

417 1050 483 1102 non
509 1027 721 1123 suppetebat,
758 1027 945 1122 apparenti,
982 1049 1087 1103 nouus
1123 1027 1405 1102 incommoditatis
1433 1049 1530 1104 casum
1557 1027 1711 1125 ingestus
1737 1032 1801 1105 est.
1846 1030 1956 1105 Filius

416 1150 541 1226 etenim
567 1171 648 1224 suus
673 1151 758 1225 natu
785 1149 888 1224 maior
915 1150 1005 1241 Otto,
1039 1173 1082 1224 err
1110 1149 1217 1244 primo
1252 1149 1407 1246 coniugio
1439 1152 1624 1246 susceptus
1663 1151 1758 1246 graui
1786 1151 1910 1227 iniuria
1936 1176 1957 1228 a

358 1281 361 1288 '
416 1275 522 1368 patro,
551 1269 609 1364 qui
635 1271 873 1348 blandimentis
900 1272 1063 1347 secundae
1081 1271 1243 1348 consortis
1262 1295 1451 1367 persuasus,
1478 1271 1561 1346 filiis
1588 1273 1723 1349 secundi
1751 1273 1955 1349 matrimonii

417 1393 570 1471 meliores
589 1396 694 1470 sortes
712 1393 967 1489 Principatuum
994 1415 1128 1469 suorum
1155 1393 1344 1488 relinquere
1362 1396 1563 1470 testamento
1582 1394 1788 1490 disponebat,
1818 1397 1956 1472 affectu·

414 1541 490 1592 rum
510 1517 534 1612 ¹)
560 1539 595 1592 se
621 1517 807 1608 dinosoeus,
836 1519 951 1591 comba
978 1517 1106 1611 patrem
1135 1539 1210 1591 cum
1237 1516 1409 1592 nonnullis
1436 1516 1572 1592 Maioris
1599 1517 1756 1594 Poloniae
1778 1517 1958 1594 baronibus

417 1639 588 1728 coniurat;
616 1641 801 1735 opportuno
829 1661 960 1732 quoquc
986 1641 1135 1734 tempore
1162 1638 1282 1714 castris
1309 1641 1344 1713 et
1371 1638 1612 1714 munitionibus
1643 1639 1794 1735 paternis
1820 1640 1855 1715 in
1882 1643 1956 1716 bla-

416 1761 496 1836 ioris
523 1761 682 1837 Poloniae
708 1760 906 1856 Prirrcipatu
933 1761 1115 1857 occupatis,
1144 1763 1273 1856 patrem
1301 1761 1342 1835 de
1370 1762 1446 1837 sede
1473 1783 1533 1836 sua
1555 1761 1714 1838 exturbat
1740 1765 1775 1838 st
1802 1763 1955 1859 depellit,

417 1883 618 1978 nuntiosque
645 1884 688 1958 ad
714 1883 924 1958 Kazimirum
959 1885 1174 1959 Monarobam
1210 1883 1328 1977 mittit,
1366 1884 1532 1979 spondens
1568 1905 1603 1959 se
1630 1884 1832 1979 obedienter,
1870 1887 1958 1980 quod

416 2008 608 2103 imperaret,
646 2007 825 2098 facturum,
862 2011 897 2082 et
924 2030 998 2082 cunr
1021 2007 1173 2082 omnibus
1200 2005 1320 2081 castris
1346 2009 1381 2082 et
1408 2006 1661 2100 urunitionibus,
1690 2007 1912 2103 gentibusque
1927 2007 1957 2102 ¹)

416 2130 479 2205 sibi
509 2129 714 2226 parentibus,
743 2133 813 2203 tam
840 2129 915 2221 fide,
944 2151 1044 2224 quam
1070 2129 1225 2225 obsequio
1252 2129 1379 2205 sincere
1405 2129 1638 2204 adhaesurum.
1678 2129 1872 2205 Kazimirus
1898 2155 1956 2205 au-

416 2250 485 2329 tem
512 2251 664 2329 omnibus
692 2251 769 2327 aliis
796 2252 896 2327 torris
923 2255 957 2327 et
984 2251 1115 2343 castris,
1144 2275 1229 2344 quae
1256 2251 1393 2326 ditionis
1420 2252 1598 2348 ldyecaslai
1634 2254 1779 2346 fuerant,
1809 2256 1870 2328 sub
1897 2277 1956 2348 po-

416 2377 540 2451 testate
567 2377 602 2450 ot
628 2373 792 2471 regimine
819 2375 919 2450 Ottae
935 2372 963 2466 ³)
990 2375 1122 2470 nepotis
1148 2374 1200 2448 sui
1227 2373 1376 2466 relictis,
1413 2373 1604 2450 enasnonso
1641 2378 1787 2450 castrum
1814 2379 1849 2450 et
1876 2375 1958 2450 ciri·

415 2501 522 2572 tatum
548 2519 624 2572 curn
650 2518 709 2571 suo
737 2495 894 2571 districtu
922 2501 1057 2592 propter
1084 2496 1146 2571 loci
1174 2499 1321 2572 veterem
1358 2495 1559 2592 dignitatem
1586 2499 1621 2571 et
1647 2498 1772 2572 famam
1799 2497 1851 2572 sui
1877 2497 1961 2574 fecit

416 2619 512 2695 iuris.
556 2619 785 2696 Deiectionem
811 2621 924 2694 autom
950 2618 1085 2694 Maioris
1112 2617 1270 2694 Poloniae
1306 2642 1384 2694 mox
1416 2619 1549 2694 citerior
1575 2623 1610 2695 et
1636 2619 1776 2694 ulterior
1803 2621 1959 2696 Pomera-

417 2742 485 2834 nia,
513 2763 599 2837 quae
626 2743 660 2816 ot
686 2741 760 2837 ipsa
786 2741 971 2836 Myecaslao
1007 2743 1158 2836 parebat,
1196 2743 1311 2816 securta
1338 2743 1409 2830 est;
1446 2741 1577 2816 facinus
1612 2743 1726 2817 tamon
1753 2743 1852 2818 Ottae
1868 2741 1895 2838 ¹)
1922 2741 1959 2816 in

417 2867 548 2961 patrem
583 2863 766 2939 admissum
793 2885 910 2962 perosa
925 2863 964 2958 ⁶),
993 2864 1194 2960 primoribus
1230 2863 1418 2954 destinatis,
1456 2861 1627 2939 Karimiro
1662 2865 1860 2940 Monarchae
1887 2865 1960 2959 ple-

418 3009 495 3063 nam
522 2985 606 3062 faoit
633 2985 854 3062 deditionem:
891 2985 986 3060 cuius
1019 2985 1168 3081 regimen
1196 2989 1334 3082 propter
1369 2985 1516 3060 locorum
1548 2985 1744 3060 distantiam
1771 2985 1850 3081 ine)
1877 2987 1961 3062 duos

419 3109 588 3207 praesides
614 3109 762 3205 partitur
776 3107 816 3204 7).
845 3110 891 3184 Et
918 3107 1111 3185 ulteriorem
1138 3107 1272 3202 quidem
1297 3107 1540 3199 Pomeraniam,
1569 3131 1653 3201 quae
1675 3109 1839 3184 hactenus
1858 3109 1961 3205 Slup-

369 3301 372 3320 ,
419 3235 481 3308 slro
507 3232 684 3324 vocitatur,
721 3231 842 3307 Oomiti
869 3233 1038 3328 Boguslao
1074 3232 1114 3308 de
1149 3233 1244 3306 domo
1279 3234 1315 3306 et
1346 3231 1510 3327 genere)
1536 3231 1734 3324 Griffonum,
1772 3231 1958 3307 citeriorem

417 3379 505 3448 roro,
543 3355 637 3430 cuius
663 3354 802 3431 coansk
838 3353 1057 3451 principalior
1083 3353 1203 3430 civitas
1229 3356 1313 3446 erat,
1350 3352 1564 3449 bernhario)
1591 3354 1706 3429 baroni
1735 3355 1897 3450 regendas
1917 3354 1962 3449 ¹⁰)

418 3477 596 3555 commisit.
635 3476 780 3574 Quorum
806 3479 948 3570 uterque
974 3499 1131 3573 processu
1157 3476 1317 3573 temporis
1343 3477 1434 3552 Duce
1460 3476 1632 3552 Karimiro
1659 3479 1811 3569 obeunte,
1840 3499 1876 3552 se
1902 3477 1961 3552 do·

419 3602 548 3677 minum
573 3623 640 3675 non
667 3599 853 3695 praesidem
880 3621 1009 3696 geram,
1037 3591 1270 3696 Principatum
1296 3599 1541 3694 praedictarum
1569 3597 1824 3694 prouinciarum,
1853 3601 1888 3674 et
1906 3622 1962 3676 eo·

360 3774 367 3788 ι
418 3747 493 3799 ruur
520 3722 700 3820 posteritas
727 3725 804 3818 post
830 3722 908 3796 illos
934 3722 1109 3815 aliquanto
1135 3726 1294 3818 tempore,
1329 3721 1506 3796 conciliato
1533 3721 1597 3796 sibi
1625 3720 1825 3796 militarium
1852 3725 1887 3796 et
1913 3721 1961 3796 ci·

419 3847 511 3921 riurn
537 3845 662 3934 farore,
700 3844 888 3938 usurpavit.
936 3845 1029 3919 Tunc
1064 3844 1201 3940 insuper
1231 3843 1379 3918 Boleslai
1406 3844 1629 3938 Krapuousty
1664 3843 1846 3934 oraculum,
1875 3844 1964 3935 quod

412 3968 610 4057 'moriturus
639 3967 756 4061 Regno
784 3967 818 4040 in
846 3968 990 4058 quatuor
1016 3966 1115 4059 filios,
1146 3967 1263 4060 quinto
1290 3967 1386 4041 nulla
1412 3964 1574 4061 portione'
1594 3964 1723 4057 relicta,
1761 3965 1877 4058 diuiso,
1905 3965 1963 4042 de·

345 4147 348 4158 .
420 4091 639 4186 prompserat,
677 4087 885 4164 verificatum
924 4087 1028 4163 fulmo
1064 4091 1216 4164 notatum
1243 4091 1306 4182 est,
1339 4088 1396 4182 qui
1424 4087 1459 4162 in
1487 4085 1694 4162 Kauiruirum
1722 4091 1803 4163 tunc
1830 4087 1965 4182 quidem

420 4213 585 4286 infantem
612 4213 647 4286 et
673 4211 804 4285 nullam
831 4209 1016 4306 portionem
1044 4210 1133 4285 inter
1160 4212 1282 4286 fratros
1319 4209 1427 4306 patris
1463 4209 1672 4284 ordinatione
1699 4212 1733 4284 et
1759 4209 1965 4286 testamento

420 4334 587 4425 sortitum,
616 4335 759 4428 quatuor
795 4334 1038 4408 tetrarcharum
1074 4333 1274 4428 quadrigam
1305 4333 1428 4428 spiritu
1455 4331 1519 4407 sibi
1545 4333 1716 4408 revelante
1751 4333 1966 4428 praedixerat

420 4477 663 4532 concursuram.
709 4453 770 4528 cui
797 4453 863 4529 etsi
890 4454 1044 4530 Stesiana
1064 4455 1107 4550 ¹¹)
1144 4454 1237 4550 regio
1273 4453 1401 4529 sfiliis
1429 4451 1609 4530 Wladislai
1629 4453 1672 4548 ¹¹)
1698 4452 1770 4527 Alti
1799 4475 1964 4549 possessa,

420 4579 557 4673 propter
583 4575 716 4652 ciuilem
743 4575 941 4652 discordiam
969 4577 1093 4670 (minor
1119 4575 1208 4652 onim
1235 4579 1318 4650 natu
1345 4577 1551 4672 Myacuslaus
1577 4574 1736 4651 maiorem
1762 4577 1846 4650 natu
1864 4577 1964 4652 Bole-

421 4701 531 4774 slaum
558 4699 598 4772 de
625 4700 756 4773 Ducatu
784 4721 844 4773 suo
871 4701 1082 4795 propulerat)
1110 4698 1318 4792 aliquamdiu
1350 4721 1466 4794 parere
1493 4699 1732 4774 detrectasset:
1769 4697 1964 4773 Karimirus

421 4826 534 4897 tamen
560 4819 740 4896 Monarcba
767 4821 974 4896 maturitatis
1001 4844 1080 4896 suae
1108 4821 1289 4914 industria,
1328 4820 1515 4916 pacificatis
1551 4819 1822 4914 concordatisquo
1849 4821 1965 4896 fratri·

421 4948 494 5036 bus,
524 4965 597 5020 carn
624 4943 745 5018 adsui
771 4943 994 5018 obedientiam
1021 4943 1167 5034 reduxit,
1203 4943 1493 5040 Myeczslaumque
1529 4943 1569 5018 de
1595 4941 1868 5019 Wratislauiensi
1894 4944 1965 5018 Du-

421 5070 511 5160 earu,
540 5066 635 5142 cuius
662 5087 738 5140 eum
764 5068 901 5143 tenebat
927 5065 1077 5159 ambitio,
1106 5067 1273 5159 Bolesleo,
1302 5065 1357 5142 cui
1384 5067 1474 5142 sorte
1502 5065 1681 5162 obtigerat,
1709 5066 1824 5142 cedere
1844 5065 1965 5161 coegit:

531 5259 553 5339 ¹)
575 5259 760 5322 afficiendum
786 5259 856 5322 Ood.
879 5261 970 5321 Rorr.
1011 5255 1039 5342 ¹)
1062 5260 1255 5334 gentibusque
1278 5259 1338 5318 suis
1365 5255 1434 5322 Ood.
1458 5259 1549 5319 Roar.
1588 5255 1615 5336 ³)
1639 5259 1753 5319 Ottonls
1779 5257 1850 5321 (lod.
1873 5259 1965 5320 Roar.

423 5364 450 5445 ¹)
474 5367 589 5427 Ottonis
615 5365 685 5428 (lod.
708 5368 801 5428 Roar.
840 5362 868 5444 ⁵)
890 5383 997 5440 perosa
1018 5365 1156 5425 nobilitas
1182 5363 1253 5425 Ood.
1276 5365 1369 5425 Roas.
1408 5359 1535 5442 ⁰)iuter
1561 5363 1630 5424 Cod.
1653 5365 1746 5425 Rcer.
1786 5361 1813 5443 ⁷)
1837 5364 1966 5424 Karimi·

422 5466 475 5531 rus'
494 5471 629 5545 partitur.
656 5471 727 5533 Ood.
750 5472 841 5532 Roar.
880 5467 909 5548 ¹¹)
932 5470 969 5530 de
991 5469 1101 5530 lanulis
1125 5469 1196 5533 (lod.
1220 5469 1311 5530 soar.
1346 5463 1375 5548 ⁹)
1399 5468 1568 5530 Szamborio
1594 5467 1664 5530 Ood.
1687 5467 1760 5529 Act.
1801 5463 1840 5546 ¹⁰)
1862 5485 1965 5543 geren·

427 5577 478 5642 das
501 5577 560 5639 Ed.
583 5577 677 5640 Dobr.
720 5573 759 5658 ¹¹)
782 5575 918 5642 Slesitica
940 5575 999 5640 Ed.
1021 5575 1115 5636 Dobr.
1158 5571 1804 5656 ¹⁹)sores1aidecacuminanda
