4172 6278
379 551 451 624 166
1004 570 1117 623 ursus
1142 569 1297 623 sexsus.
1640 547 1708 646 (Α.
1730 546 1776 626 D.
1796 547 1926 646 1203.)

376 756 516 847 cretum,
544 777 620 830 cnm
648 756 682 829 ot
709 755 761 830 sni
789 758 825 832 et
850 755 1010 830 Falconis
1037 755 1181 851 episcopi
1206 757 1371 851 respectu,
1400 755 1523 832 cneterl
1551 756 1820 832 ttrscouiensium
1849 779 1925 851 pro-

376 897 466 952 ceres
485 899 528 951 ex
545 898 659 952 eorum
678 876 848 952 sententis
874 877 1069 971 penderent.
1097 878 1212 972 Longo
1236 877 1351 971 itaque
1368 879 1518 952 trectutu
1536 877 1663 968 habito,
1692 877 1757 953 etsi
1777 877 1924 954 omnium

375 998 454 1072 uotn
480 1020 540 1091 pro
566 998 736 1074 Lestlrone
768 997 857 1074 Albo
893 996 1108 1091 inclinarent,
1145 1022 1213 1073 non
1247 998 1348 1074 nliter
1382 1001 1496 1074 temen
1531 1021 1608 1074 eum
1628 998 1651 1092 ¹)
1682 1021 1743 1093 pro
1769 997 1926 1093 Principe

376 1118 544 1214 suscipere
570 1118 710 1214 placuit,
739 1118 804 1194 nisi
832 1121 871 1194 nt
897 1119 1117 1196 Gouoricium
1144 1118 1334 1214 palatinum
1362 1118 1664 1196 Sondomiriensem
1690 1143 1711 1192 e
1737 1141 1773 1196 se
1791 1141 1927 1214 prorsus

376 1241 505 1335 releget
530 1241 566 1317 et
591 1240 743 1316 abdicet:
771 1263 846 1316 curn
874 1264 918 1316 ex
944 1241 1083 1316 duorum
1115 1242 1235 1316 mutus
1260 1243 1295 1318 et
1322 1241 1447 1318 infeste
1481 1239 1654 1318 collisione
1689 1262 1797 1333 neque
1823 1242 1925 1320 Rem-

376 1361 545 1456 pnblicem
572 1361 725 1456 legitime
752 1383 848 1456 posse
876 1361 998 1458 dirigi,
1036 1384 1145 1456 neque
1180 1362 1319 1438 consilis
1345 1364 1420 1438 tute
1452 1361 1612 1453 tracturi,
1651 1384 1759 1454 noque
1787 1361 1865 1438 fidei
1892 1365 1928 1440 et

375 1482 575 1559 subiectioni
602 1484 712 1558 locum
739 1505 822 1559 esse.
850 1485 892 1558 In
919 1485 1010 1559 hunc
1036 1507 1160 1560 morem
1187 1484 1267 1559 dum
1293 1485 1419 1560 lestko
1445 1483 1554 1559 Albus
1581 1483 1849 1558 Orocouiensinm
1875 1484 1925 1560 le·

375 1607 474 1700 gntus
501 1603 695 1699 accepisset,
732 1604 790 1680 din
817 1627 893 1680 cum
920 1605 1002 1695 suis,
1040 1605 1121 1697 quid
1148 1607 1277 1700 egeret,
1315 1606 1496 1699 perplexus
1524 1605 1661 1680 mansit.
1706 1607 1753 1680 Et
1778 1604 1929 1698 optabile

376 1725 509 1819 quidem
537 1728 620 1816 erut,
660 1726 909 1802 (tracoviensem
938 1726 1172 1821 Principctum
1199 1727 1290 1800 ultro
1317 1726 1468 1800 delstum
1494 1724 1673 1820 suscipere,
1702 1727 1737 1801 et
1763 1747 1927 1802 execran-

376 1845 429 1920 dis
456 1845 696 1922 schismatibus
723 1850 758 1922 et
784 1846 883 1923 bellis
909 1851 1086 1942 propterea
1113 1846 1251 1921 orituris
1287 1845 1505 1921 seminarium
1532 1847 1682 1935 auferre;
1719 1845 1847 1921 nemini
1874 1849 1927 1920 ts·

376 1990 452 2042 meu
479 1967 564 2043 sutis
599 1969 773 2062 plncebct,
814 1969 920 2044 cirum
956 1969 1169 2044 innocentem
1205 1971 1328 2062 stoque
1364 1968 1525 2043 demerito
1561 1967 1770 2042 exilistiouis
1805 1989 1925 2062 poene,

377 2111 478 2181 quum
505 2089 546 2164 de
572 2089 632 2164 illo
660 2089 820 2164 Nicolcus
857 2090 1030 2185 puletinus
1062 2089 1290 2165 (linconiensis
1316 2090 1464 2184 petebct,
1503 2089 1673 2180 mulotcri,
1710 2089 1746 2163 et
1772 2088 1809 2163 in
1835 2109 1927 2164 csse·

941 2190 945 2198 ι

379 2208 590 2306 cutionem²)
616 2209 845 2287 Orccorionsis
871 2210 1089 2306 Principntus
1108 2213 1192 2286 bene
1210 2209 1367 2286 meritum
1387 2208 1616 2285 consiliarium
1637 2208 1810 2304 proscribi.
1838 2210 1927 2284 Dum

378 2333 491 2408 nutem
518 2331 555 2408 in
582 2332 811 2409 huiuscemodi
848 2333 1072 2428 ambiguitate
1098 2334 1224 2408 Lestlro
1259 2331 1368 2406 Albus
1395 2333 1430 2406 ot
1455 2331 1508 2406 sui
1534 2330 1718 2406 consiliarii
1753 2353 1927 2406 versaren-

377 2456 444 2542 tur,
473 2449 534 2530 nec
561 2455 659 2546 qucle
686 2476 882 2550 responsum
918 2453 1186 2530 (trecouiensium
1212 2453 1338 2549 legetis
1363 2453 1509 2545 ederent,
1543 2451 1744 2543 invenirent,
1781 2450 1926 2528 (teucri-

377 2573 449 2650 cius
477 2575 649 2670 palatinus
685 2575 966 2652 Snndomiriensis
1002 2575 1216 2652 difficultatis
1252 2573 1467 2669 praefactae
1504 2575 1627 2649 nodum
1664 2573 1847 2665 soluturus,
1881 2573 1931 2648 its

379 2694 560 2771 disseruit:
597 2696 793 2794 Indignum,
831 2697 953 2792 iuquit,
992 2695 1178 2773 clarissime
1205 2695 1375 2790 Princeps,
1405 2717 1488 2786 reor,
1517 2698 1558 2770 ut
1583 2697 1721 2790 propter
1748 2717 1800 2770 me
1827 2717 1931 2769 unum

382 2839 458 2894 erus
484 2816 628 2894 forsitan
655 2821 715 2894 sut
741 2818 839 2894 hodie
875 2841 896 2893 u
923 2817 994 2894 rito
1020 2839 1246 2908 excessurum,
1284 2815 1420 2911 publico
1444 2817 1619 2892 deseretur
1654 2815 1799 2906 utilitas,
1828 2816 1864 2892 et
1890 2817 1931 2890 ob

382 2961 475 3016 rneee
502 2939 625 3014 solutis
651 2939 752 3014 unius
778 2942 966 3036 respectum
993 2940 1087 3014 selus
1113 2937 1323 3014 infinitorum
1350 2937 1559 3034 negligatur,
1587 2940 1627 3012 tu
1654 2960 1786 3030 quoque
1812 2938 1930 3014 sttru-

380 3061 546 3140 ecuieusis
572 3061 807 3156 Principstus,
840 3060 936 3137 cuius
962 3060 1026 3137 tibi
1053 3059 1168 3137 dirins
1194 3061 1229 3136 et
1255 3061 1403 3135 humens
1417 3060 1446 3154 ⁴)
1473 3060 1612 3136 debetur
1638 3058 1730 3134 iuste
1755 3056 1929 3150 sumussic,

382 3182 560 3277 excides⁶)
587 3181 757 3277 portione:
786 3206 862 3259 curn
889 3183 925 3257 in
943 3182 1099 3258 omnibus
1126 3182 1284 3258 humenis
1310 3181 1498 3258 notionibus
1526 3179 1663 3276 publicu
1688 3180 1853 3276 optimum
1872 3180 1930 3272 sit,

382 3303 524 3398 privetis
551 3303 725 3379 conferri.
753 3306 803 3380 De
829 3328 881 3380 me
908 3304 1042 3398 quidem
1069 3303 1229 3399 exiguam
1255 3306 1291 3379 et
1308 3303 1450 3393 nullum,
1478 3303 1656 3378 dummodo
1682 3301 1930 3378 Grucouieneem

379 3425 611 3519 Principcturn
638 3425 837 3518 assequmm,
874 3427 1061 3502 hubendsm
1093 3426 1164 3502 fore
1189 3424 1366 3515 ustionem,
1404 3426 1439 3500 et
1465 3447 1597 3500 omnem
1634 3445 1761 3498 morem
1795 3425 1932 3499 exortae

381 3550 519 3641 propter
547 3569 599 3620 me
627 3547 841 3622 difficultatis
869 3570 984 3623 censeo
1020 3546 1176 3624 rescindi.
1222 3547 1405 3638 Nunquam
1442 3544 1532 3620 enim
1567 3544 1604 3619 in
1630 3544 1721 3620 iustu
1746 3543 1818 3622 scie
1854 3545 1930 3619 hor-

380 3667 519 3743 rendum
545 3670 597 3743 est
624 3667 714 3743 fideli
743 3691 836 3743 servo
863 3669 898 3742 et
926 3667 1027 3742 militi
1055 3691 1115 3762 pro
1143 3667 1301 3762 Principe
1326 3670 1362 3743 et
1385 3667 1519 3742 domino
1547 3687 1606 3742 suo
1635 3667 1812 3742 honestem
1841 3687 1928 3740 mor·

382 3791 451 3862 tem
479 3791 655 3883 oppetere:
684 3791 811 3883 quanto
834 3785 948 3884 iungis
974 3791 1010 3866 et
1036 3788 1120 3862 mihi
1147 3787 1330 3883 gloriosum
1358 3787 1433 3878 erit,
1463 3809 1523 3882 pro
1549 3787 1601 3861 tui
1629 3786 1843 3882 Principstus
1865 3785 1931 3860 dit·

381 3911 555 3984 fundende
590 3909 814 4005 amplitudine
840 3911 882 3984 od
909 3910 1073 3985 iniustum
1109 3909 1252 3984 exilium
1279 3908 1338 3999 ire,
1376 3909 1508 3984 felicem
1536 3931 1589 3984 me
1615 3911 1651 3984 et
1677 3929 1785 4004 genus
1821 3929 1932 3984 meum

369 4032 487 4120 retus,
516 4029 545 4104 si
573 4031 653 4124 quid
681 4031 859 4126 indignum
887 4053 946 4126 pro
973 4033 1070 4107 teet
1096 4053 1156 4125 pro
1183 4029 1380 4125 Republica,
1409 4029 1463 4106 cui
1489 4029 1554 4105 soli
1580 4028 1686 4106 ritum
1713 4029 1826 4120 debeo,
1857 4051 1932 4123 pcr-

382 4151 502 4228 tulero.
531 4151 614 4228 Plus
640 4151 789 4227 virtuose
815 4152 980 4244 loquendo
1007 4151 1161 4246 profecit,
1190 4173 1289 4243 quom
1318 4149 1348 4224 si
1374 4152 1573 4246 arroganter
1600 4171 1636 4225 se
1653 4149 1834 4245 gessisset:
1863 4152 1933 4224 tom

383 4273 532 4349 modesto
557 4271 648 4348 onim
674 4275 709 4347 et
735 4273 857 4348 humili
884 4272 1047 4348 sermonis
1073 4271 1278 4368 supellectili
1306 4294 1420 4348 omues
1448 4271 1562 4363 morit,
1592 4273 1632 4346 ut
1658 4270 1770 4366 potius
1802 4271 1844 4346 de
1873 4291 1935 4344 suu

382 4395 491 4470 solute
518 4394 692 4485 serrendo,
723 4417 825 4486 quem
852 4396 893 4470 de
911 4395 1116 4487 assequendo
1143 4393 1354 4470 Grecoviensi
1380 4391 1579 4488 Principstu
1605 4391 1806 4486 cogitarent.
1834 4393 1933 4466 Lest-

383 4517 426 4591 ko
465 4537 597 4608 qnoque
631 4514 741 4590 Albus
775 4517 854 4590 Dux
889 4515 1015 4611 legatis
1052 4514 1319 4592 Omcoviensium
1355 4514 1393 4588 iu
1426 4513 1603 4590 consilium
1638 4512 1851 4603 introductis,
1885 4512 1935 4588 ito

386 4635 580 4730 respondit:
609 4636 683 4712 Etsi
702 4639 860 4729 restrnm,
880 4639 1152 4729 coeterorumque
1165 4635 1431 4712 cracoviensem
1458 4657 1631 4730 procerum
1657 4657 1740 4730 erga
1766 4656 1819 4710 me
1837 4635 1937 4710 tidem
2077 4651 2081 4672 ⁴

386 4761 523 4853 grstsm
551 4758 882 4851 commendatumque
907 4759 1060 4849 hebesm,
1095 4781 1161 4851 que
1187 4781 1240 4833 me
1266 4757 1302 4832 in
1329 4755 1582 4834 Grucorieueom
1608 4755 1841 4851 Principeturn
1868 4757 1936 4832 ele·

383 4878 496 4975 gistis,
524 4877 686 4972 inquom
721 4881 757 4955 et
789 4878 900 4974 ipsum
936 4901 1067 4973 quoque
1094 4878 1167 4954 iure
1202 4877 1351 4954 nutureli
1386 4879 1422 4954 et
1457 4876 1570 4952 diuino
1606 4875 1691 4950 milri
1726 4877 1938 4971 competebat

383 5021 612 5078 successurum
626 4999 676 5095 6);
704 5023 771 5076 uon
798 5023 873 5076 sum
900 5003 1015 5078 tumen
1041 5003 1250 5076 terrenorum
1276 4998 1533 5094 Principstunm
1559 4999 1641 5074 odeo
1660 4997 1791 5090 nvidus,
1819 5000 1860 5073 nt
1877 5020 1937 5093 pro

383 5121 457 5196 illis
483 5121 725 5216 consequendis
751 5125 933 5218 tyrunnum
962 5143 1014 5199 me
1042 5121 1165 5216 potius,
1200 5141 1301 5213 quum
1328 5119 1522 5216 legitimum
1548 5119 1674 5196 Ducem
1700 5141 1819 5216 gerum
1834 5118 1874 5212 ⁷),
1903 5120 1938 5193 el

496 5293 519 5372 ¹)
542 5313 608 5358 eum
629 5297 707 5359 dcem
729 5298 765 5358 in
791 5295 862 5358 coc.
886 5295 960 5357 Aut.
999 5294 1028 5375 ⁹)
1051 5295 1245 5356 sescentienis
1275 5291 1346 5355 Ood.
1369 5295 1461 5354 Rosr.
1501 5290 1722 5370 ³)prsedietce
1748 5290 1819 5355 eos.
1842 5293 1936 5353 Recr.

385 5397 849 5478 ⁴)hnmanerogeffl.1)ocr.
883 5397 1257 5487 persensissemus
1289 5393 1318 5484 ⁶)
1342 5397 1491 5458 successio
1518 5395 1589 5463 (lod.
1612 5399 1705 5465 Beer.
1738 5393 1937 5482 &exerceant

388 5501 461 5576 Ood.
484 5505 578 5575 Roas.
