4162 6288
156 536 219 632 (Α.
239 530 286 612 D.
307 535 426 632 1278.)
746 562 858 615 umus
884 563 1077 617 sunmmue.
1630 553 1704 623 449

153 745 225 837 tur,
253 747 289 820 et
315 745 350 818 in
377 747 524 840 Pragam
551 747 719 838 reductae,
758 747 794 822 in
822 747 939 822 maiori
975 749 1116 825 ecclesia
1152 751 1328 846 sepelitur.
1364 752 1426 827 (lui
1462 753 1498 827 iu
1525 753 1708 830 Bohemiae

152 865 274 960 Regno
300 868 521 943 Wenecslaus
548 866 641 942 filius
668 867 816 961 quinque
843 891 1006 944 annorum
1033 893 1115 965 puer
1142 873 1313 964 successit,
1342 874 1436 948 cuius
1462 877 1497 948 et
1513 874 1625 969 Regni
1649 877 1705 948 tu·

152 987 260 1060 telam
286 989 596 1082 Brandoburgensia
621 988 771 1064 Marchio
799 990 878 1064 Otto
905 991 1042 1085 Longus
1069 991 1135 1084 (ite
1161 991 1251 1067 enim
1278 995 1375 1088 pater
1401 993 1516 1070 moena
1534 994 1705 1088 disposue-

154 1111 226 1199 rat)
252 1109 370 1202 gessit,
399 1111 434 1184 et
460 1111 532 1183 tam
560 1111 738 1204 paruulum
765 1111 1012 1202 Wencoslaum,
1042 1133 1143 1203 quam
1169 1115 1312 1188 matrem
1338 1113 1410 1189 eiua
1436 1115 1604 1210 Reginam
1632 1117 1705 1188 Kn-

153 1231 355 1322 negundem,
384 1253 427 1305 ex
453 1233 566 1326 Praga
591 1231 628 1304 in
654 1233 802 1305 castrum
830 1232 998 1326 Boudycsn
1018 1233 1041 1326 ¹)
1068 1235 1165 1308 nocte
1192 1234 1336 1326 deducit,
1365 1239 1400 1310 et
1426 1226 1585 1310 Bohams
1612 1258 1704 1311 amo-

153 1348 212 1438 tis,
241 1349 391 1424 Saxones
418 1351 453 1422 in
480 1374 593 1426 eorum
620 1351 780 1443 obsequia
806 1352 975 1445 surrogat.
1012 1353 1067 1424 Ru
1093 1353 1221 1428 tutoria
1246 1357 1361 1430 amen
1387 1356 1598 1445 huiusmodi,
1628 1379 1704 1450 pre-

153 1469 323 1543 mentibus
349 1470 540 1545 Sanonibus
566 1473 743 1563 Bohemoar,
780 1473 822 1545 ad
850 1472 1073 1546 miserabilem
1109 1473 1333 1549 conditionem
1369 1475 1532 1551 Bohemia
1568 1478 1704 1551 redacta

153 1590 217 1662 est.
247 1588 399 1664 Graecari
426 1591 625 1686 Redolphus
652 1593 728 1666 Rex
754 1593 790 1665 in
817 1593 1000 1668 Bohemiae
1025 1594 1184 1688 Regnum
1204 1601 1280 1688 post
1300 1595 1474 1670 uictoriam
1493 1597 1700 1690 disponebat,

154 1710 213 1782 scd
240 1711 456 1804 precantibus
480 1712 659 1802 Bohomis,
696 1715 731 1785 et
758 1735 826 1806 pax
853 1715 887 1786 ot
914 1713 1067 1788 affinitas
1102 1714 1200 1788 iuxta
1236 1718 1337 1809 pacta
1372 1715 1544 1809 superiora
1581 1717 1704 1792 reinte-

154 1831 268 1926 grata,
295 1831 402 1906 filiam
430 1853 523 1906 auam
551 1831 716 1908 Guttbem
732 1831 761 1926 ἱ)
799 1833 897 1908 occisi
925 1834 1029 1929 Regis
1058 1834 1127 1908 filio
1153 1834 1351 1912 Wenoeslao
1378 1837 1613 1931 desponsante.

231 2215 385 2290 lleuricus
411 2219 547 2308 quartus
573 2163 852 2290 wratislaviensis
878 2215 949 2288 buu
975 2215 1139 2289 llloorslro
1166 2217 1286 2308 repetit
1312 2219 1346 2288 et
1372 2234 1507 2290 uxoreae
1534 2217 1633 2292 iuuit.

259 2450 430 2527 Occisione
457 2454 493 2526 et
520 2455 626 2528 morto
652 2453 831 2528 Premislai
858 2453 1038 2528 Bohemiae
1065 2452 1171 2550 Regia
1197 2455 1332 2546 secuta,
1369 2453 1537 2530 Henrieus
1563 2458 1703 2548 quartus

151 2555 292 2646 uocatus
318 2575 447 2647 Probus
474 2553 767 2649 Wrntialauiensis
807 2575 886 2648 Dux
922 2577 1069 2648 castrum
1095 2577 1131 2648 ei
1156 2574 1316 2669 oppidum
1352 2597 1451 2650 suum
1477 2575 1645 2650 Klocusko
1661 2574 1701 2669 ³),

151 2693 241 2784 quod
268 2693 322 2768 sui
348 2696 488 2768 barones
514 2693 813 2770 Wratislarienses
840 2694 1022 2770 Premislao
1049 2695 1137 2790 Regi
1164 2717 1224 2790 pro
1251 2695 1361 2769 danda
1388 2695 1478 2790 parti
1497 2718 1610 2770 eorum
1624 2719 1702 2771 con·

150 2815 207 2887 tra
233 2814 428 2888 Boleslaum
455 2815 648 2910 Rogatlram
675 2816 937 2910 Legnicuansom
963 2816 1088 2889 Ducem
1104 2817 1132 2909 4)
1159 2815 1358 2891 assistentia
1384 2818 1419 2890 et
1446 2817 1569 2908 farore,
1592 2817 1633 2890 ad
1652 2817 1702 2892 ri·

150 2935 208 3008 tae
235 2936 387 3028 tempora
414 2937 628 3010 contulerant
645 2935 948 3032 etinsoripsorant,
977 2935 1126 3030 repetiit.
1161 2937 1208 3010 nt
1234 2958 1276 3010 ue
1303 2938 1346 3010 ab
1372 2935 1543 3028 aliquibus
1571 2958 1701 3031 posses·

151 3055 203 3130 sio
229 3078 289 3150 per
315 3055 540 3132 Premislaum
566 3058 696 3153 Regem
730 3057 964 3152 temporaliter
994 3057 1114 3132 habita
1140 3058 1183 3130 ad
1209 3057 1472 3152 perpetuitatem
1498 3059 1701 3149 traheretur,
1794 3081 1798 3090 ’

89 3249 98 3261 ,
152 3199 219 3251 non
246 3175 563 3254 wratislaviensem
589 3180 699 3254 solum
726 3201 762 3254 se
787 3181 925 3270 Ducem,
954 3179 1012 3253 sed
1039 3178 1144 3253 etiam
1178 3177 1349 3254 dominum
1375 3179 1416 3254 do
1442 3178 1622 3268 Kloczsko,
1643 3202 1703 3274 pro

151 3297 370 3374 rescindenda
396 3299 487 3374 omni
502 3299 531 3394 ⁵)
556 3299 780 3395 ambiguitate
807 3300 1009 3390 futurorum,
1038 3299 1205 3374 titulavit.
1232 3298 1373 3394 Accepit
1399 3300 1434 3376 et
1460 3302 1542 3375 tunc
1568 3301 1605 3373 in
1624 3323 1701 3375 con-

152 3421 278 3496 sortem
304 3420 515 3496 blechtildim
542 3421 709 3517 uirginem
736 3421 844 3496 filiam
870 3421 1004 3496 Ottonis
1040 3421 1149 3518 Longi
1185 3420 1498 3515 Brandeburgensis
1518 3420 1701 3498 ,Marabiu-

149 3540 218 3630 nis,
247 3540 306 3631 qui
333 3543 470 3636 propter
495 3543 774 3636 gubernationem
799 3541 913 3638 Regni
939 3541 1119 3617 Bohemiae
1145 3541 1294 3616 famosus
1320 3543 1356 3616 et
1382 3541 1523 3616 celebris
1549 3564 1588 3616 ea
1614 3542 1701 3616 tem-

151 3659 286 3754 pestate
311 3660 510 3737 habebatur.

76 4064 80 4070 ¹
221 4041 372 4115 titluaui
409 4047 443 4116 ot
479 4042 629 4116 lmtbeui
665 4046 786 4116 terren
822 4043 1025 4117 belnensem
1060 4042 1274 4136 prestantur,
1302 4045 1474 4136 castraque
1513 4043 1640 4138 aliquot

827 4165 1028 4256 conquirunt.

256 4399 367 4473 Filius
392 4399 495 4474 Ducis
521 4399 728 4476 Lithuaniae
753 4402 892 4476 uocatus
918 4400 1075 4490 Trinote,
1106 4401 1211 4495 copiis
1237 4401 1483 4477 Liihuanorum
1502 4406 1537 4478 et
1555 4403 1700 4477 Pruthe·

148 4541 282 4610 norum,
310 4542 396 4612 quae
423 4520 570 4614 triginta
597 4522 707 4596 millia
733 4524 960 4616 pugnatorum
987 4523 1183 4614 explebant,
1211 4523 1409 4613 reoenaitis,
1437 4545 1495 4596 eas
1522 4523 1655 4598 trifarie
1671 4525 1701 4617 ⁶)

147 4639 290 4714 diuidit:
319 4662 421 4714 unam
447 4641 483 4714 in
509 4641 703 4734 Maeoniam,
731 4645 814 4716 duas
840 4663 917 4717 uero
944 4641 980 4716 in
1006 4641 1218 4717 Gulmensem
1236 4644 1362 4716 terram
1378 4643 1597 4718 transmittit.
1626 4645 1700 4717 Hac

147 4761 265 4833 autem
291 4761 434 4852 turmae,
463 4761 585 4853 quibus
612 4761 800 4837 Oulmousis
826 4763 918 4836 terra
943 4761 1133 4856 obtigerat,
1161 4765 1270 4837 castro
1296 4763 1470 4857 Bergelou
1497 4766 1559 4837 sub
1586 4763 1699 4837 (truci-

147 4879 232 4954 teris
259 4881 447 4974 conquisito
474 4884 509 4956 et
537 4882 683 4972 incenso,
712 4882 803 4956 omui
829 4883 921 4955 terra
948 4882 1119 4956 Oulmcnsi
1145 4884 1351 4976 pervastata,
1380 4884 1507 4956 multas
1534 4883 1698 4957 eurietio-

148 5022 271 5074 norum
297 4999 428 5076 animas
455 5001 492 5076 iu
519 5001 718 5076 servitutem
745 5001 952 5077 barbaricam
979 5003 1161 5077 abducunt.
1189 5004 1314 5079 Eodem
1333 5025 1421 5078 auno
1439 5003 1604 5077 Protheni
1622 5005 1698 5076 bar-

261 5275 285 5354 ¹)
306 5278 437 5338 Bozdzie
459 5277 529 5340 Occi.
552 5279 645 5338 Rosr.
680 5274 863 5354 bammum
896 5276 967 5338 Occi.
991 5279 1082 5338 Roas.
1118 5273 1145 5354 ³)
1167 5277 1299 5338 Kloculro
1328 5277 1389 5337 Ed.
1412 5279 1500 5353 Lipa.
1536 5273 1563 5353 ⁴)
1585 5276 1700 5336 Ducem

150 5380 230 5445 deest
250 5382 287 5441 ia
311 5381 383 5444 coo.
405 5379 479 5442 Aut.
505 5377 531 5458 Β)
554 5383 680 5443 omnium
702 5382 763 5442 Ed.
786 5381 872 5458 sape.
893 5377 920 5458 6)
943 5380 1086 5442 amieriam
1108 5381 1226 5442 amdam
1247 5380 1309 5442 Eoi.
1331 5381 1419 5456 Ispa.

203 5564 610 5620 annumerabunn.
1127 5533 1131 5541 ¹
1511 5571 1543 5620 er
