4162 6288
132 543 179 621 Λ.
201 545 249 622 D.
273 547 337 624 127
348 545 408 650 a.)
749 573 860 626 unaue
888 573 1083 628 sanamus.

129 982 308 1056 belsalam
335 982 474 1060 Pallam
499 985 570 1058 Du
598 985 742 1076 opernm
777 986 915 1059 noritur
941 988 1132 1061 draconino:
1160 988 1251 1061 caius
1278 1007 1361 1062 uxor
1387 1008 1460 1063 orn
1487 1008 1606 1080 oerore,
1633 993 1691 1065 llo·

130 1103 232 1176 lonlei
260 1105 308 1177 rii
333 1122 444 1194 uere,
470 1105 573 1178 nan
599 1105 818 1178 mareotidam
852 1107 1087 1198 conplectitur.
1114 1109 1193 1182 duic
1220 1128 1321 1202 uapor
1348 1111 1468 1185 lestko
1495 1111 1590 1204 lliger
1615 1113 1687 1185 Dux

617 1226 815 1301 arcadianon
841 1227 875 1299 in
900 1229 1025 1300 meatu
1052 1228 1209 1303 raecedit.

239 1465 426 1540 Excessum
454 1464 603 1540 Boleslai
630 1465 684 1539 Pii
712 1465 925 1542 Golissiensis
951 1469 1053 1542 Ducis
1080 1491 1099 1542 e
1125 1468 1209 1560 vita,
1238 1470 1325 1543 alter
1351 1471 1527 1544 Boleslaus
1544 1472 1691 1546 Pudicus

128 1584 366 1661 (bracariensis
393 1587 429 1660 at
455 1585 735 1660 Sandomiriensis
762 1587 841 1661 Dux
869 1589 1004 1663 secutus
1031 1591 1093 1678 est,
1122 1589 1219 1681 quasi
1246 1611 1356 1663 annus
1383 1590 1439 1665 hic
1456 1592 1606 1666 Ducibus
1624 1594 1688 1666 Po·-

129 1706 248 1780 lcniae
275 1706 309 1780 id
336 1727 456 1780 nomen
484 1707 663 1780 Boleslaus
691 1707 834 1798 sortitis,
863 1707 985 1782 fuisset
1012 1709 1141 1784 fatalis.
1170 1709 1233 1803 Qui
1261 1732 1335 1783 cum
1363 1710 1517 1803 pluribus
1549 1712 1688 1786 libertu-

131 1827 240 1917 tibus‚
271 1827 473 1921 privilegiis,
494 1828 767 1921 praeeminentiis
794 1831 829 1902 et
855 1829 978 1923 gratiis
1004 1821 1179 1904 ecclesiam
1207 1829 1457 1905 cracoviensem
1485 1832 1687 1926 multiplici-

128 1949 182 2022 ter
212 1948 397 2022 extulisset
423 1948 458 2022 et
485 1949 667 2022 nonnullas
707 1948 887 2040 ecclesias,
926 1949 1131 2023 monasteria
1157 1951 1192 2024 et
1219 1947 1277 2043 pia
1303 1951 1376 2024 loca
1402 1952 1588 2040 fundasset,
1617 1973 1689 2026 cor-

130 2091 213 2162 pore
243 2090 303 2143 sno
331 2070 373 2142 ab
399 2068 490 2142 omni
518 2068 677 2143 illecebra
704 2068 881 2158 custodito,
911 2071 946 2142 et
972 2069 1137 2162 pudicitia
1163 2073 1233 2142 tam
1254 2070 1317 2144 sibi
1337 2092 1436 2162 quam
1455 2071 1590 2166 coniugi
1609 2094 1689 2146 suae

130 2188 283 2284 Kingae,
313 2211 373 2284 per
399 2209 514 2264 omnes
541 2211 657 2278 annos,
686 2211 750 2282 quo
771 2190 794 2282 ¹)
822 2211 920 2263 suum
947 2191 1149 2264 connubium
1172 2192 1296 2266 nactus
1322 2192 1445 2280 fuerat,
1474 2195 1618 2282 serrata,
1647 2195 1688 2267 ob

131 2311 224 2402 quod
253 2310 387 2405 insigne
414 2310 552 2386 virtutis
580 2310 736 2386 meritum
765 2311 910 2385 Pudicus
937 2312 1124 2402 Boleslaus,
1154 2310 1242 2403 quod
1268 2311 1394 2386 nemini
1414 2313 1473 2386 alii
1492 2312 1687 2406 Principum

130 2432 297 2506 Poloniac
323 2453 398 2507 reor
424 2431 617 2526 contigisse,
646 2453 830 2526 cognomen
857 2431 1016 2522 sortitus,
1046 2433 1178 2506 caelebs
1204 2434 1239 2507 et
1266 2432 1381 2528 uirgo,
1410 2432 1464 2508 die
1491 2433 1598 2523 Solis,
1627 2435 1687 2508 Se·

131 2551 246 2646 ptima
272 2551 466 2629 Decembris
493 2553 580 2628 alias
606 2552 732 2646 Quarto
760 2553 841 2626 Idus
868 2553 1078 2643 Decembris,
1118 2552 1330 2628 devotissime
1366 2553 1455 2647 apud
1481 2553 1685 2644 Oracoviam,

131 2696 210 2748 cum
239 2674 339 2749 annis
366 2675 496 2768 septem
524 2675 559 2748 et
586 2673 732 2769 triginta
767 2675 962 2769 regnasset,
1005 2674 1147 2748 moritur
1190 2677 1226 2748 et
1261 2674 1296 2748 in
1334 2674 1535 2749 monasterio
1571 2674 1687 2750 Sancti

132 2794 311 2871 Francisci
338 2795 501 2870 Fratrum
528 2794 707 2886 Minorem,
737 2796 826 2888 quod
853 2795 926 2890 ipse
953 2794 1084 2890 primus
1110 2796 1322 2886 fundauerat,
1349 2795 1385 2868 in
1403 2797 1502 2870 choro
1530 2795 1688 2872 ecclesiae

132 2917 176 2991 ad
204 2916 438 3012 aquilonarem
465 2918 596 3011 partem
624 2916 798 3011 sepelitur.
828 2919 989 3011 Pompam
1016 2917 1148 2992 funeris
1175 2916 1227 2990 sui
1255 2917 1290 2992 et
1315 2917 1443 2992 Lestlro
1469 2917 1576 3012 Niger
1594 2917 1686 2992 Sira-

132 3037 264 3112 dieusis
289 3039 368 3112 Dux
396 3039 438 3112 ab
464 3059 515 3138 eo,
529 3037 565 3112 in
592 3035 702 3112 lilium
737 3039 773 3112 et
807 3059 1029 3113 successorem
1064 3038 1263 3133 adoptatus,
1299 3039 1426 3112 Paulus
1461 3037 1688 3114 Gracoriensis

132 3159 322 3254 episcopus,
351 3157 469 3253 Kinga
494 3179 566 3249 sua,
595 3160 631 3233 et
658 3158 791 3233 Helena
815 3157 965 3232 Boleslai
992 3158 1045 3232 Pii
1072 3158 1284 3234 (lalissieusis
1310 3158 1424 3249 Ducis,
1445 3158 1593 3252 relictae,
1609 3158 1687 3234 Gri-

129 3279 240 3373 phina
266 3299 400 3354 consors
426 3278 608 3354 Lestkonis
634 3278 746 3374 Nigri,
775 3281 915 3353 barones
943 3281 979 3352 et
1006 3279 1134 3354 milites
1173 3278 1313 3373 singuli,
1355 3279 1464 3354 clerus
1490 3281 1525 3354 et
1542 3280 1688 3376 populus
1774 3371 1782 3409 a

45 3419 54 3440 ·
133 3422 261 3496 magna
286 3399 479 3492 frequentia
504 3402 539 3493 et
565 3419 736 3489 concursu,
766 3421 827 3474 nec
853 3420 949 3475 secus
976 3402 1080 3492 atque
1107 3399 1143 3474 iu
1162 3399 1344 3474 domestico
1371 3401 1478 3490 luctu,
1507 3400 1686 3474 moerenti-

130 3523 195 3596 bus
222 3521 358 3616 publice
385 3519 526 3611 cunctis,
555 3520 773 3610 honorarunt,
802 3521 979 3596 efferentes
1007 3522 1164 3594 laudibus
1191 3521 1370 3611 mortuum,
1402 3519 1540 3614 quantis
1566 3541 1608 3595 ne
1635 3519 1685 3594 ri·

131 3663 213 3716 rum
241 3641 376 3736 quidem
403 3643 507 3733 atque
534 3641 745 3734 praesentem
772 3641 980 3716 extulerant.
1017 3643 1087 3716 Nec
1122 3664 1142 3715 a
1169 3641 1313 3735 propriis
1349 3641 1600 3732 tantummodo,
1629 3641 1688 3720 aad

132 3783 154 3836 a
180 3763 304 3838 vicinis
330 3783 461 3856 quoqne
487 3761 623 3856 populis
650 3783 709 3855 per
736 3762 897 3856 lugubres
924 3761 1025 3836 fletus
1052 3764 1087 3837 et
1113 3762 1273 3852 lamenta,
1302 3763 1343 3836 ob
1371 3761 1549 3855 probitatis
1567 3763 1603 3836 et
1616 3784 1686 3836 mo·

133 3883 262 3960 destiae
288 3905 389 3977 opera
415 3882 452 3955 in
478 3881 568 3956 omni
595 3881 668 3956 uita
693 3881 857 3974 exhibita,
887 3882 1107 3957 desideratus.
1147 3883 1223 3956 Non
1259 3882 1343 3956 tulit
1378 3881 1499 3956 relicta
1525 3903 1588 3956 sua
1613 3883 1684 3956 Du·

133 4003 223 4079 cissa
248 4003 367 4098 Kinga
392 4001 540 4096 amplius
568 4001 747 4076 mundanis
774 4001 964 4077 actionibus
990 4025 1025 4077 se
1045 4001 1193 4093 miscere,
1222 4003 1279 4077 sed
1306 4024 1441 4096 corpore
1468 4001 1582 4076 mariti
1610 4003 1682 4077 Du·

133 4125 183 4200 cis
211 4123 359 4199 Boleslai
385 4123 505 4198 Pudici
531 4123 591 4196 vix
618 4124 791 4214 funerata,
820 4147 895 4198 cum
923 4123 1056 4199 Helena
1082 4146 1263 4218 germana,
1292 4123 1441 4199 Boleslai
1468 4121 1520 4196 Pii
1549 4123 1686 4198 Oeliesi·

134 4245 227 4320 ensis
252 4242 399 4338 nucina
425 4243 563 4334 relicta,
600 4243 637 4316 in
677 4243 818 4319 ecclesia
845 4243 961 4318 Sancti
997 4245 1168 4318 Francisci
1204 4244 1354 4318 ordinem
1391 4245 1534 4318 Sanctae
1569 4244 1688 4320 dianae

134 4365 297 4460 professa,
325 4365 428 4458 caput
455 4364 592 4454 velarit,
621 4365 800 4439 ostendeus
836 4387 872 4438 se
898 4348 952 4438 ad
968 4387 1041 4439 earn
1077 4364 1253 4458 religionis
1289 4364 1527 4458 perfectionem
1561 4365 1686 4438 dudum

134 4485 323 4580 aspirasse,
350 4486 386 4559 at
411 4485 659 4579 quamprimum
696 4484 866 4580 coniugali
902 4483 1079 4577 vinculo³)
1114 4485 1245 4559 solutae
1280 4484 1396 4573 licuit,
1426 4485 1518 4559 illico
1554 4486 1686 4560 culmen

135 4605 232 4680 illius
258 4605 531 4699 apprehendisse.
568 4605 639 4680 Nec
674 4605 777 4680 fluere
812 4605 960 4697 aliquam
996 4605 1244 4700 lachrymarum
1280 4604 1455 4699 permisit,
1492 4605 1551 4679 sed
1577 4606 1685 4680 solum

134 4725 308 4800 (ibristum
334 4746 493 4819 sponsum
529 4725 700 4820 cogitans,
738 4725 926 4820 gratiarum
953 4725 1100 4800 actiones
1136 4725 1172 4798 in
1199 4725 1297 4799 illum
1324 4725 1458 4801 assidue
1484 4726 1685 4815 celebrabat,

121 4846 224 4938 ,quod
251 4844 348 4920 illam
374 4843 496 4940 gandi
523 4866 622 4919 onere
648 4845 837 4921 liberasset.
866 4845 1026 4919 Pluribus
1052 4867 1183 4938 quoque
1211 4844 1385 4937 utriusque
1411 4866 1514 4918 sanus
1540 4844 1685 4918 homini·

133 4967 198 5040 bns
223 4985 397 5041 excessum
425 4964 572 5040 Boleslai
599 4965 718 5040 Pudici
745 4965 1009 5060 deplorantibus,
1038 4967 1111 5040 sola
1143 4965 1369 5060 Kunegundis
1396 4966 1529 5039 nullum
1555 4964 1685 5039 tristio-

133 5087 181 5162 ris
208 5084 313 5160 animi
339 5087 577 5181 argumentum
605 5085 772 5176 ostendit,
810 5085 860 5160 ita
895 5107 932 5160 se
967 5089 1165 5162 convertens
1199 5087 1243 5160 ad
1277 5087 1404 5176 Deum,
1441 5086 1481 5158 ut
1517 5084 1686 5160 rideretur
1791 5078 1793 5083 ’
1854 5062 1860 5076 ’

134 5207 278 5282 mortem
305 5205 451 5300 optasse.
480 5206 620 5281 Omnem
647 5205 795 5300 corporis
822 5207 952 5281 cultum
980 5208 1014 5281 et
1040 5207 1206 5298 uestium,
1243 5205 1354 5280 adhuc
1395 5204 1527 5280 calente
1569 5203 1684 5278 mariti

248 5481 275 5550 ¹)
299 5499 336 5544 ex
357 5499 415 5558 quo
434 5483 495 5545 Ed.
516 5483 604 5566 Dipo.
628 5479 655 5566 ⁹)
679 5483 771 5545 Ducis
794 5482 871 5548 deest
893 5483 929 5546 ia
954 5480 1025 5547 dod.
1047 5481 1120 5546 Aret.
1152 5477 1325 5560 'lrinculo
1347 5481 1474 5558 iugoque
1499 5478 1570 5543 Ood.
1593 5481 1686 5544 acer.
