4246 6274
436 555 486 634 42
1046 577 1156 633 amna
1182 577 1350 644 coranus.
1687 551 1819 660 (ab.
1839 552 1952 658 1154.)

434 764 656 842 Gracouiensis
682 764 824 842 decimas
851 765 1049 843 monasterio
1075 767 1225 863 praefato
1252 765 1432 863 inscripsit.
1479 767 1565 841 Item
1592 767 1762 862 praefatus
1788 768 1954 843 Iohannes

435 887 635 966 (inesnensis
661 887 925 984 archiepiscopus
951 889 1042 964 dedit
1067 889 1171 964 eidem
1198 889 1350 965 coenobio
1376 887 1631 965 bndrceorisnsi
1659 889 1819 965 decimam
1845 891 1951 966 mani·

433 1013 582 1107 pulcram
609 1011 645 1086 in
670 1012 829 1106 Holuscy,
858 1033 990 1087 mansae
1015 1033 1094 1086 suae
1120 1010 1425 1107 archiepiscopalis3
1452 1011 1534 1086 item
1552 1011 1643 1086 dedit
1668 1012 1827 1088 decimam
1853 1013 1951 1106 quin·

433 1133 595 1228 quaginta
621 1135 817 1225 aratrorum,
855 1155 954 1226 quam
980 1137 1096 1228 postea
1122 1133 1273 1229 specifice
1299 1133 1508 1228 consignavit
1533 1133 1569 1208 in
1594 1134 1686 1209 uillis
1712 1115 1895 1230 Zlothnihy
1914 1135 1948 1228 ¹),

432 1255 633 1351 Skothnihp,
669 1255 940 1350 Rambyessnicze
956 1254 994 1350 ²),
1022 1254 1283 1330 Iessciihouicue
1300 1252 1339 1349 3),
1379 1255 1559 1348 Zarcniocs,
1598 1256 1834 1347 Sedanouicne,
1869 1256 1951 1331 dna·

431 1398 515 1452 ccou
531 1379 569 1472 ⁴),
597 1378 772 1478 Emesena,
800 1379 929 1453 Brnsm.
973 1378 1061 1452 Item
1087 1377 1174 1452 idem
1200 1377 1366 1452 Iohannes
1392 1377 1656 1473 archiepiscopus
1683 1379 1774 1453 dedit
1800 1379 1950 1454 haeredi·

430 1500 520 1574 tates
545 1498 646 1574 istas:
674 1499 813 1594 ngasd
828 1499 866 1592 3),
893 1499 1031 1596 Blonye,
1060 1499 1209 1574 Zercicce
1221 1497 1260 1593 ⁶),
1288 1497 1681 1592 Bioniona„Skourodno,
1701 1500 1949 1591 Kamenczicce,

431 1621 472 1694 ad
489 1643 564 1696 eum
591 1643 633 1696 ex
648 1623 743 1716 parte
769 1620 901 1716 cognati
927 1621 979 1694 soi
1006 1621 1153 1714 Sumilb
1179 1621 1371 1709 devolutas;
1398 1621 1480 1695 item
1506 1622 1606 1696 uillas
1632 1644 1690 1716 per
1716 1645 1791 1698 eum
1808 1625 1948 1718 emptas:

429 1743 680 1832 Daorssanszna
694 1742 733 1837 ⁸),
761 1743 933 1834 Busnhou,
961 1742 1156 1838 Tropisaou,
1184 1743 1293 1835 Biala,
1321 1743 1461 1817 Beszdin
1477 1743 1515 1838 ⁹),
1543 1745 1695 1819 Mirzeua
1713 1742 1766 1840 ¹⁰).

533 1865 641 1939 Mittit
658 1865 827 1939 Isnaslaus
845 1864 952 1938 filium
971 1887 1066 1939 suurn
1085 1865 1293 1941 hisccislaum
1312 1867 1452 1942 Polonos
1471 1868 1506 1940 et
1523 1867 1703 1961 Hongaros
1723 1867 1838 1942 contra
1854 1867 1948 1943 Wlo-

431 1985 649 2061 dimirhonem
676 1987 931 2073 conducturum3
967 1989 1002 2063 et
1028 2009 1093 2061 non
1119 1987 1328 2063 uenientibus
1364 1987 1508 2080 Pedonis,
1545 1991 1706 2064 venerunt
1735 1989 1889 2084 Hungari
1916 1990 1952 2063 et

430 2109 505 2184 Rex
530 2131 641 2184 eorum
668 2108 856 2203 Stephanus
882 2131 956 2184 cunr
974 2109 1159 2184 Msczislao.
1187 2110 1232 2184 Et
1252 2109 1292 2204 ¹¹)
1319 2109 1539 2185 Wlodimirko
1565 2110 1787 2186 Haiicziensis
1805 2111 1846 2205 ’3)
1872 2112 1950 2184 an

429 2229 501 2304 uisa
527 2229 742 2305 mulititudins
764 2231 1016 2326 Hungarornm,
1045 2253 1110 2305 non
1137 2232 1236 2306 audet
1262 2231 1438 2326 confligere
1465 2253 1537 2306 cum
1564 2231 1622 2324 eis,
1660 2233 1717 2308 sed
1743 2255 1785 2308 ex
1812 2233 1951 2307 occultis

431 2352 512 2427 locis
538 2352 675 2426 lacessit
700 2373 766 2428 eos.
807 2353 851 2426 Et
878 2353 1012 2428 tandem
1039 2352 1173 2427 invasus
1198 2356 1240 2428 ab
1266 2353 1325 2445 eis,
1353 2353 1475 2428 transit
1502 2353 1658 2438 fluvium:
1686 2354 1742 2430 nbi
1768 2355 1881 2463 plures
1908 2377 1951 2429 ex

432 2474 501 2548 suis
527 2475 729 2566 occiduntur,
766 2474 826 2549 alii
861 2474 1049 2569 capiuntur,
1086 2475 1145 2549 alii
1182 2477 1461 2570 submerguntur;
1497 2477 1531 2550 et
1565 2475 1700 2571 fugiens
1719 2475 1760 2571 ’3)
1795 2475 1950 2551 venitin

429 2597 610 2691 Praemysi,
647 2599 682 2671 st
707 2598 839 2671 secutus
874 2599 925 2670 est
959 2619 1034 2672 eum
1060 2578 1135 2672 Rex
1161 2597 1352 2692 Stephanus
1379 2597 1573 2693 Hnngariae
1592 2598 1645 2693 ”).
1686 2599 1731 2674 Et
1756 2599 1865 2694 coepit
1890 2621 1948 2694 pe·

429 2719 500 2792 tere
526 2717 747 2794 Wlodimirko
782 2739 906 2812 pacem,
942 2721 1120 2812 antequam
1154 2718 1282 2794 ueniret
1304 2719 1481 2812 Isnaslaus,
1510 2742 1530 2794 a
1555 2721 1648 2814 Rege
1667 2721 1710 2814 ¹⁵)
1742 2719 1947 2815 Hungarias.

429 2840 475 2913 Et
501 2839 617 2914 statim
652 2841 807 2934 posthaec
841 2839 932 2915 venit
968 2841 1134 2915 Isnaslaus
1159 2863 1234 2916 cum
1259 2841 1459 2916 exercitibus
1484 2841 1570 2930 suis;
1598 2844 1632 2916 et
1658 2841 1792 2918 dimisso
1811 2842 1853 2937 ¹⁶)
1880 2843 1948 2918 fra-

430 2963 482 3035 tre
517 2983 575 3036 suo
610 2961 866 3056 Suanthopelko
901 2983 975 3037 curn
1010 2962 1209 3038 exercitibus
1248 2962 1283 3036 in
1318 2966 1433 3058 terga,
1478 2963 1570 3038 uenit
1609 2964 1698 3038 solus
1742 2965 1784 3038 ad
1822 2966 1950 3060 Regem

430 3083 624 3178 Hungariae
658 3083 864 3178 Stephanum
891 3105 965 3160 ourn
992 3084 1116 3179 paucis.
1161 3085 1206 3159 Et
1233 3085 1310 3159 durn
1336 3085 1480 3161 uenisset
1506 3085 1547 3160 ad
1572 3085 1710 3160 dasium
1736 3086 1815 3177 San,
1846 3089 1948 3162 offen·

429 3205 481 3278 dib
506 3205 732 3280 obstaculum:
759 3205 869 3280 omnia
895 3207 978 3281 uada
1004 3207 1127 3302 quippe
1145 3206 1293 3280 fluminis
1311 3207 1531 3283 Wlodimirko
1557 3207 1777 3283 Halicciensis
1794 3209 1871 3282 Dux
1889 3232 1949 3303 per

430 3348 506 3400 suos
533 3329 701 3418 equestres
727 3329 761 3403 et
787 3328 954 3422 pedestres
980 3330 1206 3423 occupaverat.
1241 3330 1287 3404 Et
1314 3329 1472 3424 processit
1497 3329 1692 3424 Hungariae
1718 3329 1792 3406 Rex
1819 3331 1860 3404 ad
1887 3331 1950 3404 du-

429 3447 520 3524 rium
546 3470 621 3523 oum
647 3448 716 3524 suis
743 3450 952 3540 exercitibus,
981 3451 1015 3526 et
1041 3450 1262 3538 Wlodimirko
1288 3451 1403 3526 uidens
1430 3451 1679 3527 multitudinem
1702 3475 1867 3548 magnam,
1894 3476 1948 3526 re·

429 3569 522 3666 fugit
547 3571 582 3644 in
609 3573 754 3646 castrum
790 3572 967 3667 PrcampsI,
996 3573 1113 3647 multis
1139 3574 1178 3648 de
1206 3573 1275 3646 suis
1309 3573 1412 3648 caesis
1446 3575 1504 3646 ant
1539 3574 1658 3669 captis.
1699 3575 1744 3648 Et
1770 3575 1885 3650 ridens
1905 3575 1949 3670 ¹⁷)

430 3713 466 3767 sa
493 3692 528 3766 in
555 3693 712 3787 angustia
738 3715 859 3788 magna
885 3695 1105 3771 Wlodimirko
1125 3695 1177 3789 ’3),
1205 3694 1312 3789 eoepit
1339 3698 1449 3789 petere
1467 3717 1579 3790 pacem
1591 3719 1600 3784 ;
1628 3698 1663 3771 et
1688 3697 1833 3772 Iscaslao
1859 3699 1950 3773 Duoa

429 3814 604 3889 concedere
632 3837 745 3910 pacem
771 3818 946 3908 abnuente,
975 3817 1165 3911 Stephanus
1191 3817 1385 3911 Hnngariae
1410 3817 1485 3892 Rex
1511 3817 1602 3893 dedit
1618 3818 1671 3891 illi
1698 3841 1812 3913 pacem
1831 3819 1883 3914 ¹⁹),
1912 3823 1947 3896 et

429 3959 510 4031 pace
536 3938 689 4012 conclusa
715 3937 854 4013 discedit
879 3939 953 4013 Rex
981 3938 1015 4012 in
1041 3937 1252 4033 Hungariam
1278 3941 1312 4013 et
1337 3940 1503 4014 Isnaslaus
1528 3939 1563 4012 in
1590 3941 1704 4036 Kpou.

531 4059 655 4133 Eodem
681 4081 767 4134 anno
792 4059 885 4135 uenit
911 4059 1072 4155 Georgius
1090 4083 1163 4134 cum
1182 4060 1262 4134 filiis
1280 4060 1360 4153 suis,
1388 4081 1462 4135 carn
1488 4061 1668 4135 Rostoucci
1686 4063 1720 4137 et
1738 4085 1810 4138 cum
1829 4061 1946 4137 Scosn·

429 4179 535 4254 dalcni
561 4182 596 4256 et
621 4203 696 4256 cum
721 4180 866 4256 Ducibus
897 4182 937 4254 de
963 4183 1102 4274 Rosam
1140 4184 1176 4256 et
1208 4182 1301 4256 uadit
1335 4181 1369 4255 in
1405 4181 1560 4256 Russiam
1595 4205 1709 4258 versus
1743 4185 1856 4280 Kpou.
1902 4185 1947 4258 Et

429 4302 596 4376 Isnaslaus
622 4302 729 4376 exivit
744 4301 789 4396 33)
815 4305 929 4378 contra
956 4304 1051 4377 illurn
1078 4306 1112 4378 et
1138 4301 1358 4380 'Wlodimirko
1385 4325 1533 4380 reuersus
1558 4307 1610 4379 ost
1635 4306 1669 4379 in
1696 4305 1824 4380 Hebion.
1859 4307 1948 4380 Dum

429 4425 542 4498 autern
569 4426 658 4498 esset
684 4423 844 4519 Georgius
870 4426 957 4519 apud
983 4427 1155 4517 Hluohou,
1190 4429 1350 4500 venerunt
1376 4427 1439 4501 sibi
1465 4429 1633 4523 Polouocy
1659 4427 1695 4501 in
1721 4429 1884 4502 auxilium
1911 4429 1947 4502 in

385 4575 398 4620 r
430 4544 646 4620 multitudine
672 4567 792 4640 magna
811 4547 846 4620 et
862 4547 940 4620 Dux
962 4547 1207 4622 Suanthoslaus
1225 4547 1316 4622 filius
1333 4547 1431 4637 Oleh;
1459 4549 1626 4623 Isnaslaus
1652 4549 1761 4623 autern
1780 4549 1947 4647 Kpouien-

536 4805 559 4887 ¹)
582 4807 723 4869 Statonihi
745 4809 804 4869 Ed.
825 4808 919 4869 Dobr.
958 4805 985 4888 ²)
1008 4807 1196 4885 Rambeiryce
1218 4809 1276 4870 Est.
1299 4809 1390 4870 Dobr.
1425 4807 1451 4888 ³)
1473 4809 1680 4886 Laszkouyoze
1705 4810 1774 4873 Occi.
1799 4813 1877 4872 Caio.
1900 4813 1946 4873 Ia·

430 4913 561 4973 scenicae
584 4907 649 4973 Cori.
672 4915 762 4974 Roar.
791 4913 943 4975 Iaszeuice
965 4914 1022 4976 Ec.
1045 4915 1135 4976 Dobr.
1173 4911 1199 4992 ⁴)
1222 4915 1355 4975 Gzaszow
1389 4911 1458 4974 Occi.
1480 4915 1570 4976 Roas.
1609 4912 1636 4995 3)
1658 4917 1751 4977 Uiand
1773 4918 1830 4978 Ed.
1851 4917 1946 4977 Dobr.

431 5013 457 5092 3)
472 5017 618 5076 Zerizicce
645 5016 715 5077 θοοῦ.
740 5020 830 5078 Roas.
852 5019 977 5078 Zarzeee
993 5020 1051 5079 Ed.
1074 5019 1166 5078 Βοῦν.
1198 5015 1223 5096 ⁷)
1241 5019 1311 5078 Smil
1324 5019 1384 5078 Βοῦ.
1405 5020 1497 5081 Βοῦν.
1528 5017 1556 5097 3)
1571 5020 1748 5082 Dzierzazna
1770 5016 1839 5082 coc.
1854 5023 1946 5082 Roar.

430 5116 458 5198 3)
471 5121 550 5181 Bezd
573 5118 643 5182 θοοῦ.
667 5123 757 5183 Roas.
778 5123 849 5182 Best
863 5123 920 5182 Ed.
936 5123 1028 5182 Dobr.
1056 5121 1097 5200 ¹⁰)
1112 5124 1266 5185 Mierzaua
1288 5125 1346 5182 Ed.
1369 5125 1462 5184 Dobr.
1489 5121 1531 5202 ’3)
1547 5124 1604 5183 Sed
1622 5123 1692 5186 θοοῦ.
1714 5126 1805 5185 Roer.
1833 5123 1872 5204 13)
1888 5127 1945 5186 Ga·

428 5225 556 5286 liciensis
577 5227 636 5286 Ed.
659 5227 745 5303 Ic’ps.
787 5223 829 5305 ¹³)
850 5226 963 5300 fugiens
986 5233 1082 5288 autem
1103 5229 1162 5287 Ed.
1185 5229 1278 5288 Dobr.
1320 5224 1360 5306 ¹⁴)
1382 5229 1461 5288 venit
1481 5229 1691 5302 Praemysliam,
1721 5237 1858 5304 sequente
1881 5247 1946 5290 eum

398 5301 412 5326 χ
429 5329 574 5404 Stephano
602 5333 767 5402 Huugariae
796 5332 890 5406 Rege,
920 5334 1070 5406 ipsumque
1100 5334 1258 5396 obsidente.
1289 5334 1348 5394 Ed.
1378 5334 1470 5394 Dobr.
1514 5329 1553 5410 ’3)
1575 5334 1612 5394 ad
1633 5335 1740 5408 Regem
1769 5337 1828 5396 Ed.
1850 5337 1944 5396 Dobr.

434 5431 473 5511 ’3)
495 5437 596 5496 relicto
622 5436 691 5497 Ood.
714 5437 804 5498 Reor.
845 5434 884 5513 ²⁷)
907 5435 1014 5496 Videas
1036 5443 1132 5497 autern
1157 5437 1225 5498 diod.
1248 5439 1339 5498 Βοῦν.
1374 5435 1415 5515 ’3)
1432 5439 1620 5500 Wladimirko
1641 5441 1750 5500 versari
1769 5439 1837 5501 Ood.
1854 5442 1944 5502 Βοῦν.

434 5533 475 5624 ’3)
497 5556 597 5618 paoem
618 5541 696 5602 inter
716 5558 767 5604 eos
789 5543 934 5622 componit
956 5541 1014 5604 Ed.
1036 5542 1129 5604 Dobr.
1168 5539 1212 5624 ’3)
1235 5559 1366 5620 egressus
1389 5549 1434 5606 est
1455 5543 1514 5604 Βοῑ.
1536 5543 1628 5606 Βοῦν.
