4192 6272
157 525 222 620 (Α.
242 525 288 603 Ι).
309 525 431 620 1283.)
773 547 885 602 ursus
911 547 1105 602 sosarmus.
1242 508 1256 530 '¹

153 942 315 1018 inndnlin
352 942 541 1018 nonasterii
578 942 875 1016 sanctimonialium
912 943 1036 1016 ordinis
1062 943 1322 1018 inaedicntnrnnu
1349 945 1382 1018 in
1409 945 1568 1021 Pannonia
1595 952 1629 1022 ot
1656 947 1710 1022 do·

374 1067 462 1142 latio
488 1083 544 1158 por
571 1065 801 1140 l‘rnoninlnnnn
829 1065 1005 1140 secundun
1032 1069 1150 1140 boccan
1176 1067 1308 1140 bolonia
1333 1067 1494 1142 Paionion.

260 1305 365 1382 Sexto
392 1306 557 1384 dolendas
584 1307 755 1397 Ianuarii,
797 1305 1024 1382 Praemisians
1060 1308 1227 1382 sccundus
1261 1307 1399 1382 Maioris
1434 1307 1594 1384 Polouiac
1630 1309 1709 1383 Dux

153 1425 280 1502 fundat
306 1429 546 1503 monasterium
575 1428 884 1503 sanctimonialium
921 1428 1048 1506 ordinis
1074 1429 1346 1504 Praedicatcrum
1373 1429 1409 1503 iu
1437 1429 1625 1504 Pcsuauia:
1654 1430 1709 1504 cui

151 1553 225 1623 tros
251 1549 365 1639 uillas,
385 1550 544 1624 uidelicet
570 1552 791 1646 Pycnlhkou‚
820 1551 1004 1647 Rndupcca
1023 1549 1047 1645 ¹)
1073 1553 1109 1625 et
1134 1551 1364 1645 Zoparcuicce,
1395 1550 1477 1626 item
1496 1552 1607 1626 lacum
1622 1550 1708 1626 iios-

149 1671 283 1765 tpnpuc
318 1671 377 1746 dat
413 1671 448 1745 iu
476 1673 599 1747 dotem.
627 1672 812 1747 Coronatus
839 1675 952 1746 nutem
979 1671 1015 1745 iu
1043 1660 1201 1747 Polouiae
1228 1673 1369 1768 Regem,
1399 1671 1575 1747 coufirmat
1602 1672 1706 1764 dous·

149 1791 281 1866 tionem
310 1815 368 1887 per
393 1793 610 1868 Vincentium
638 1793 952 1869 vicecancellarinm
988 1816 1028 1868 ac
1063 1793 1187 1869 fraires
1214 1793 1286 1868 eius
1312 1793 1490 1868 Nicolaum
1518 1793 1708 1888 palatinum

152 1915 190 1986 et
216 1913 413 1988 MirosIaum
440 1915 481 1990 de
507 1915 601 1990 uillis
628 1916 834 1990 Dounthcwc
861 1916 896 1990 et
923 1914 1148 2010 Grcmyslawc
1163 1915 1202 2009 ²);
1231 1915 1313 1990 item
1332 1915 1464 1990 Nicolni
1484 1916 1630 2010 palatini
1647 1916 1708 1990 On·

152 2034 324 2110 lissiensis
360 2035 401 2108 de
428 2033 531 2136 {villis
567 2036 817 2132 Kcszczyniuo,
854 2037 1065 2132 Bpnlekosny
1100 2039 1135 2111 et
1162 2037 1368 2132 Szokoiuiky
1384 2036 1413 2132 ³)
1447 2039 1482 2112 et
1518 2037 1708 2112 molendino

154 2157 239 2230 aute
266 2156 491 2245 Posucuiam;
518 2156 601 2232 item
628 2157 791 2232 Iohannis
826 2157 1019 2233 scholastici
1047 2159 1088 2234 de
1114 2158 1199 2233 uilla
1226 2160 1366 2254 Popcwc
1384 2160 1521 2252 factam,
1542 2159 1706 2234 libertan-

151 2276 194 2351 do
223 2277 452 2355 haereditates
479 2278 679 2374 praedictas.

334 2661 483 2738 ilbertus
511 2664 683 2757 opiscopus
709 2661 992 2738 lilalinlauionnio
1019 2667 1172 2759 moritum
1202 2664 1347 2740 liinlnun
1373 2664 1532 2742 sucendit.

256 2903 364 2978 Nonis
389 2905 593 2997 Decembris,
609 2903 773 2981 ilbertus
799 2905 1097 2982 Wladislavicusis
1123 2907 1301 3002 episcopus
1327 2929 1404 2983 cum
1430 2929 1537 2984 anuos
1563 2907 1598 2982 iu
1617 2910 1704 2984 Pou-

151 3023 288 3098 tificntu
315 3025 477 3100 tredecim
492 3027 521 3120 ⁴)
561 3026 751 3122 exegisset,
780 3027 924 3102 moritur
959 3029 994 3102 et
1020 3027 1056 3102 iu
1083 3028 1223 3104 ecclesia
1251 3029 1527 3104 Windislauieusi
1554 3029 1704 3104 tumula-

149 3148 220 3220 tur.
248 3145 311 3220 Vir
337 3148 509 3241 spectatae
535 3147 687 3239 uirtutis,
715 3150 751 3222 et
777 3149 813 3222 iu
841 3170 1005 3244 pauperes
1041 3149 1284 3244 religiososque
1319 3153 1355 3226 ct
1394 3151 1561 3243 quoslibet
1588 3149 1705 3246 inopes

147 3267 372 3344 liberalitatis
399 3269 565 3364 profusae.
592 3269 653 3342 (lui
680 3269 834 3344 Wislaus
861 3270 1039 3346 canonicus
1066 3271 1374 3364 Wladislauieusis,
1395 3273 1608 3368 praepositus
1624 3273 1702 3346 Plo-

149 3388 280 3464 cueusis
307 3390 477 3480 successit,
506 3413 595 3464 auno
622 3381 839 3481 subsequenti
855 3393 975 3484 quarto
990 3390 1116 3466 decimo
1130 3391 1352 3472 calendarum
1379 3392 1510 3487 Aprilis
1536 3416 1558 3468 a
1583 3393 1703 3468 Incubo

150 3510 290 3584 Suiulrc
325 3510 515 3588 Guesueusi
543 3511 793 3606 archiepiscopo
820 3511 856 3586 iu
884 3513 1088 3588 monasterio
1116 3514 1322 3590 Strcelueusi
1358 3515 1485 3590 ordinis
1520 3517 1701 3591 Praemou·

151 3631 343 3723 stratensis,
372 3632 670 3710 Wlodisiavieusis
697 3633 848 3726 diocesis,
878 3638 913 3708 et
939 3634 1095 3730 provisus
1121 3638 1157 3710 et
1183 3638 1410 3728 consecratus,
1429 3637 1554 3712 nobilis
1580 3659 1703 3732 genere

149 3755 192 3828 de
219 3756 316 3829 domo
343 3757 378 3830 et
403 3754 536 3830 familia
562 3756 716 3830 Zabawn.

187 4139 252 4213 Sub
277 4140 384 4214 talaia
411 4137 542 4213 bilonis
568 4138 760 4212 neronianis
787 4141 1083 4233 brandeburgensis
1110 4141 1241 4216 boland
1268 4143 1452 4232 concitati,
1479 4144 1657 4236 Principnnn

432 4279 527 4334 nnunu
553 4265 712 4353 repetunt,
739 4261 836 4354 iduno
863 4263 951 4336 nullo
979 4280 1040 4335 nuo
1068 4263 1238 4336 connolo
1266 4263 1422 4339 obtinent.

251 4501 365 4578 Variis
392 4503 542 4579 externis
569 4505 604 4579 ot
631 4503 824 4580 intrinsecis
851 4505 1031 4581 Bohemiae
1058 4508 1200 4582 boronus
1227 4509 1263 4582 et
1290 4508 1419 4583 nobiles
1436 4509 1551 4584 vaxati
1571 4507 1697 4584 iucom-
1839 4521 1840 4524 '

147 4623 268 4714 modis,
296 4623 487 4718 Principem
514 4646 612 4698 suum
639 4625 890 4718 Wcuceslonm,
918 4629 981 4701 sub
1007 4616 1088 4702 curn
1113 4633 1147 4703 et
1174 4629 1285 4730 tutela
1311 4630 1446 4704 Ottouis
1472 4631 1582 4727 Longi
1608 4633 1698 4707 binr-

143 4744 276 4820 cbiouis
302 4745 616 4838 Brandeburgeusis
642 4747 876 4838 constitutum,
904 4747 970 4822 sibi
998 4749 1091 4822 reddi
1119 4749 1315 4843 deposcunt.
1344 4751 1409 4826 Sed
1436 4752 1517 4826 Otto
1544 4752 1695 4827 Marchio

147 4867 335 4962 praefatus,
364 4866 489 4940 callida
516 4865 558 4939 ad
585 4867 816 4942 disserendum
844 4868 982 4964 ingenia
1008 4869 1227 4962 conquirens,
1241 4871 1465 4947 Bchemorum
1483 4874 1692 4969 expectatio·

145 5010 234 5070 nem,
263 5009 364 5081 quom
401 4987 526 5062 crebris
561 4991 685 5083 spebus
712 4988 893 5065 identidem
921 4990 1095 5084 implebat,
1124 4991 1300 5085 illudebat,
1329 4994 1433 5070 donec
1459 4995 1600 5071 Bnherm
1627 4998 1697 5071 ter·

146 5132 204 5186 rac
230 5131 311 5185 suae
338 5108 523 5204 dispendiis
550 5109 668 5185 dictim
696 5110 1009 5206 ingravescentibus
1036 5113 1223 5208 provisori,
1260 5115 1477 5210 paciscuntur
1510 5117 1698 5192 biarchicui

255 5388 279 5470 ¹)
301 5389 482 5469 Pinuthkcua
504 5391 639 5453 Rnduion
664 5389 735 5454 Coei.
758 5391 852 5452 Rosa.
877 5386 904 5468 ¹)
927 5390 1109 5454 Grzimisinun
1134 5389 1205 5456 (iod.
1229 5393 1322 5457 Roas.
1347 5391 1374 5474 3)
1396 5395 1583 5470 Kcsociuiuc,
1598 5395 1696 5460 Binis·

145 5493 222 5574 lucy
244 5501 275 5562 nt
297 5495 450 5559 Soluclnlki
476 5495 549 5560 Occi.
569 5497 665 5560 Reor.
689 5491 719 5578 ⁴)
742 5495 902 5558 duodecem
927 5493 999 5558 dod.
1022 5496 1115 5560 Rocr.
