4192 6272
393 501 468 572 542
989 522 1102 574 nonna
1128 521 1312 575 eornvus.
1518 555 1519 558 κ
1673 499 1734 596 (Α.
1755 500 1940 598 ῠ.1298.)

390 707 527 802 insuper
546 707 570 800 ¹)
597 707 802 802 praedonum
829 708 1019 783 terrebatur
1034 708 1062 801 ²)
1089 707 1249 783 continua
1274 707 1464 784 uexatione.
1493 707 1662 800 Adeoque,
1690 710 1782 785 Duco
1808 709 1939 785 Wladi-
2057 709 2066 766 ’-

387 829 459 902 slao
486 829 619 902 Irolrtek
647 827 875 904 maleficorum
902 830 937 904 et
965 829 1169 923 praedonum
1207 829 1402 924 negligente
1438 835 1589 904 coercere
1624 851 1819 921 excessum,
1847 833 1939 906 furor

389 948 562 1042 processit,
591 950 629 1023 ut
657 951 748 1024 terro
775 949 992 1025 Pomeraniae
1019 951 1061 1024 ad
1090 951 1258 1042 quandam
1276 950 1474 1026 uastitatem
1492 949 1662 1026 videretur
1690 951 1843 1026 redacta:
1871 951 1938 1026 dis·

337 1121 349 1134 ⁵
388 1071 537 1145 solutum
563 1069 653 1144 enim
681 1093 717 1146 se
745 1073 827 1147 tunc
853 1071 1065 1149 Wladislaus
1091 1073 1170 1145 Dux
1196 1073 1319 1168 agebat
1346 1070 1537 1167 Principem
1555 1074 1590 1148 et
1608 1071 1643 1146 in
1659 1072 1817 1148 mulieres
1851 1074 1939 1148 male

390 1193 623 1286 temperatum.

415 1556 565 1630 litlnani
591 1560 712 1630 terram
739 1558 940 1630 dolmcnrcnr
968 1559 1150 1630 lacerantes
1178 1577 1199 1631 a
1226 1556 1371 1630 dorrrdo
1404 1555 1667 1630 commendatore
1695 1557 1912 1648 prodiguntur.

492 1797 533 1868 Iu
562 1796 649 1869 festo
677 1795 793 1870 Sancti
821 1795 1010 1887 Michaelis,
1039 1795 1201 1870 Lilhuani
1231 1797 1418 1891 irruptione
1445 1796 1481 1870 in
1509 1797 1634 1871 terram
1663 1794 1938 1889 thlmensemb

389 1917 490 2007 facta,
519 1939 623 1991 norae
651 1917 859 1991 fundationis
887 1917 1047 2012 oppidum
1084 1919 1269 2011 strasburg
1286 1917 1312 2010 ί)
1351 1919 1498 2009 uastant,
1528 1917 1674 1992 caedunt
1700 1919 1735 1990 ct
1762 1915 1938 2011 diripiunt,

388 2059 470 2112 oasa
495 2059 590 2111 sacra
616 2037 860 2112 containinant.
889 2039 977 2132 Quos
1004 2039 1178 2113 Ounradus
1205 2039 1246 2113 de
1273 2039 1342 2112 Sal
1358 2037 1386 2136 5)
1413 2039 1662 2113 commendator
1688 2059 1762 2112 cum
1782 2037 1936 2112 (tulmen-

389 2157 482 2231 sibus
509 2157 676 2232 militibus
704 2158 738 2232 in
767 2159 958 2234 nemoribus
985 2161 1193 2250 consecutus,
1222 2162 1438 2254 prosternens
1457 2159 1620 2254 confligit,
1642 2161 1676 2234 et
1695 2180 1937 2253 omnemprac·

388 2278 465 2353 dam
492 2277 680 2372 hominum,
707 2301 819 2355 rerum
845 2281 881 2354 et
908 2302 1064 2376 pecorum
1090 2279 1232 2357 reducit.

386 2659 537 2752 locitans
565 2658 607 2732 od
633 2660 775 2751 bognum
802 2660 954 2734 l’oloniac
981 2660 1135 2733 Esuriens
1171 2660 1296 2733 Slcoioc
1331 2660 1402 2732 llux
1428 2660 1594 2751 promittit
1628 2662 1781 2751 perpetuo
1817 2659 1938 2732 uncel-

809 2781 962 2855 lrricbun
987 2781 1089 2872 llcgni
1116 2781 1269 2872 episcopo
1296 2780 1515 2853 londoniensi.

492 3018 659 3094 Henricus
685 3020 764 3094 Dux
791 3019 905 3116 Regni
932 3021 1104 3112 Poloniae,
1131 3018 1350 3094 Pomeraniae
1376 3019 1412 3094 et
1438 3018 1567 3094 Slesiae
1603 3019 1723 3095 haeres
1758 3040 1797 3094 ac
1831 3019 1936 3094 domi·

385 3161 450 3215 nus
477 3140 724 3235 Glogoviensis,
753 3141 789 3215 in
816 3142 903 3217 festo
930 3142 1065 3238 beati⁶)
1092 3140 1254 3217 Iohannis
1282 3141 1372 3236 apud
1398 3141 1555 3215 Kosthan
1582 3161 1708 3236 agona
1737 3139 1933 3234 patentibus
1987 3148 1992 3156 '

388 3261 498 3336 literis
526 3284 562 3336 se
589 3261 720 3356 obligat
746 3263 781 3337 et
809 3261 981 3338 inscribit:
1023 3263 1167 3356 quodsi
1194 3261 1307 3356 regias
1335 3262 1463 3335 infulas
1498 3261 1610 3357 Regni
1647 3260 1807 3335 Poloniae
1834 3261 1938 3336 fuerit

384 3384 569 3472 assecutus,
607 3382 867 3458 cancellariatus
894 3384 1007 3479 Regni
1035 3383 1195 3458 Poloniae
1232 3384 1321 3478 apud
1358 3383 1621 3458 Poenanicnsem
1657 3383 1850 3478 episcopum
1878 3407 1937 3477 pro

386 3507 549 3598 perpetuo
577 3507 759 3594 remaneat,
787 3505 988 3598 promittens
1015 3505 1069 3577 illi
1096 3504 1271 3598 assignare
1298 3504 1428 3578 reditus
1457 3505 1554 3577 iuxta
1580 3504 1749 3596 quaslibet
1768 3503 1934 3594 civitates,

388 3623 444 3697 ubi
472 3623 683 3716 frequentius
710 3647 785 3698 cum
813 3624 907 3698 curia
944 3625 1043 3698 illum
1071 3624 1235 3699 demorari
1264 3625 1440 3718 continget
1468 3627 1494 3718 ).
1522 3623 1570 3697 lo
1596 3646 1659 3717 ego
1686 3624 1771 3698 felix
1798 3627 1833 3698 ct
1859 3645 1936 3697 aus-

387 3745 536 3838 picatum
563 3746 720 3838 Regnum
747 3745 906 3820 Polouiae
933 3745 1105 3836 dixissem,
1135 3745 1164 3818 si
1191 3744 1263 3819 eius
1290 3745 1479 3819 diademata
1506 3743 1689 3820 Henricum
1716 3746 1842 3819 Ducam
1862 3767 1938 3819 cum
2080 3801 2085 3813 .

387 3865 502 3953 barba,
531 3865 566 3937 et
592 3885 687 3937 suam
716 3864 960 3938 nobilissimam
988 3867 1023 3938 et
1050 3866 1182 3938 beatam
1211 3867 1398 3938 consortem
1425 3863 1606 3959 Hcdvigim
1634 3863 1747 3938 sortiri
1774 3863 1938 3958 conligis·
2044 3909 2046 3916 ι

388 3983 451 4074 set,
480 3982 574 4057 cuius
601 3984 774 4079 praefatus
801 3985 969 4061 Heuricus
996 3984 1231 4080 Glogoviensis
1257 3985 1370 4078 ΒΗΚ)
1396 3987 1537 4060 extabat
1555 4006 1729 4079 pronepos.

423 4345 649 4437 dlogoricnrir
676 4348 746 4419 ltux
773 4345 938 4421 dunrrdnr
965 4365 1087 4420 renero
1115 4347 1290 4434 extinctor,
1317 4346 1442 4418 relictio
1471 4345 1595 4418 duobos
1622 4345 1701 4438 dllir
1729 4350 1763 4419 ct
1789 4346 1895 4418 tribur

1008 4467 1149 4556 dlirbur,
1176 4467 1318 4540 noritur.

491 4704 728 4800 Glogooiensis
754 4707 833 4779 Dux
860 4706 1045 4797 cuonradus,
1082 4729 1182 4796 quem
1209 4705 1245 4778 in
1281 4703 1509 4798 superioribus
1544 4703 1689 4778 diaconii
1725 4705 1833 4798 gradu
1859 4706 1940 4799 οῖ)

386 4849 445 4922 spe
471 4827 723 4918 consequendae
749 4827 1010 4922 Bambergensis
1036 4827 1197 4902 ecclesiae
1224 4825 1427 4920 insignitum
1456 4823 1725 4916 monstrauimus,
1753 4827 1939 4900 anennul·

501 5135 523 5214 ¹)
546 5155 660 5214 quoquc
681 5138 742 5199 Ed.
764 5139 852 5214 Ιιίρε.
877 5135 904 5215 ⁹)
928 5138 1115 5198 terrebantur
1136 5137 1195 5198 Ed.
1218 5135 1306 5212 Liras.
1331 5132 1360 5214 ³)
1383 5135 1567 5196 dulmensem
1589 5136 1753 5214 Ed.Lr'1rr.
1779 5131 1807 5212 ⁴)
1824 5139 1939 5198 serras-

387 5243 463 5316 burg
488 5241 559 5303 God.
589 5240 664 5303 Aret.
700 5239 726 5320 ⁶)
749 5241 826 5303 Szalr
852 5240 922 5305 eoo.
946 5241 1020 5303 Act.
1044 5240 1103 5315 Sag
1128 5238 1199 5303 (lod.
1226 5238 1307 5303 cuo.
1341 5236 1368 5318 θ)
1391 5239 1491 5301 Sancti
1518 5237 1589 5303 coo.
1613 5241 1705 5303 Rorr.
1738 5237 1938 5318 brunsoge-

387 5352 443 5412 ret.
465 5345 526 5411 Ed.
551 5342 637 5430 Lipr.
663 5343 688 5430 ⁸)
711 5347 779 5412 Dux
801 5347 878 5410 deest
900 5347 936 5408 r'o
962 5341 1034 5408 dod.
1059 5343 1137 5407 Aut.
1161 5340 1188 5422 t)
1212 5361 1248 5406 ex
1273 5342 1345 5407 Ood.
1368 5343 1460 5406 Rorr.
