4192 6272
1004 565 1115 615 arana
1142 563 1336 616 sar'rrrrus.
1694 539 1756 634 (Α.
1777 539 1824 615 D.
1844 538 1954 634 1281.)

395 982 595 1062 iliadiricnc
623 955 803 1072 hungarico
830 981 908 1068 ben,
934 981 1080 1070 relegata
1106 997 1223 1068 uxorc,
1251 980 1413 1051 domarat
1440 997 1588 1070 paganas
1615 979 1648 1050 in
1676 979 1874 1052 concubinas
1901 997 1954 1050 ar·

396 1104 476 1194 cipit
502 1106 537 1176 ct
561 1120 599 1175 rc
626 1120 736 1174 camur
763 1103 907 1174 moribus
934 1099 1146 1194 accomodat;
1180 1121 1200 1173 a
1228 1101 1363 1192 onibus,
1400 1120 1472 1176 cunr
1508 1119 1564 1192 por
1596 1100 1749 1174 Nuntium
1775 1101 1880 1192 Papae
1907 1116 1954 1170 ro·

395 1225 482 1300 trabi
509 1243 572 1300 non
599 1227 724 1316 porcat,
752 1240 772 1296 a
799 1223 870 1298 cuir
898 1224 1034 1314 capitur,
1062 1225 1098 1296 ct
1124 1223 1272 1312 expulsis
1299 1222 1498 1311 concubinis,
1526 1240 1598 1296 cnm
1625 1239 1726 1294 uxore
1753 1221 1786 1292 in
1805 1219 1954 1296 Vincta·

1027 1342 1108 1436 grad
1135 1341 1317 1416 includitur.

499 1588 740 1682 Hungarorum
767 1587 845 1660 Rex
871 1584 1081 1660 Wladislaus
1108 1585 1151 1658 ad
1177 1583 1352 1660 lasciviam
1379 1585 1414 1658 et
1441 1582 1551 1658 uarias
1578 1582 1755 1658 illecebras
1781 1604 1818 1657 so
1844 1583 1951 1656 resol-

397 1729 491 1798 uens,
514 1729 597 1791 ,cum
624 1708 844 1782 homanorum
872 1709 954 1780 tnnc
980 1705 1161 1800 gentilium
1199 1703 1319 1780 habitu
1355 1706 1391 1778 et
1418 1703 1566 1778 moribus
1602 1725 1670 1776 una
1711 1725 1786 1778 oum
1825 1702 1955 1777 militia

397 1851 459 1902 sua
486 1831 646 1920 niteretur,
675 1828 778 1903 etiam
805 1829 840 1902 et
866 1827 961 1902 nitiie
987 1849 1100 1900 eorum
1129 1848 1164 1901 se
1192 1826 1267 1920 cupi
1295 1829 1330 1900 ot
1356 1825 1482 1900 foedari
1510 1823 1675 1920 permisit.
1704 1825 1819 1898 Unoro
1846 1823 1954 1918 siqui-

397 1951 472 2024 dem
500 1949 573 2022 filia
599 1949 708 2023 (iaroli
736 1947 871 2022 Siciliae
898 1947 1005 2041 Regis
1031 1948 1244 2041 contempta,
1273 1946 1453 2020 Audenam
1480 1946 1644 2039 Kuptehk
1666 1945 1708 2038 ¹),
1747 1947 1783 2018 et
1809 1945 1953 2018 blanda·

398 2073 479 2160 lum,
509 2071 689 2164 pluresque
716 2070 802 2143 alias
829 2070 1048 2142 (homanorum
1076 2068 1234 2142 mulieres
1262 2069 1370 2142 forma
1396 2068 1620 2162 praestanter,
1650 2065 1781 2160 accepit
1808 2065 1844 2139 in
1871 2089 1952 2140 con-

396 2191 544 2280 cubinns,
574 2192 608 2265 ot
635 2190 705 2264 ritu
732 2191 902 2264 barbarico
930 2190 1001 2262 illis
1028 2189 1138 2283 coepit
1164 2189 1271 2263 abuti.
1314 2188 1504 2263 Periculum
1542 2187 1619 2261 fidei
1655 2187 1823 2261 Martinus
1861 2189 1956 2281 Papa

397 2313 540 2404 quartus
568 2311 707 2400 neritus,
736 2311 934 2404 Philippum
970 2311 1162 2404 episcopum
1189 2310 1384 2383 Nirmanmn
1401 2309 1447 2403 q),
1487 2309 1595 2383 virum
1635 2330 1777 2402 magnae
1806 2309 1953 2403 pruden-

397 2432 466 2507 tiae
493 2435 529 2506 et
556 2433 737 2523 doctrinae,
768 2433 802 2504 in
829 2432 1029 2525 Hungariao
1056 2434 1090 2506 et
1117 2431 1277 2505 Poloniae
1304 2432 1426 2524 Regna
1465 2429 1631 2503 Nuntium
1676 2452 1753 2504 cum
1780 2431 1951 2523 potestate

395 2553 518 2648 Legati
546 2553 722 2627 delatore
750 2553 908 2627 destinat.
938 2553 1001 2646 Qui
1029 2553 1065 2624 iu
1093 2551 1285 2625 Pannonias
1313 2551 1458 2645 primum
1485 2549 1695 2644 perveniens,
1725 2551 1820 2646 Rege
1851 2551 1954 2625 Win-

397 2673 505 2748 dislao
533 2673 636 2766 adito,
666 2673 865 2748 multifariis
902 2676 937 2750 et
963 2673 1172 2747 salutaribus
1208 2671 1379 2764 consiliis,
1418 2671 1571 2767 precihus
1608 2675 1643 2745 et
1678 2669 1818 2746 monitis
1854 2671 1955 2745 illum

397 2796 559 2886 obsecrat,
588 2791 800 2889 quatenus&
826 2795 979 2869 habitum
1008 2795 1043 2869 et
1070 2815 1178 2869 mores
1205 2792 1398 2868 domenicus
1425 2793 1590 2883 deserens,
1619 2792 1803 2868 Catholicis
1830 2815 1866 2868 se
1884 2794 1955 2868 Ita·

397 2915 498 3010 gibus
525 2939 591 2991 non
618 2915 654 2989 in
681 2915 801 2990 habitu
828 2917 938 2990 solum
965 2917 1000 2990 et
1027 2915 1184 3006 moribus,
1213 2916 1272 2990 sed
1298 2918 1334 2990 et
1360 2915 1395 2988 in
1423 2913 1495 2990 rita
1521 2914 1716 3006 conformat,
1746 2917 1782 2989 et
1814 2914 1954 3010 repudi-

398 3038 466 3111 atis
492 3036 687 3112 concubinis
714 3037 877 3130 barbaris,
907 3059 948 3112 ne
975 3059 1030 3112 cor
1058 3036 1152 3111 illius
1187 3037 1385 3131 apuritate
1420 3035 1614 3111 catholicae
1650 3035 1728 3111 fidei
1765 3037 1956 3131 depravent

398 3160 434 3232 et
460 3159 634 3250 seducant,
662 3157 852 3254 legitimam
879 3181 1017 3233 uxorem
1043 3160 1213 3249 resumat,
1252 3160 1287 3232 et
1323 3158 1358 3232 in
1386 3159 1479 3233 casto
1506 3158 1694 3252 pudicoqno
1720 3158 1819 3232 thoro
1847 3157 1959 3233 iustae

396 3279 561 3354 consortis
579 3279 696 3367 nirut;
724 3281 896 3356 Cumanos
912 3279 1063 3374 insuper,
1090 3302 1231 3372 quorum
1258 3279 1408 3354 consiliis
1434 3281 1614 3374 regebatur
1629 3279 1669 3373 ⁴),
1697 3301 1718 3354 a
1745 3301 1782 3354 se
1808 3279 1955 3370 abdicet,

395 3403 430 3476 et
456 3401 705 3476 catholicorum
734 3402 849 3496 potius
875 3403 1037 3476 baronum
1064 3401 1205 3476 consilia
1231 3403 1391 3476 sectetur.
1428 3401 1492 3496 Qui
1531 3402 1715 3476 salutarem
1752 3401 1954 3492 doctrinam,
1993 3477 1996 3483 ,

399 3521 579 3597 mulierum
606 3525 641 3597 et
667 3523 928 3598 concubinarum
955 3523 1130 3598 deuinctus
1157 3545 1279 3614 arnoro,
1310 3522 1455 3596 irridens
1482 3525 1517 3597 et
1536 3525 1763 3613 contemnens,
1784 3521 1953 3597 Nuntium

400 3643 622 3736 apostolicum
660 3665 779 3738 purum
807 3645 947 3718 honeste
974 3647 1056 3718 tunc
1082 3644 1262 3733 tractarit,
1301 3647 1423 3738 expost
1457 3665 1535 3719 voro
1571 3643 1606 3716 in
1643 3645 1859 3738 conspectum
1886 3667 1955 3718 non

398 3763 546 3837 admisit.
576 3765 643 3837 lile
670 3763 874 3858 gravitatem
901 3766 936 3839 et
963 3763 1107 3857 rigorem
1135 3785 1171 3838 so
1198 3766 1233 3838 ot
1259 3763 1455 3858 Apostolica
1481 3764 1566 3840 Sede
1593 3764 1733 3859 dignam
1761 3766 1955 3855 observare,

399 3885 481 3958 duos
508 3884 693 3978 episcopos,
721 3885 780 3975 qui
798 3885 905 3979 Regia
932 3907 1032 3978 opera
1060 3885 1156 3959 foede
1182 3886 1375 3960 mulcebant
1410 3888 1445 3960 et
1484 3887 1544 3960 aut
1571 3885 1862 3976 dissimulatione,
1891 3889 1953 3960 aut

399 4027 560 4080 consensu
589 4006 796 4096 nutriebant,
826 4008 866 4081 de
893 4029 1006 4081 eorum
1033 4006 1168 4080 sedibus
1196 4007 1344 4100 deponit.
1381 4008 1510 4101 Regem
1537 4009 1653 4082 autern
1671 4007 1790 4101 primo,
1811 4008 1957 4083 smundo
1987 4085 1990 4090 ,

398 4130 433 4200 at
459 4126 561 4201 tertio
588 4128 837 4216 commonitum,
866 4127 946 4200 dum
974 4125 1140 4220 desiperet
1176 4129 1211 4200 ot
1237 4149 1350 4202 aurem
1378 4127 1421 4201 ad
1447 4127 1684 4221 corripientem
1711 4150 1747 4202 eo
1766 4129 1953 4218 obturaret,

399 4247 743 4324 excommunicatione
771 4247 928 4342 primum,
970 4248 1090 4322 deinde
1126 4248 1363 4338 anathemato,
1401 4249 1496 4322 volut
1529 4249 1701 4323 ethnicum
1738 4251 1774 4323 ct
1805 4249 1955 4324 ethnicis

401 4367 678 4458 corrseutiontom,
707 4368 862 4443 involuit.
899 4367 963 4462 Qui
999 4371 1039 4442 ob
1067 4368 1101 4442 id
1128 4368 1327 4443 insolentior
1353 4371 1493 4459 iactus„
1522 4369 1743 4462 apostolicum
1781 4371 1950 4444 Nuntium

400 4489 592 4582 praefatum
620 4489 819 4583 Philippum
846 4489 1038 4584 episcopum
1065 4489 1282 4579 Nirmanum,
1312 4490 1424 4563 missis
1451 4490 1661 4565 satellitibus
1688 4489 1805 4584 impiis
1832 4493 1868 4565 at
1893 4493 1955 4566 00-

402 4609 522 4697 manis,
551 4607 713 4703 captivat,
742 4613 777 4684 et
804 4609 976 4702 aliquibus
1003 4610 1057 4682 illi
1084 4611 1298 4684 contumeliis
1325 4611 1506 4705 irrogatis,
1543 4611 1577 4684 in
1602 4633 1701 4687 curru
1728 4611 1829 4685 illurn
1857 4615 1957 4686 extra

401 4729 602 4824 Hungariae
629 4730 713 4804 linos
740 4730 861 4820 educit,
891 4730 1115 4804 interminans
1141 4730 1196 4804 illi
1223 4753 1336 4806 necem
1363 4731 1391 4804 si
1419 4732 1544 4807 redeat.
1573 4734 1722 4807 Berones
1749 4735 1862 4809 autem
1888 4734 1955 4808 Ro-

398 4850 458 4944 gni
485 4850 694 4946 Hungariae,
726 4851 953 4931 temeritatem
981 4851 1087 4944 Regis
1115 4851 1187 4942 sui,
1221 4854 1256 4925 et
1283 4851 1378 4928 iilius
1405 4852 1514 4930 varias
1541 4853 1576 4926 in
1604 4855 1710 4928 Deum
1738 4855 1774 4928 et
1800 4854 1954 4929 hominos

397 4971 702 5066 praevaricationes
729 4971 962 5066 compressuri,
992 4972 1091 5046 illum
1118 4971 1276 5066 capiunt,
1317 4975 1352 5048 ct
1379 4974 1533 5049 omnibns
1559 4973 1631 5050 suis
1657 4974 1852 5055 concubinis
1878 4997 1954 5050 cnm

398 5091 586 5186 ignominia
611 5093 785 5188 relegatis,
824 5093 861 5166 in
888 5094 997 5168 castro
1024 5092 1248 5188 Wischegrad
1263 5094 1290 5187 5)
1326 5093 1425 5169 illum
1460 5117 1536 5169 curn
1572 5118 1676 5170 uxore
1711 5095 1870 5191 legitima
1895 5119 1953 5191 po-

509 5403 535 5482 ¹)
557 5407 698 5481 Knptehlr
727 5407 868 5482 Kuptohk
893 5404 964 5469 coc.
987 5405 1062 5470 Aut,
1088 5406 1206 5480 Ruptelr
1237 5406 1297 5466 Ed.
1321 5407 1409 5484 Lipn.
1443 5405 1469 5485 9)
1494 5409 1655 5469 Firminum
1678 5408 1739 5470 Ed.
1762 5408 1851 5487 Lipn.
1875 5405 1902 5487 ⁸)
1923 5413 1957 5468 nt

404 5504 475 5573 coc.
499 5510 591 5572 dicar.
618 5506 646 5575 ‘l
669 5511 806 5578 utebatur
832 5509 903 5574 eoa.
930 5509 1012 5573 Ouio.
1038 5507 1064 5588 ⁵)
1087 5510 1248 5586 Viszcgrod
1274 5506 1346 5574 coa.
1369 5511 1462 5574 Roar.
