4162 6288
161 531 225 628 (Α.
240 530 291 610 0.
312 531 418 628 1261.)
777 553 889 608 orons
915 553 1109 608 snrrnrns.
1642 539 1716 611 379

160 764 224 838 pro
260 741 358 818 illins
398 742 600 818 exterminio
636 765 712 818 oum
747 744 875 837 quanto
910 741 1093 818 mneribns
1132 743 1290 838 poterent
1329 743 1435 839 eopiis
1470 744 1520 820 ire
1555 746 1715 839 pergunt.

160 865 301 940 Duobm
328 864 685 958 promerentibus,
714 866 872 941 Prussioo
899 864 1057 942 videlieet
1082 867 1118 941 et
1143 865 1317 958 Lirenioe,
1346 865 1405 960 qui
1432 865 1468 940 in
1486 865 1715 941 defensionem

160 986 268 1062 nostri
293 986 510 1079 edrenorent,
544 987 692 1080 offensis,
721 989 757 1062 in
785 987 838 1063 dio
865 988 1010 1063 Sonetoe
1036 988 1272 1083 Margo-rothae
1298 987 1398 1062 iunio
1423 987 1563 1063 flurium
1590 989 1717 1062 Durorn

160 1109 199 1184 in
225 1108 410 1184 Omlnndie
436 1108 633 1205 oonlligunt
662 1112 698 1186 et
729 1131 855 1206 magno
880 1112 996 1205 strage
1022 1110 1126 1202 edito,
1154 1111 1191 1184 et
1216 1109 1363 1185 Henrioo
1381 1109 1422 1183 de
1440 1109 1681 1185 Hornshusnen
1693 1109 1717 1202 ¹)

160 1229 328 1326 lingistro
354 1229 527 1323 Livonioe,
562 1230 646 1306 item
673 1230 820 1308 Henrioo
855 1231 1021 1308 Morsaleo
1048 1231 1221 1324 Pressioe·
1253 1233 1289 1306 st
1315 1230 1470 1325 pluribus
1496 1230 1576 1305 nliis
1602 1229 1716 1306 Ornei-

161 1351 245 1428 feris
271 1351 400 1444 eooisis,
427 1351 570 1429 entonis
596 1374 673 1428 vero
700 1352 736 1428 in
762 1355 880 1449 fugem
907 1352 1023 1445 vorsis,
1051 1352 1193 1429 victorin
1217 1353 1353 1428 borbon
1373 1351 1562 1447 potiuntur,
1590 1353 1625 1428 ot
1643 1353 1715 1426 torn

160 1475 313 1550 onstrnrn
338 1474 556 1568 Koresosin,
595 1497 697 1568 quern
723 1476 936 1571 Heylsburg‚
974 1474 1153 1551 maceratis
1180 1475 1269 1550 fenne
1295 1473 1545 1566 defensoribus,
1578 1473 1715 1567 enqui-

159 1596 254 1670 runt.
284 1595 340 1671 Ad
365 1598 515 1672 oestrum
541 1596 661 1673 deinde
687 1597 861 1692 Kinsberg
892 1595 1064 1677 obsidione
1090 1599 1254 1691 promoto,
1282 1595 1319 1671 in
1345 1597 1460 1691 ponte,
1487 1616 1587 1690 quern
1614 1617 1717 1690 snper

160 1717 289 1794 flumen
315 1719 443 1814 Preger
468 1721 737 1812 oonstruxeront,
768 1719 883 1815 plures
909 1739 1048 1796 nurnero
1074 1717 1293 1796 edoneiforis
1310 1717 1483 1810 truoidnti,
1511 1715 1716 1792 obsidionem

159 1838 288 1915 residui
315 1840 446 1916 solvere
472 1839 578 1916 wenti
605 1842 698 1916 sunt.

267 1959 525 2039 *Helmerious
552 1963 671 2038 sextus
696 1961 862 2058 Magister
887 1959 1044 2038 Prossioe
1070 1961 1229 2038 eomedit.
1257 1961 1277 2005 *

194 2328 350 2402 inueni
376 2328 531 2421 nooplrll
559 2327 602 2402 nd
628 2329 852 2406 idololatrian
879 2329 1009 2419 rererrl,
1037 2328 1240 2403 lllrielinnor
1266 2327 1377 2400 llnlnn
1404 2345 1536 2400 nnornn
1562 2332 1689 2402 nonant.

266 2569 322 2642 Ex
348 2566 539 2644 huiusmodi
567 2559 680 2646 entem
707 2568 849 2646 riotorio
883 2569 1049 2644 Prnthoni
1076 2568 1238 2665 neophyti
1265 2567 1301 2642 in
1327 2567 1519 2662 superbiam
1545 2568 1644 2662 versi,
1671 2569 1716 2644 nd

159 2689 402 2783 idololatriam,
430 2691 496 2766 fide
523 2690 718 2767 Christiane
743 2691 874 2783 rolioto,
903 2691 938 2764 in
961 2691 1083 2787 vigilie
1100 2689 1217 2766 Soneti
1234 2690 1400 2765 Matthaei
1415 2689 1443 2784 2)
1472 2691 1642 2785 apostant.
1670 2693 1716 2765 nt

159 2813 347 2889 eonstituto
373 2811 439 2888 sibi
464 2811 634 2908 Gloppino
648 2811 676 2908 3)
704 2837 764 2909 pro
791 2814 874 2888 duee
899 2814 934 2888 et
961 2811 1158 2908 capitones,
1195 2811 1360 2907 correptis
1386 2810 1509 2904 ermis,
1538 2813 1574 2886 in
1601 2833 1716 2888 ornnes

159 2933 383 3026 christianos,
412 2934 471 3027 qui
498 2933 589 3010 intro
615 2934 699 3010 fines
726 2935 863 3010 illorum
890 2934 1101 3026 hobiwbont,
1129 2933 1360 3010 crudelissime
1386 2933 1550 3008 saeviunt.
1597 2934 1714 3010 Snoer-

159 3057 258 3132 dotes
284 3057 320 3132 et
346 3054 520 3132 ministros
555 3055 695 3148 Ohristi,
732 3059 767 3132 et
793 3056 963 3150 quoslibet
998 3055 1189 3132 Christiano
1224 3057 1416 3133 ohoreotere
1447 3054 1630 3150 insignitos
1656 3057 1714 3130 ob-

159 3179 334 3270 truncant,
362 3176 521 3254 eoelesios
547 3177 719 3269 quoslibet
745 3177 825 3275 igne
851 3180 1066 3273 consumunt,
1099 3179 1312 3256 sooronnento
1337 3176 1581 3282 wntnminont,
1610 3175 1716 3253 sonnis

160 3298 252 3376 rosis
277 3301 313 3376 et
338 3298 491 3377 vestibus
517 3301 715 3376 abutuntur.

619 3658 828 3774 ANNUS
862 3658 1089 3773 DOMINI
1123 3659 1257 3775 1261.

158 3911 265 3987 llltrri
292 3909 420 3984 elnden
447 3911 616 4003 ooooptnrn
642 3907 796 3984 dmoilori
821 3909 1026 3984 litlnrnion
1052 3903 1285 4002 ingrediuntur,
1317 3911 1372 3982 nli
1398 3910 1464 3984 lori
1490 3915 1526 3984 et
1551 3910 1715 4004 prolignti

773 4035 851 4106 sont
877 4051 897 4105 n
923 4031 1102 4106 litlnonir.

265 4269 506 4348 Lithnonieom
525 4272 568 4361 ¹et
594 4271 846 4364 Pruthenieorn‚
884 4293 1066 4367 eorumque
1101 4271 1281 4368 Principis,
1320 4293 1420 4364 quern
1456 4271 1619 4348 (trusiferi
1645 4273 1713 4349 Ilo-

160 4417 239 4492 gem
266 4393 441 4488 appellere
466 4392 562 4468 soliti
587 4395 697 4484 erent,
725 4393 932 4488 Mondolphi,
961 4415 1130 4470 enormem
1148 4392 1402 4488 populationem
1428 4395 1464 4469 et
1489 4393 1714 4469 vastationem

160 4513 264 4592 terris
299 4511 468 4590 lionorine
504 4516 539 4589 et
569 4513 728 4590 Prussioe
763 4515 897 4590 illntnm
932 4517 1067 4590 ulturus
1102 4514 1270 4591 exereitus
1305 4513 1503 4607 estholious,
1540 4515 1581 4591 do
1616 4515 1716 4590 terris

159 4636 275 4734 Regni
300 4635 469 4728 Pelendos,
506 4635 685 4712 Oruoiferis
712 4638 748 4712 et
773 4625 942 4728 Almonis,
970 4636 1115 4730 aliisque
1142 4635 1431 4732 crucesignatis,
1469 4637 1641 4728 oollootns,
1671 4637 1714 4712 od

87 4814 89 4818 ,
160 4754 338 4835 interiores
363 4759 474 4834 terres
508 4757 667 4833 Prussioe
694 4758 737 4833 od
763 4757 956 4834 distriotnm
991 4759 1245 4855 Nootongorum
1259 4756 1288 4852 4)
1320 4757 1355 4832 in
1386 4758 1475 4833 festo
1501 4756 1713 4832 Purifieotio-

159 4878 217 4956 nis
242 4879 386 4954 Sonetne
412 4877 538 4956 Morino
564 4879 643 4972 (hoo
670 4879 761 4954 eninr
787 4881 934 4975 ternpus,
963 4879 1108 4976 stagnis,
1137 4877 1332 4956 fluminibus
1358 4881 1394 4955 et
1416 4877 1607 4974 paludibus,
1637 4877 1713 4970 qui-

158 5003 225 5078 bus
251 5022 310 5076 ore
335 4995 539 5076 hithnonieo
565 5001 663 5077 ferox
690 5004 754 5093 est,
783 5000 992 5095 metensque
1018 5000 1159 5078 lubriois
1176 4999 1259 5077 loeis
1276 4999 1402 5104 frigore
1429 4999 1571 5092 duretis,
1599 4999 1714 5095 aptius

159 5143 221 5218 pro
248 5119 485 5217 exequendop
511 5121 680 5199 destinato
715 5145 815 5220 opere
850 5122 960 5200 risun
986 5124 1055 5220 est)
1082 5122 1249 5200 convenit.
1294 5123 1341 5197 Et
1367 5119 1502 5199 deisbus
1537 5120 1712 5214 ordinatis,

270 5397 295 5479 ¹)
316 5399 543 5465 Hornsohnsnen
577 5399 648 5466 (lod.
670 5400 765 5466 Beer.
797 5401 1018 5483 (Hornhonsen)
1057 5399 1252 5481 'antthoel
1281 5397 1489 5474 Evangelistee
1523 5395 1594 5462 (leot.
1611 5397 1712 5462 Reor.

164 5505 356 5593 ³)Glippino
384 5505 455 5574 Geel.
477 5507 570 5575 Reor.
608 5503 635 5593 ⁴)
657 5508 876 5586 Nectengoronn
900 5507 972 5574 dod.
994 5505 1068 5571 Aul.
1108 5502 1430 5586 ⁵)prooonsn1nondo
1455 5501 1644 5572 deosne.
