4246 6274
167 533 231 630 (Α.
250 530 297 610 Β.
317 531 424 627 llos.)
772 552 882 606 ursus
908 553 1079 617 comeus.

620 943 828 1059 ANNUS
862 943 1086 1058 DOMINI
1120 943 1253 1057 1148.

167 1231 302 1307 bediens
328 1233 541 1322 Romanorum
568 1232 636 1305 ilex
662 1251 704 1305 ax
730 1233 824 1306 latre
851 1235 977 1321 Sancta,
1004 1251 1059 1324 per
1085 1235 1230 1304 oratores
1257 1248 1335 1304 sons
1362 1230 1479 1304 ilerum
1505 1249 1561 1324 pro
1583 1229 1698 1306 lllall·

268 1356 340 1428 slao
368 1355 461 1428 oxole
488 1355 605 1428 nouos
632 1357 736 1446 roget,
764 1355 819 1446 qul
845 1354 1029 1446 ambiguum
1054 1372 1243 1446 responsum
1270 1355 1311 1430 ab
1339 1354 1388 1428 eis
1410 1355 1594 1428 retulerunt.

267 1595 336 1670 vix
361 1617 486 1671 annum
513 1616 588 1670 cum
615 1593 751 1669 dimidio
779 1594 814 1668 in
841 1595 944 1670 Terra
971 1594 1094 1670 Sancto
1112 1595 1283 1670 cunradus
1302 1595 1524 1670 Romanorum
1550 1597 1585 1671 ot
1610 1596 1697 1672 Lod·

168 1717 266 1814 rlgus
284 1718 307 1814 1)
334 1717 496 1792 Dranelae
522 1717 634 1812 Reges
662 1720 697 1792 et
722 1717 905 1812 Principes,
942 1717 1000 1810 qui
1026 1739 1137 1793 secum
1164 1742 1231 1793 una
1256 1717 1338 1794 illoc
1364 1717 1468 1792 laturi
1499 1717 1700 1793 Christianis

168 1840 334 1918 auxilium
361 1840 618 1916 conscenderant
633 1838 671 1934 ρ),
700 1839 877 1932 immorati,
908 1839 986 1913 dum
1013 1842 1067 1933 (ut
1093 1839 1342 1935 praemisimus)
1369 1862 1491 1936 magna
1517 1839 1698 1916 multitudo

166 1963 315 2039 militum
341 1985 384 2038 ex
410 1985 497 2058 pane
522 1963 613 2038 ealce
639 1964 674 2038 et
699 1961 820 2053 farina,
858 1961 989 2037 malitia
1016 1961 1217 2038 Graecorum
1252 1964 1286 2038 et
1313 1963 1493 2038 Turenum
1528 1965 1619 2038 cocto
1645 1963 1698 2038 in·

165 2085 255 2162 fecta
282 2086 488 2182 deperiisset,
516 2084 551 2158 in
578 2084 698 2180 Regna
725 2087 759 2159 et
786 2083 999 2179 Principctus
1033 2106 1110 2160 suos
1146 2083 1331 2181 irritatisb
1359 2079 1467 2180 magis
1494 2107 1594 2179 qoam
1612 2107 1697 2161 con·

165 2208 310 2284 firmatis
336 2211 434 2285 robus
469 2209 589 2285 Terrae
620 2208 773 2300 Sanctae,
810 2208 934 2284 reversi
969 2209 1059 2283 sunt.
1104 2207 1292 2284 Ounradum
1327 2207 1440 2302 itaque
1474 2208 1698 2284 Romanorum

166 2333 295 2428 Regem
321 2354 364 2407 ex
391 2329 545 2427 passagio
572 2330 740 2426 praedicto
777 2353 944 2407 reuersum
980 2329 1186 2406 chdislaus
1222 2331 1421 2406 Polonorum
1447 2331 1525 2405 Dor
1559 2330 1699 2407 exilium

166 2439 201 2528 iu
228 2452 389 2542 Almopia
424 2475 538 2548 agens,
575 2453 700 2528 accedit
735 2454 769 2528 et
804 2455 843 2528 ut
877 2454 975 2528 rebus
1001 2453 1082 2545 suis,
1119 2452 1330 2545 filiorumque
1365 2474 1499 2528 suorum
1535 2454 1698 2543 consulat,

166 2576 322 2671 flagitare
348 2576 468 2673 coepit.
513 2575 685 2650 Gouradus
712 2597 800 2666 vero,
828 2574 906 2669 quio
933 2574 969 2649 in
996 2596 1057 2650 sua
1083 2576 1125 2650 ad
1152 2575 1287 2650 Terram
1313 2573 1472 2650 Sanctam
1498 2574 1700 2670 profectione

166 2699 369 2802 aBoleslao
395 2700 594 2774 Polonorom
620 2699 711 2774 Duce
726 2697 754 2793 4)
781 2697 973 2793 spaificatus
1000 2700 1074 2772 erat
1088 2697 1126 2790 ⁵),
1155 2697 1292 2793 singula
1317 2720 1376 2792 pro
1403 2696 1541 2771 arbitrio
1558 2720 1617 2772 suo
1634 2697 1711 2772 Βο-Ι

121 2861 125 2868 -
165 2822 312 2896 leslaum
339 2822 539 2897 Polonorum
564 2821 689 2896 Ducem
715 2819 750 2894 in
777 2842 818 2895 oa
848 2843 883 2895 re
901 2819 1091 2896 obedienter
1117 2819 1296 2910 facturum,
1324 2819 1550 2896 Wladislaum
1576 2819 1702 2894 Ducem

164 2945 199 3020 ct
228 2943 301 3039 ipso
328 2943 448 3035 quibus
476 2944 585 3038 potest
612 2941 732 3034 uerbis,
760 2965 832 3018 eam
861 2964 954 3037 spem
980 2941 1075 3034 sequi
1102 2940 1287 3017 coufirmat.
1332 2941 1517 3016 Mittuntur
1542 2939 1655 3035 itaque
1682 2964 1701 3013 a

165 3065 322 3140 Dnnrado
348 3064 571 3140 Romanorum
598 3064 693 3159 Rege
719 3065 762 3140 ad
787 3065 980 3140 Boleslaum
1014 3065 1213 3140 Polonorum
1239 3064 1364 3140 Ducem
1391 3063 1522 3156 nuntii,
1550 3063 1608 3156 qui
1634 3064 1700 3138 Bo·

164 3187 274 3263 leslao
301 3188 390 3282 apud
425 3187 616 3262 Draeoriam
650 3187 774 3262 offenso
809 3187 967 3262 mandato
1001 3208 1154 3263 caesarea
1189 3185 1340 3280 edicunt,
1379 3187 1634 3281 precandusque,
1662 3187 1702 3259 ut

36 3331 39 3340 ’
165 3308 409 3405 pollicitationi
442 3329 522 3404 suae
557 3307 721 3404 praestita
747 3307 915 3404 virtute⁶l
942 3308 1166 3386 Wladislaum
1193 3307 1391 3383 Polonorum
1418 3308 1542 3383 Ducem
1568 3306 1604 3381 in
1631 3329 1701 3382 sor·

164 3435 234 3506 tem
264 3453 361 3506 suam
402 3431 437 3505 ot
463 3430 713 3507 cracoviensem
740 3453 778 3506 ac
804 3430 1061 3526 Slesiaticumb
1096 3429 1327 3526 Principatum
1361 3429 1530 3522 restituat,
1566 3429 1701 3505 commi-

165 3553 435 3644 serationemque
460 3553 562 3628 fratri
596 3553 692 3628 tanto
727 3555 875 3648 tempore
911 3575 986 3629 cum
1020 3575 1123 3628 uxore
1154 3554 1189 3628 et
1214 3551 1295 3628 liliis
1329 3551 1483 3628 exulanti
1517 3551 1700 3647 impendat,

165 3674 252 3750 satis
287 3698 362 3751 oum
388 3674 613 3770 poenarumll
649 3697 708 3770 pro
742 3675 933 3752 tomeritate
968 3677 1003 3751 et
1028 3674 1159 3770 piaculo
1195 3696 1254 3749 suo
1289 3673 1482 3750 exsolvisse.
1527 3673 1702 3750 Boleslaus

165 3799 283 3874 autem
309 3797 510 3872 Polonorum
522 3797 612 3889 Dux,
640 3796 764 3892 legatis
790 3796 951 3873 caesareis
977 3796 1156 3892 magnifico
1183 3797 1330 3892 sumpto,
1358 3794 1546 3892 magnificis
1573 3819 1703 3888 quoque

165 3919 319 3995 donariis
344 3919 512 4011 tractatis,
540 3917 734 4014 ambiguum
761 3919 831 3996 edit
846 3920 873 4015 9)
899 3941 1111 4015 responsum:
1137 3916 1400 3994 Restitutionem
1426 3917 1608 3995 Wladislai
1633 3918 1702 3992 Do·

166 4041 215 4116 eis
242 4042 283 4116 in
308 4041 465 4117 Poloniae
500 4041 655 4138 Regnum
687 4040 753 4116 sibi
784 4040 917 4136 quidem
944 4044 978 4117 et
1004 4041 1166 4117 iratribus
1192 4040 1262 4115 suis
1287 4040 1472 4137 Myeenslao
1498 4041 1534 4116 et
1559 4039 1703 4116 Hamico

165 4163 262 4240 aiens
291 4187 358 4239 non
383 4163 555 4239 adversam
590 4185 673 4254 esse,
711 4185 770 4259 pro
805 4163 995 4254 honoreque
1021 4165 1056 4238 et
1081 4160 1314 4239 benevolentia
1345 4161 1505 4254 (laeseris,
1542 4161 1703 4240 desiderio

166 4289 201 4364 et
227 4285 400 4362 voluntati
426 4308 506 4362 suae
532 4308 568 4362 se
594 4287 629 4360 et
655 4285 778 4362 iratres
804 4307 881 4362 suos
908 4309 1032 4362 morem
1063 4288 1229 4382 gesturos.
1275 4285 1340 4362 Sed
1365 4309 1431 4360 non
1458 4284 1563 4362 vereri
1588 4308 1624 4361 se
1650 4307 1702 4360 so-

166 4410 250 4502 lum,
282 4407 469 4484 sedetiam
497 4409 596 4503 probe
627 4387 837 4504 prospexisse
864 4411 898 4484 et
924 4431 1020 4485 nosse
1040 4407 1094 4503 ¹⁰),
1130 4409 1273 4485 reditum
1299 4407 1479 4486 Wladislai
1506 4407 1608 4482 Ducis
1633 4409 1702 4483 stu-

165 4533 241 4606 tum
269 4529 383 4626 Regni
413 4530 571 4606 Poloniae
606 4531 768 4606 hactenus
802 4531 976 4626 pacificum
1002 4531 1226 4622 turbaturum,
1263 4529 1479 4625 cladibusque
1499 4530 1540 4626 ¹¹)
1567 4531 1601 4606 et
1626 4553 1702 4606 san-

166 4653 273 4749 guine
301 4651 393 4728 ciuili
419 4653 641 4728 feodatorum.
685 4653 829 4728 Proinde
856 4653 892 4728 in
916 4677 953 4730 re
979 4653 1095 4729 taliter
1131 4652 1326 4746 qualificata
1357 4652 1406 4727 sie
1432 4651 1592 4746 utrisque,
1629 4675 1703 4728 eum

167 4775 241 4870 pari
270 4773 437 4871 sanguino
463 4774 597 4868 utrique
623 4773 687 4850 sibi
707 4775 750 4870 Η)
776 4775 972 4871 iungantur,
1009 4776 1182 4852 Gaesarem
1209 4775 1396 4872 prospicere
1421 4797 1563 4868 aequum
1590 4796 1703 4852 cense-

281 5002 305 5082 ¹)
327 5003 491 5065 Ludoricus
522 5003 581 5064 Ed.
610 5003 704 5066 Βοῦν.
744 5001 770 5081 Ω)
793 5003 1061 5064 condescenderant
1093 5001 1164 5064 Ded.
1193 5003 1285 5064 Βονν.
1327 4999 1354 5082 ³)
1376 5003 1494 5064 variatis
1524 5001 1582 5063 Ed.
1613 5001 1705 5064 Βοῦν.

169 5101 197 5186 ⁴)
220 5123 259 5168 cx
282 5107 410 5168 Boleslai
431 5107 606 5175 Polonornm
627 5107 718 5167 Ducis
739 5108 836 5168 verbis
863 5105 934 5168 θοοῦ.
957 5108 1048 5169 Βονν.
1088 5103 1113 5185 ⁵)
1136 5124 1217 5182 spem
1241 5111 1416 5182 conceperat
1440 5103 1510 5166 coa.
1533 5107 1624 5167 Βονν.
1654 5123 1706 5181 spe

168 5212 351 5272 certificatus
375 5219 440 5273 erat
463 5211 522 5272 Ed.
546 5211 639 5272 Βοῦν.
680 5207 787 5289 ⁰llide
813 5211 883 5272 Geel.
906 5214 998 5273 Βοῦν.
1037 5208 1306 5290 ⁷)0racoviensem
1332 5211 1469 5272 videlicet
1490 5217 1522 5270 et
1542 5210 1708 5271 Silesticom

170 5317 232 5379 Ed.
256 5317 351 5378 Βοῦν.
391 5313 551 5394 ⁸)poenae
581 5315 642 5376 Ed,
665 5317 755 5376 Βοῦν.
795 5313 823 5397 ⁹)
848 5317 899 5376 dat
923 5315 992 5377 θοοῦ.
1015 5317 1107 5376 Rosa.
1148 5313 1187 5394 ¹⁰)
1207 5316 1313 5376 Verum
1335 5315 1426 5390 probe
1448 5315 1504 5374 sibi
1525 5321 1708 5390 perspectum

171 5439 207 5483 ac
230 5427 333 5482 notum
356 5439 420 5482 esse
446 5419 517 5482 θοοῦ.
540 5422 631 5482 Rocr.
673 5417 713 5498 ¹¹)
736 5421 930 5497 caedibusque
954 5423 1013 5484 Ed.
1037 5421 1121 5499 repo.
1165 5417 1204 5502 ¹⁹)
1227 5421 1366 5496 sanguine
1388 5437 1486 5482 omnes
1508 5418 1614 5482 fratres
1636 5419 1708 5481 Cae-

172 5528 233 5588 sari
262 5524 333 5587 eoa.
357 5526 447 5588 Recr.

223 5660 625 5720 comarumcomarum
1541 5649 1556 5700 ⁵
1629 5713 1632 5718 .
