4208 6282
389 503 461 576 122
1017 526 1129 578 araus
1157 526 1307 579 snxrus.
1680 504 1744 599 (Α.
1765 503 1810 610 D.
1831 504 1941 600 1186.)

385 734 473 787 anno
499 712 714 803 subsequenti
736 713 760 806 ¹)
786 712 873 787 diem
910 713 1004 803 obiit,
1042 714 1213 788 decessum
1245 715 1280 786 θῖ
1312 713 1448 806 propter
1483 713 1664 789 nonnullas
1699 735 1816 789 causas
1843 716 1939 790 ultra

386 858 512 909 annum
540 857 644 908 unum
671 834 739 908 fuit
765 835 945 928 protelata.

805 1202 962 1276 tardatio
989 1204 1180 1276 nonasterii
1208 1204 1240 1274 in
1268 1201 1520 1294 Kopraivnicza.

487 1441 584 1516 Anno
611 1443 724 1516 eodem
753 1441 993 1516 monasterium
1020 1442 1331 1536 Koprninniczense
1349 1442 1385 1516 in
1404 1441 1613 1517 draconiensi
1641 1441 1764 1516 diocesi
1784 1463 1845 1535 por
1862 1441 1935 1516 Ka·

383 1563 537 1637 nimirum
564 1565 766 1637 Poionorum
793 1565 920 1638 Ducem
948 1564 1126 1638 fundatum
1153 1565 1187 1638 et
1214 1566 1366 1638 dotatum
1394 1566 1458 1655 est,
1487 1566 1522 1638 et
1544 1563 1707 1637 fratribus
1734 1563 1934 1638 cistercien-

382 1685 475 1758 sibus
490 1685 519 1778 ²)
546 1684 797 1778 consignatum,
835 1685 878 1758 ad
904 1685 999 1758 cuius
1034 1685 1231 1778 ampliorem
1258 1686 1368 1760 dotem
1403 1685 1532 1760 nobiles
1558 1687 1594 1761 et
1620 1684 1786 1758 militares
1812 1687 1853 1758 de
1879 1707 1934 1758 ar-

382 1807 447 1880 mis
466 1806 612 1900 Bogoria
638 1810 673 1880 et
699 1807 879 1897 Habdank,
909 1807 1052 1898 aliisque
1071 1807 1223 1880 domibus
1242 1809 1276 1880 et
1295 1807 1447 1900 familiis,
1476 1807 1658 1881 nonnullas
1684 1807 1797 1897 uillas,
1827 1808 1935 1880 sodes

380 1929 416 2002 θῖ
444 1927 581 2022 praedia
623 1929 740 2001 deuote
775 1928 1004 2000 contulerunt.
1050 1928 1243 2002 Karimirus
1279 1950 1409 2022 quoque
1445 1930 1523 2003 Dux
1559 1929 1741 2024 primarius
1776 1929 1936 2002 fundator

382 2049 541 2142 oppidum
569 2048 832 2143 Koprziunicae,
871 2048 969 2122 iuxta
1003 2049 1091 2140 qnod
1118 2050 1359 2124 monasterium
1395 2050 1498 2125 situm
1534 2053 1596 2142 θεῖ,
1634 2051 1741 2124 eidem
1778 2049 1934 2124 coenobio

381 2170 528 2244 contulit
555 2191 630 2243 cum
657 2169 747 2244 omni
775 2169 858 2262 iure,
888 2169 1035 2244 dominio
1062 2173 1097 2244 et
1124 2171 1340 2265 proprietate,
1365 2173 1546 2248 concedens
1572 2171 1694 2266 oppido
1721 2171 1873 2266 praefato
1900 2172 1936 2245 et

381 2292 473 2366 villis
509 2291 615 2364 eidem
651 2291 853 2365 monasterio
889 2292 1025 2366 collatis
1051 2294 1087 2366 et
1113 2293 1333 2383 conferendis,
1371 2297 1413 2366 ab
1450 2294 1540 2367 omni
1575 2316 1675 2368 onere
1706 2296 1742 2368 et
1768 2293 1934 2369 seruitute

381 2414 516 2507 plenam
543 2413 756 2500 libertatem
795 2414 918 2488 fratres
954 2435 1085 2506 quoque
1112 2413 1238 2487 ordinis
1275 2414 1506 2489 disterciensis
1532 2437 1576 2488 ex
1602 2413 1805 2489 monasterio
1832 2413 1935 2487 Mori·

380 2533 558 2609 mandensi
593 2537 764 2628 sumptos,
803 2534 838 2607 in
875 2535 1027 2628 praefato
1063 2535 1263 2610 monasterio
1299 2537 1443 2627 locavit,
1481 2535 1726 2627 fabricavitque
1757 2535 1934 2610 ecclesiam

381 2656 507 2747 quadro
526 2655 650 2749 lapide,
679 2677 818 2746 eamque
837 2656 960 2729 Sancto
987 2655 1145 2730 Floriano
1173 2656 1324 2752 martyri,
1352 2679 1436 2732 nouo
1450 2657 1576 2751 hospiti
1604 2657 1797 2752 procurarit
1814 2655 1931 2730 dicari.

379 2777 566 2850 Primarius
600 2778 714 2850 tamen
740 2777 826 2870 'post
858 2776 1069 2850 Kauimirum
1096 2777 1222 2851 Ducem
1250 2779 1318 2852 fuit
1343 2779 1458 2854 domes
1484 2778 1645 2854 Nicolaus
1680 2777 1837 2872 Bogoria,
1875 2776 1934 2868 qui

380 2898 625 2994 frequentiores
651 2897 754 2970 villas
780 2897 814 2970 in
843 2898 1032 2990 praefatum
1059 2899 1300 2973 monasterium
1315 2896 1343 2993 ³)
1370 2899 1510 2973 donavit
1527 2902 1564 2993 ι).

483 3020 527 3093 In
553 3017 698 3093 Onoradi
725 3018 828 3093 Ducis
855 3019 1022 3092 Morariae
1058 3019 1171 3093 odium
1206 3019 1397 3094 b'ridericus
1433 3021 1614 3095 Bohemiae
1645 3021 1724 3093 Dux
1749 3019 1933 3096 Moraaiam

379 3141 489 3216 altera
523 3141 595 3215 rice
629 3140 844 3231 vastaturus,
881 3140 1124 3222 Praemisiaum
1159 3141 1299 3214 fratrem
1336 3163 1434 3215 suum
1471 3164 1546 3214 curn
1581 3141 1801 3236 amplioribus
1828 3142 1933 3236 copiis

378 3262 594 3354 transmittit,
624 3261 704 3336 data
730 3261 960 3337 commissione
988 3264 1023 3336 θῖ
1049 3263 1219 3354 mandato,
1249 3265 1289 3337 ub
1314 3263 1480 3338 Morariae
1503 3263 1673 3357 regionem
1701 3285 1800 3355 quam
1828 3263 1933 3336 latius

378 3383 514 3478 poterit,
544 3382 761 3478 populatione
788 3385 930 3458 extensa
956 3384 1170 3459 exterminet.
1213 3384 1314 3458 Secus
1341 3386 1468 3475 tamen,
1497 3407 1598 3478 quam
1625 3386 1771 3475 rebatur,
1801 3405 1931 3460 succes·

377 3505 435 3579 sit.
482 3506 656 3580 Gunradus
691 3505 780 3580 enim
813 3505 979 3581 Morariao
1019 3507 1099 3579 Dux
1135 3509 1170 3580 et
1196 3527 1331 3578 suorum
1366 3503 1587 3582 Almanorum
1622 3507 1730 3580 fretus
1767 3506 1928 3600 potentia,

378 3625 582 3702 Praemisiao
610 3629 644 3700 et
671 3626 850 3702 Bohemioo
877 3627 1041 3702 exercitui
1068 3627 1104 3700 in
1131 3628 1213 3718 loco,
1243 3627 1300 3718 qui
1327 3627 1507 3701 Ludomicz
1524 3627 1551 3722 ⁵)
1578 3628 1782 3722 appellatur,
1816 3649 1929 3702 occur·

377 3770 467 3841 rens,
496 3770 646 3844 pugnam
683 3749 847 3824 conserit:
876 3749 912 3822 in
939 3771 1006 3842 qua
1032 3751 1176 3840 utraque
1203 3751 1298 3842 parto
1325 3771 1385 3843 pro
1411 3749 1553 3824 victoria
1584 3749 1768 3840 adnitente,
1798 3747 1931 3824 infestis

377 3870 480 3944 armis
507 3872 608 3964 longo
635 3872 785 3965 tempore
821 3872 1009 3965 pugnatum
1036 3873 1100 3944 est.
1146 3871 1269 3964 Strage
1296 3893 1428 3963 quoque
1464 3869 1612 3945 maxima
1639 3869 1798 3962 utrinque
1825 3869 1928 3962 edito,

377 4013 451 4068 curn
481 3993 521 4066 de
547 3992 705 4066 Bohemis
731 3995 767 4066 et
792 3992 936 4066 Moraris
964 3991 1063 4086 primi
1093 4014 1243 4086 proceres
1271 3992 1480 4085 occidissent,
1509 3993 1636 4068 incerto
1663 3994 1782 4082 Marte,
1810 4015 1928 4068 eruen-

376 4115 411 4186 to
438 4115 563 4206 tamen,
592 4113 776 4188 discessum
803 4115 866 4187 ost.

833 4470 1041 4586 ANNUS
1077 4474 1302 4586 DOMINI
1337 4473 1471 4588 1186.

861 4723 982 4795 testim
1009 4723 1171 4796 daromae
1198 4723 1268 4794 ltux
1294 4723 1438 4796 noritur.

478 4961 653 5037 Oruoiatus
680 4962 715 5035 et
741 4961 927 5036 exhaustus
953 4963 1079 5036 Lestlro
1106 4961 1273 5037 Maseriae
1300 4964 1335 5036 et
1361 4961 1516 5036 baiariae
1547 4961 1626 5035 Dux
1652 4959 1746 5034 filius
1774 4960 1924 5036 Boleslai

374 5082 483 5177 Grispi
510 5083 669 5158 diuturno
696 5085 809 5159 morbo
836 5085 870 5158 et
897 5084 1060 5179 languore
1087 5083 1325 5176 (nequeenim
1352 5083 1470 5158 diebus
1497 5085 1558 5157 aut
1579 5082 1759 5175 mensibus,
1788 5083 1848 5158 sed
1866 5105 1924 5158 an·

374 5397 376 5402 ,
481 5363 505 5441 ¹)
527 5365 693 5439 insequenti
708 5364 768 5428 Ed.
790 5363 884 5423 Dobr.
921 5359 948 5439 9)
970 5361 1174 5423 cisterciensis
1191 5363 1301 5424 ordinis
1321 5362 1390 5425 Ood.
1414 5363 1507 5425 Roar.
1543 5359 1569 5440 ³)
1591 5360 1726 5438 praefato
1740 5364 1920 5425 monasterio

376 5467 447 5529 Ood.
470 5469 562 5530 Roar.
601 5463 628 5546 ⁴)
651 5469 784 5531 eontulit.
807 5468 866 5528 Eo.
889 5467 985 5529 Dobr.
1026 5463 1051 5546 5)
1074 5468 1227 5530 Ludowicz
1254 5468 1313 5531 Ed.
1336 5469 1430 5531 Dobr.
