4162 6288
150 551 217 647 (Α.
237 553 284 628 D.
304 555 422 650 1277.)
767 580 880 633 umus
906 580 1100 636 sarsurus.
1627 570 1702 640 441

146 761 447 839 wratislaviensis
473 764 552 838 Dux
569 765 708 840 vocatus
734 767 874 858 Probus,
902 768 977 842 tum
1004 791 1048 843 ex
1075 769 1219 863 paterna
1245 771 1280 844 ot
1306 769 1421 864 patrui
1440 771 1650 848 successione
1669 774 1704 848 in

143 883 345 960 uniuersum
372 885 687 962 Wratislauiensem
715 887 892 978 Donatum,
921 889 994 963 tom
1021 911 1066 966 ex
1091 889 1300 985 coemptione
1335 891 1551 968 districtuum
1578 894 1703 968 Krosa-

144 1004 277 1096 nensis,
306 1005 529 1101 Grepiensten
550 1007 573 1100 ¹)
600 1011 635 1083 st
662 1009 775 1100 Proin,
803 1010 845 1084 cd
873 1010 1035 1086 inuidiam
1061 1033 1168 1104 usque
1194 1015 1355 1103 creuerat,
1384 1014 1561 1089 Boloslaus
1579 1015 1702 1090 Calvus

143 1145 209 1198 seu
236 1127 363 1202 Saeuus
389 1127 628 1221 Legnicnennis
654 1129 745 1220 Dux,
774 1131 916 1224 patruus
942 1153 1023 1205 suus
1050 1153 1243 1226 germanus,
1271 1156 1337 1208 non
1364 1133 1487 1227 ferens,
1516 1156 1592 1208 oum
1618 1158 1703 1211 non·

143 1247 257 1320 nullis
282 1247 622 1324 Wratisleuiensibus
648 1249 827 1342 militibus,
856 1251 910 1324 his
937 1253 1147 1345 praesertim,
1177 1253 1236 1344 qui
1262 1253 1447 1329 chricum
1470 1255 1622 1345 tertium,
1641 1277 1702 1349 pa-

142 1367 236 1441 trem
262 1369 401 1444 Henrici
427 1369 553 1462 quarti,
582 1371 618 1444 et
643 1373 803 1464 patruum
829 1372 1057 1448 Wladislcum
1084 1373 1372 1468 archiepiscopum
1402 1375 1703 1468 Salcnburgousem

142 1484 435 1564 insimulabantur
461 1512 587 1565 ueneno
614 1491 806 1582 sustulisse,
834 1493 871 1566 in
898 1493 1132 1587 captiuitatem
1146 1493 1286 1569 Henrici
1312 1493 1413 1568 Probi
1440 1495 1702 1572 Wratislauien-

141 1606 195 1680 sis
221 1607 326 1684 Ducis
341 1609 381 1704 ²),
409 1611 604 1686 verentibus
631 1611 798 1686 militibus
824 1612 957 1687 facinus
984 1613 1020 1688 in
1047 1617 1144 1708 patre
1170 1615 1206 1690 et
1232 1616 1353 1708 patruo
1380 1616 1553 1709 patratum
1581 1637 1602 1688 a
1629 1615 1700 1690 filio

140 1729 258 1804 ultum
285 1731 339 1822 iri,
369 1732 561 1826 conspirat,
589 1753 743 1807 asserens
771 1733 954 1808 Henricum
983 1736 1129 1809 Probum
1155 1737 1332 1830 nopotem,
1360 1757 1404 1810 ex
1430 1738 1538 1810 morte
1564 1736 1701 1812 Wlodi-

140 1851 211 1926 slai
247 1851 490 1947 archiepiscopi
525 1853 822 1947 Sulcaburgensis‚
862 1855 1048 1948 portionem
1075 1855 1369 1939 Wratislaoiensis
1409 1856 1561 1930 Donatus
1596 1878 1701 1947 acque

140 1974 188 2047 ad
214 1997 250 2049 se
276 1975 311 2049 et
337 1974 529 2049 cunradum
556 1973 814 2082 Glogoviensom
840 1976 966 2050 Ducem
981 1975 1010 2069 ³)
1036 1977 1182 2051 alterum
1209 1978 1349 2051 fratrem
1376 1976 1581 2065 devolutam,
1601 1998 1698 2070 pree·

140 2095 199 2168 ter
225 2117 368 2188 aequum
394 2097 430 2170 et
456 2095 586 2169 iustum
611 2116 804 2190 usurpasse.
842 2097 1036 2193 Opportuna
1073 2096 1187 2188 itaque
1222 2099 1392 2190 tempore,
1427 2119 1493 2187 quo
1529 2095 1700 2171 destinata

143 2218 372 2308 exequeretur
385 2215 432 2308 ⁴),
469 2217 666 2311 explorato,
695 2216 879 2292 Hemicum
906 2219 1051 2294 Probum
1079 2217 1398 2294 Wratislauieuscm
1425 2218 1570 2306 Ducem,
1609 2217 1697 2290 nihil

140 2335 258 2411 minus
284 2359 386 2430 quam
413 2337 584 2432 patrueles
610 2339 781 2414 verentem
806 2337 958 2430 insidias,
987 2338 1137 2414 securius
1165 2339 1201 2412 in
1228 2338 1322 2414 curia
1348 2341 1384 2414 et
1410 2338 1494 2414 uilla
1512 2359 1574 2412 sua
1591 2339 1697 2414 Iolcu-

138 2457 186 2532 he
212 2455 451 2550 quiescentem,
480 2457 595 2533 missis
621 2459 830 2535 satellitibus
856 2461 891 2534 et
918 2460 1141 2552 latrunculis,
1179 2460 1264 2536 teria
1291 2459 1413 2551 quinta
1438 2461 1518 2534 anto
1544 2458 1697 2534 Domini·

142 2599 220 2652 cam
246 2578 529 2675 Quadmgesimae
556 2577 794 2671 Remiuiscore,
822 2580 1023 2656 Duodecimo
1050 2581 1217 2656 calendas
1242 2580 1379 2672 Martii,
1407 2580 1444 2654 in
1471 2583 1568 2656 nocte
1593 2602 1690 2674 sopo-

138 2701 255 2775 ratum
281 2723 303 2776 a
328 2703 415 2778 lecto
442 2702 611 2777 abstrahit
637 2703 672 2778 et
698 2702 809 2798 capit,
837 2703 873 2777 et
899 2704 1035 2798 captum
1061 2703 1098 2776 in
1125 2703 1273 2778 castrum
1299 2724 1397 2776 suum
1432 2702 1547 2778 Irehen
1575 2701 1696 2776 deduc·

140 2823 230 2912 tum,
259 2821 295 2896 in
322 2822 396 2897 dira
422 2823 559 2899 uincula
586 2823 733 2914 coniicit,
764 2825 858 2897 ratus
885 2845 984 2898 onore
1010 2824 1045 2897 et
1071 2822 1267 2917 manamine
1285 2822 1495 2897 uinculorum
1513 2821 1697 2896 Henricurn

141 2943 299 3037 nepotem
327 2944 370 3017 ad
397 2944 580 3018 cedendum
608 2946 648 3018 de
675 2944 777 3019 certis
803 2943 944 3034 castris,
972 2943 1105 3038 oppidis
1131 2946 1166 3018 ot
1192 2942 1404 3018 districtibus
1430 2942 1561 3036 impelli
1588 2963 1696 3036 posse.

140 3063 386 3157 Captivitatem
412 3063 515 3138 Ducis
542 3064 595 3139 sui
631 3063 770 3140 Henrioi
806 3064 905 3139 Probi
941 3067 1080 3139 barones
1107 3065 1142 3139 et
1160 3063 1329 3139 militares
1344 3063 1373 3156 ε)
1398 3061 1696 3140 Wratislarisnsss
1803 3072 1808 3078 '

140 3183 249 3257 ulturi
276 3187 311 3259 et
338 3184 433 3259 illius
459 3184 692 3261 liberationem
719 3185 941 3280 procuraturi,
970 3185 1098 3258 bellum
1126 3185 1243 3259 contra
1260 3184 1455 3259 Boleslaum
1472 3183 1611 3258 duleum
1631 3183 1694 3258 Ire·

145 3303 360 3398 gnicaensem
387 3305 558 3400 nummo
584 3305 749 3398 indicunt,
777 3308 813 3381 et
839 3329 899 3400 pro
926 3305 987 3379 illo
1013 3289 1171 3400 gerendo,
1191 3328 1257 3397 quo
1283 3304 1408 3380 maiore
1434 3305 1576 3398 possunt
1602 3303 1635 3378 ui
1662 3305 1698 3378 et

140 3426 276 3518 conatu,
305 3428 491 3502 armantur.
519 3428 570 3501 De
597 3427 742 3521 propriis
768 3428 883 3502 autern
909 3426 1037 3501 uiribus
1064 3425 1180 3518 diffisi,
1209 3425 1405 3502 aBoleslao
1431 3423 1556 3498 Pudico
1574 3425 1693 3504 draco·

139 3546 249 3621 riensi
275 3550 311 3621 et
336 3547 618 3638 Scndomiriensi,
647 3547 803 3622 Boloslco
830 3547 891 3622 Pio
917 3547 1134 3639 Calissiensi,
1173 3546 1377 3621 Praemislao
1412 3544 1632 3620 Posnanionsi
1658 3546 1693 3618 et

138 3665 340 3759 Gnesneusi,
368 3667 520 3742 Conrado
546 3667 764 3762 Glogouiensi
790 3668 825 3742 et
851 3667 1040 3744 Wladislao
1059 3667 1242 3761 Opoliensi,
1262 3665 1421 3757 Ducibus,
1441 3664 1544 3740 uariis
1561 3663 1693 3758 suppli-

139 3787 328 3862 cationibus
354 3787 576 3882 interpositis,
605 3788 736 3864 obtinet
761 3811 796 3863 se
824 3788 943 3864 iuuari.
970 3789 1079 3863 Duces
1105 3786 1196 3863 enirn
1224 3787 1381 3881 praefati,
1410 3787 1519 3862 scelus
1545 3784 1693 3860 Boloslai

139 3907 240 3984 Sacri
266 3908 506 4003 Legnicnensis
532 3908 636 3983 Ducis
651 3909 680 4002 ⁷)
707 3909 742 3982 in
769 3910 891 4005 nepote
917 3911 1035 3985 contra
1063 3908 1116 3982 ius
1130 3909 1249 4000 fasque
1268 3907 1453 3982 admissum
1472 3927 1595 4000 magna
1613 3928 1692 3980 exe·

140 4029 289 4103 cretione
316 4029 487 4121 detestati,
516 4029 856 4106 Wratislcrionsibus
872 4031 900 4124 8)
926 4031 1035 4124 petitu
1061 4031 1096 4104 et
1123 4028 1287 4123 promissa
1312 4028 1466 4123 gentium
1483 4049 1620 4102 suarum
1638 4048 1691 4100 so·

140 4150 229 4224 lotia
244 4148 273 4244 ⁹)
299 4150 524 4225 destinarunt.
569 4151 746 4225 Boloslaus
773 4151 886 4225 autern
914 4151 1041 4226 Saeuus
1066 4149 1305 4244 Legnicuousis
1331 4150 1429 4239 Dux,
1458 4147 1607 4222 sentiens
1634 4147 1693 4220 ad-

138 4291 270 4345 uersum
297 4291 332 4343 se
359 4291 419 4363 por
444 4269 743 4346 Wratislauiensss
769 4291 931 4363 magnum
957 4268 1115 4363 apparari
1137 4269 1275 4357 bellurn,
1295 4269 1330 4341 et
1356 4266 1504 4359 quinquo
1531 4264 1690 4340 Poloniae

138 4391 248 4464 Duces
274 4389 345 4464 suis
370 4391 531 4484 gentibus
558 4390 855 4466 wratislavienses
890 4390 1083 4479 adiuturos,
1121 4388 1231 4482 coepit
1265 4390 1301 4462 et
1327 4387 1400 4481 ipse
1426 4407 1590 4480 apparare
1616 4386 1689 4460 eni·

138 4511 217 4584 xius
244 4512 383 4602 bellurn,
411 4513 446 4585 et
472 4511 687 4602 Misenenses,
716 4513 874 4602 Bararus,
903 4511 1039 4600 Suevos,
1069 4510 1222 4586 Saxones
1248 4507 1404 4583 donativo
1431 4507 1466 4579 in
1493 4507 1545 4580 sui
1572 4507 1691 4580 solati·

137 4655 195 4706 um
223 4631 378 4707 conducit
400 4633 453 4726 ¹⁰).
481 4631 631 4707 Tulisset
657 4635 692 4706 et
719 4633 887 4706 Iohannes
913 4631 1062 4705 Merchio
1081 4628 1396 4722 Brandeburgensis
1415 4649 1490 4702 cunr
1509 4650 1570 4702 suc
1588 4629 1690 4720 geute

134 4753 292 4827 Boloslao
319 4752 404 4826 Duci
424 4752 467 4846 ¹¹)
501 4751 722 4848 Legnicaonsi
750 4751 970 4846 suffragium,
1009 4751 1067 4824 sod
1093 4749 1392 4827 Wratislavienses
1426 4751 1567 4822 barones
1594 4770 1614 4820 a
1641 4748 1690 4820 fe·

134 4873 239 4949 rendo
265 4871 414 4948 subsidio
441 4873 541 4946 illurn
568 4873 728 4965 aversuri,
757 4875 903 4964 quotuor
929 4893 1116 4947 marcarum
1143 4871 1231 4947 dare.
1249 4870 1304 4942 illi
1331 4868 1442 4944 millio
1459 4867 1687 4964 paciscuntur;

245 5185 269 5263 ¹)
293 5185 571 5251 Greileusteinensis
595 5185 654 5246 Ea.
677 5185 765 5260 repe.
790 5180 818 5266 Ἰ)
840 5185 932 5244 Ducis
955 5183 1033 5245 deest
1047 5185 1083 5243 ia
1101 5180 1173 5243 Ood.
1196 5180 1268 5243 Aut.
1293 5177 1320 5258 ³)
1342 5180 1454 5242 Ducem
1470 5178 1548 5242 deest
1562 5179 1598 5240 c'n
1615 5177 1686 5240 Ocd.

134 5289 211 5352 Aret.
234 5285 262 5367 ⁴)
283 5289 441 5364 perliceret
466 5285 537 5348 Ood.
561 5289 653 5350 Rorr.
678 5285 705 5368 ⁵)
727 5289 835 5348 milites
858 5289 917 5348 Ed.
941 5289 1027 5362 Lips
1052 5283 1078 5362 6)
1100 5287 1213 5346 Ducem
1242 5285 1320 5346 deest
1334 5287 1370 5346 in
1388 5284 1459 5346 Ded.
1483 5283 1557 5344 Aac.
1584 5279 1610 5358 ⁷)
1625 5282 1689 5342 Du·

134 5395 179 5453 cia
200 5393 283 5456 deest
303 5395 339 5453 in
357 5392 428 5455 (lod.
451 5390 525 5452 Act.
550 5389 579 5470 ⁸)
601 5392 885 5452 Wratislaviensium
906 5391 966 5452 Ed.
990 5391 1078 5464 Lips.
1112 5385 1140 5467 9)
1163 5389 1293 5450 subsidia
1318 5388 1389 5450 Ood.
1412 5389 1504 5450 Itocr.
1522 5451 1525 5458 ,
1542 5384 1583 5463 ¹⁰)
1605 5387 1687 5446 auxi-

133 5499 207 5558 lium
228 5496 351 5556 iuducit.
378 5493 450 5558 Ceut.
474 5495 567 5556 Roar.
595 5492 637 5574 ¹¹)
659 5495 736 5554 Duci
757 5496 836 5557 dccet
850 5497 885 5556 ia
903 5493 973 5558 (iod.
995 5493 1068 5556 Aur.
1662 5508 1665 5516 ·

186 5628 210 5678 e.
222 5629 316 5688 um.
330 5631 416 5676 mucor.
430 5629 509 5674 neon.
524 5629 550 5674 u.
564 5628 597 5674 11.
1499 5613 1532 5662 ⁵⁸
