4172 6278
390 551 464 624 184
1019 567 1132 619 cueee
1159 565 1312 620 snxnus
1670 544 1732 640 (Α.
1751 543 1799 619 Β.
1818 543 1937 642 troo.)

386 756 529 850 quotuor
560 755 685 850 pectes
724 755 872 830 eeeteroe
909 753 1087 830 occidendo
1107 753 1141 848 ¹),
1179 753 1359 843 exurendo,
1400 754 1607 843 mutilando,
1645 756 1680 828 et
1714 754 1877 849 plurimos
1903 754 1936 828 in

388 879 584 972 perpetuum
611 875 805 950 abducendo
832 874 1042 950 seruitutem.
1071 876 1282 970 Expuguetu
1308 878 1343 950 et
1365 879 1466 971 cepte
1492 897 1567 950 erce
1594 875 1801 950 Heliozieusi
1828 877 1936 950 eltu-

386 998 510 1089 thenis,
540 997 678 1093 plurimi
706 998 906 1072 Polonorum
943 1001 977 1072 et
1004 997 1244 1092 Hungerorum
1279 1020 1430 1093 proceres
1458 998 1555 1073 occisi
1585 1001 1645 1072 eut
1672 999 1783 1093 cepti,
1820 999 1937 1089 etqui

387 1143 423 1196 se
450 1143 531 1196 euro
558 1120 720 1198 redimere
748 1122 865 1215 pereto
893 1141 957 1194 nou
987 1122 1155 1214 poterant,
1185 1120 1221 1194 in
1248 1120 1445 1196 seruitutem
1473 1120 1666 1195 renundeti.
1694 1121 1809 1195 Nouus
1837 1120 1937 1194 etium

385 1243 462 1320 Rex
489 1244 690 1318 llolomnnus
717 1241 854 1333 electore,
883 1264 943 1336 per
970 1242 1087 1337 fugem
1114 1244 1260 1338 turpem,
1298 1242 1477 1318 Vincentio
1504 1242 1715 1318 Grecouiensi
1742 1242 1938 1338 episcopeo

386 1367 420 1441 et
448 1367 550 1442 leone
577 1363 779 1441 eenoellerio
807 1363 965 1440 Poloniee
993 1364 1095 1439 simul
1112 1363 1140 1459 3)
1167 1364 1389 1461 fugientibus,
1418 1365 1481 1440 sibi
1510 1365 1691 1440 consuluit.
1735 1365 1859 1440 Eodem
1888 1364 1936 1436 in·

386 1511 603 1584 superenne
631 1488 804 1583 pruefetus
831 1487 1032 1562 colomanus
1064 1487 1255 1562 Selomeem
1282 1487 1460 1582 uirginem,
1489 1509 1634 1563 sororem
1662 1486 1843 1562 lestkonis
1869 1487 1937 1560 Du-

386 1611 434 1686 ois
461 1610 700 1698 Crotoniensis,
730 1609 854 1705 accipit
882 1609 1093 1700 innuerem,
1132 1632 1207 1685 cum
1235 1631 1435 1702 quousque
1463 1611 1504 1684 ed
1533 1613 1673 1692 mortem
1701 1610 1862 1684 coelibem
1889 1609 1937 1684 ui-

385 1737 456 1828 tem
484 1735 620 1824 ducens,
650 1735 684 1807 et
713 1731 777 1806 sibi
805 1734 840 1807 et
868 1731 1016 1806 consorti
1043 1732 1142 1808 decus
1170 1731 1379 1828 uirginitatis
1406 1733 1565 1834 seruerit.

490 1855 669 1950 Philippus
697 1856 775 1928 Dux
802 1855 943 1930 Suouioe
979 1855 1067 1930 ulter
1102 1855 1142 1929 de
1170 1854 1448 1930 coextendeutibus
1463 1854 1491 1948 ⁴)
1519 1857 1559 1930 de
1586 1855 1742 1950 Imperio,
1781 1855 1859 1928 dum
1886 1855 1937 1928 fe-

385 1999 498 2053 uorem
525 1980 560 2052 et
587 1977 817 2052 assistentium
846 1978 1029 2051 incultorum
1057 1975 1253 2070 Principum
1289 1979 1406 2052 contre
1443 1978 1599 2052 Ottonom
1635 1977 1797 2074 Oueruitorn
1825 1976 1938 2051 Pictu-

386 2101 460 2175 uieo
487 2099 715 2174 aduersarium
752 2121 850 2173 suum
886 2099 950 2173 sibi
986 2098 1205 2188 vendicasset,
1244 2099 1279 2172 et
1310 2101 1351 2173 eb
1378 2098 1533 2194 Adolpho
1569 2099 1816 2194 archiepiscopo
1845 2099 1937 2172 (lelo-

386 2221 505 2312 uieusi,
536 2221 594 2314 qui
622 2222 780 2296 Ottonem
808 2223 958 2316 elegerat
985 2223 1020 2296 et
1047 2207 1272 2310 coronaverat,
1307 2221 1410 2296 etiem
1438 2244 1473 2296 se
1500 2221 1651 2296 eoroneri
1679 2243 1776 2316 prece
1803 2224 1838 2295 et
1864 2244 1938 2314 pre-

385 2345 435 2418 tio
462 2343 675 2434 obtinuisset,
705 2343 924 2437 potentieque
951 2365 1013 2418 suu
1040 2343 1199 2418 continuo
1219 2343 1448 2434 invalesceret,
1478 2345 1595 2417 contre
1621 2343 1789 2432 Ottonem,
1818 2343 1938 2417 oBor-

388 2466 498 2540 tbollo
515 2466 542 2559 ⁵)
570 2465 697 2540 comice
724 2465 881 2540 Peletiuo
909 2466 949 2539 de
976 2464 1284 2558 Vitknilinbech⁶),
1314 2464 1371 2558 qui
1393 2467 1523 2560 purtem
1542 2466 1678 2540 tenebat
1705 2465 1850 2555 OttoniS,
1879 2467 1940 2538 sub

387 2610 467 2683 poce
496 2587 657 2662 simulate
684 2587 719 2660 in
747 2588 915 2662 Bemberk
943 2587 1117 2662 occiditur.
1150 2588 1296 2680 Exque
1324 2609 1447 2682 megne
1474 2589 1547 2661 orto
1574 2591 1627 2661 est
1654 2587 1689 2660 in
1717 2586 1940 2680 serenantem

386 2710 574 2801 conunotio,
604 2709 662 2784 sed
689 2733 748 2803 per
775 2709 1011 2784 Innocentium
1038 2711 1177 2805 Papum,
1206 2709 1265 2800 qui
1284 2709 1450 2784 inedium
1479 2712 1514 2783 et
1540 2709 1797 2784 oeusuuonen
1824 2709 1941 2782 domus

386 2833 540 2923 Sueviue,
570 2833 706 2927 propter
733 2832 823 2906 ruele
849 2831 999 2923 Heurici,
1038 2853 1122 2924 queo
1150 2831 1317 2906 commisit
1343 2831 1377 2905 iu
1406 2833 1592 2906 Rorueueru
1620 2831 1818 2922 Ecclesium,
1849 2833 1939 2906 lere·

386 2958 445 3029 but
472 2955 601 3044 Ottoni,
630 2955 778 3028 sedetur.
808 2955 886 3048 Ipse
913 2972 1044 3047 quoque
1071 2955 1162 3044 Otto,
1192 2954 1344 3049 Philippi
1371 2954 1599 3049 competitoris
1626 2953 1678 3027 sui
1707 2954 1779 3028 filie
1797 2955 1938 3049 despon-

387 3081 471 3167 sete,
503 3076 692 3172 pacificatis
719 3079 819 3151 rebus
847 3075 1036 3168 Almonioe,
1074 3076 1167 3151 uenit
1193 3098 1268 3150 cum
1296 3099 1418 3171 urugno
1445 3077 1597 3152 exercitu
1624 3078 1777 3167 Remum,
1806 3081 1842 3150 ot
1870 3099 1939 3150 uue-

388 3222 456 3294 gno
483 3201 607 3275 bonore
634 3200 813 3292 furoreque
840 3201 1028 3293 susceptus,
1058 3198 1165 3293 pridie
1183 3198 1405 3274 delendorum
1433 3199 1586 3274 Octobris
1605 3199 1639 3273 in
1660 3200 1803 3274 ecclesie
1820 3199 1935 3274 Sencti

388 3321 480 3396 Petri
508 3324 551 3396 ub
578 3322 776 3396 Innocentio
804 3323 897 3416 Papo
924 3321 1134 3416 imperialem
1162 3321 1289 3416 recepit
1304 3321 1330 3416 ⁸)
1358 3321 1632 3397 benedictionem.

841 3684 1048 3798 ANNUS
1084 3683 1309 3798 DOMINI
1346 3684 1487 3799 1209.

385 3934 527 4009 ludreee
554 3936 623 4008 ltux
649 3935 828 4026 brugeriae
856 3935 1048 4009 eiectionem
1075 3934 1136 4008 tllii
1163 3935 1215 4008 ml
1242 3934 1282 4008 ulo
1299 3935 1424 4008 breem
1441 3935 1639 4008 llellceiemi
1665 3937 1805 4026 ulturus,
1833 3936 1938 4029 ipre·

385 4077 458 4132 ern
485 4078 603 4150 nemo
630 4059 811 4151 burgbrice
831 4060 866 4130 ct
883 4057 1035 4131 Polouieo
1062 4058 1210 4131 exercitu
1237 4060 1270 4130 tu
1295 4057 1448 4131 fluertem
1475 4059 1595 4132 mittit:
1621 4058 1677 4131 mi
1704 4057 1845 4132 llutlem
1863 4061 1939 4132 flm-

385 4198 484 4271 goroc
513 4186 547 4255 et
573 4181 712 4254 l’olouer
738 4180 914 4273 profligent
941 4185 975 4253 et
1001 4179 1151 4271 creduut,
1178 4180 1354 4253 deleme
1380 4181 1466 4272 bego
1493 4186 1599 4274 cepte,
1628 4200 1722 4275 ouen
1748 4182 1938 4256 leonidem

826 4305 897 4376 brux
924 4321 997 4376 eun
1023 4321 1126 4377 uxore
1153 4302 1285 4377 reddere
1312 4305 1497 4402 tremebit.

488 4543 732 4639 Eieetiouern⁹)
748 4545 810 4619 filii
830 4544 882 4620 sui
902 4545 1073 4621 Colomeni
1091 4547 1132 4622 do
1151 4545 1270 4642 Regno
1288 4545 1553 4622 Helicuionsium
1568 4545 1722 4622 Audiens
1741 4543 1938 4643 Hungeriee

384 4665 460 4741 Rex
487 4665 680 4762 ueritus¹⁰),
709 4668 959 4762 expeditionem
994 4669 1163 4764 insignem
1190 4669 1226 4743 iu
1253 4669 1430 4745 Rutbenos
1465 4691 1588 4764 meguo
1624 4672 1763 4764 sumptu
1798 4674 1834 4746 et
1861 4691 1938 4744 cure

385 4791 573 4884 perederet.
607 4791 672 4865 Pro
698 4792 867 4885 comperto
894 4791 983 4866 euim
1010 4792 1167 4883 bebebet,
1197 4791 1267 4868 fere
1294 4791 1465 4866 uniuersos
1497 4792 1640 4868 Russiee
1666 4793 1776 4868 Duces
1803 4793 1839 4866 in
1868 4794 1938 4867 eius

384 4911 604 4988 deiectionem
639 4912 845 5008 conspirasse
879 4916 915 4988 et
941 4915 1068 4988 bellum
1096 4913 1131 4988 in
1159 4936 1231 4990 eum
1259 4916 1424 4990 pestutum
1451 4913 1609 4989 menimis
1635 4915 1855 5010 epperetibus
1882 4938 1938 5011 ge·

385 5034 526 5108 rendum
562 5033 734 5110 decoxisse
755 5035 817 5130 ¹¹),
855 5036 982 5131 duplex
1019 5037 1145 5111 ruelum
1180 5035 1480 5133 superimpendens
1523 5036 1686 5112 vitaturi:
1733 5061 1860 5130 uuum,
1897 5059 1938 5112 ne

493 5226 516 5306 ¹)
539 5229 708 5290 occidentes
731 5230 792 5290 Ed.
815 5229 912 5288 Βοῦν.
952 5225 1150 5306 l>Episcopo
1176 5229 1254 5291 ῦοοοῦ
1275 5231 1310 5290 in
1337 5228 1408 5290 θοοῦ.
1431 5227 1505 5291 Aut.
1544 5225 1573 5311 ³)
1597 5231 1682 5290 simul
1705 5231 1784 5293 dccet
1805 5231 1842 5292 in
1869 5229 1937 5292 Ood.
2080 5209 2081 5266 3

383 5333 458 5394 Aut.
490 5329 518 5415 ⁴)
542 5334 779 5394 contendentium
802 5332 862 5393 Ed.
885 5334 973 5409 Lipe.
1006 5330 1035 5412 ⁵)
1057 5333 1219 5395 Bertholdo
1246 5333 1317 5395 Cod.
1341 5335 1435 5396 Βοῦν.
1467 5332 1493 5413 ⁶)
1516 5333 1737 5396 Vitkinlinbeeb
1760 5335 1831 5396 eod.
1848 5337 1937 5396 Rorr.
2079 5349 2081 5421 ,

383 5437 606 5517 (Wittelsbecb)
646 5436 830 5515 ⁷)Almeuie
860 5437 919 5498 Ed.
943 5438 1039 5499 Βοῦν.
1078 5435 1107 5517 ⁸)
1130 5440 1246 5514 accepit
1275 5439 1336 5500 Ed.
1359 5439 1454 5500 Βοῦν.
1492 5437 1522 5519 ⁹)
1545 5441 1727 5501 Electionem
1758 5441 1820 5501 Ed.
1844 5441 1935 5502 Βοῦν.
2079 5435 2080 5440 ’

388 5539 428 5622 ¹⁰)
451 5544 573 5601 moleste
596 5542 693 5602 serens
723 5543 792 5606 Coc.
817 5545 909 5605 moer.
955 5541 994 5620 ¹¹)
1017 5543 1184 5604 decrevisse
1210 5543 1280 5606 0⁰¹3·
1304 5545 1396 5608 13⁰²?-
