4192 6272
571 1552 837 1718 LIBER
898 1545 1319 1714 OCTAVUS.

624 2095 832 2209 ANNUS
867 2094 1093 2206 DOMINI
1130 2094 1267 2206 1295.

170 2386 366 2459 Praemialao
393 2383 603 2456 Paanauieual
631 2384 707 2454 huoi
736 2383 776 2452 ch
804 2381 979 2472 singularia
1006 2378 1140 2452 virtutis
1168 2384 1202 2452 ou
1220 2381 1354 2470 pictatis
1382 2380 1553 2470 specimen,
1577 2378 1725 2450 diadema

171 2507 346 2582 universali
373 2510 408 2578 et
434 2503 585 2577 concordi
612 2509 690 2576 voto
718 2505 874 2575 baronum
902 2503 1054 2574 Patauino
1082 2502 1283 2592 decernitnr;
1319 2505 1417 2592 atquc
1451 2501 1521 2592 ipra
1549 2520 1604 2592 por
1631 2499 1726 2572 duca·

172 2648 305 2702 acnuam
350 2627 628 2720 archiepiscopum
668 2626 701 2696 in
741 2625 877 2715 uagom,
918 2643 1053 2696 carrara
1093 2642 1168 2696 voro
1210 2641 1270 2696 aua
1311 2625 1343 2694 in
1380 2623 1535 2714 Reginam
1575 2621 1726 2694 l’olouiae

849 2749 1053 2818 coronantur.

173 2900 426 3104 Benignitca
453 3004 544 3101 Agri
572 3006 727 3086 coelestis
766 3029 809 3080 ex
849 3004 1062 3081 inscrutabili
1091 3005 1321 3101 providentiae
1349 3027 1430 3080 suae
1456 3025 1579 3080 arcano
1606 3006 1729 3080 cuncta

174 3128 390 3224 prospiciens,
419 3131 608 3224 cunctaque
635 3129 765 3205 ratione
791 3131 1005 3224 gubernans,
1036 3127 1235 3202 multifariis
1270 3126 1445 3219 scissuris,
1475 3126 1729 3202 calamitatibus

172 3254 208 3326 et
233 3250 376 3346 guerris,
405 3272 491 3344 qnae
529 3251 565 3326 iu
602 3254 720 3347 ltcguo
760 3251 921 3326 Poloniae
949 3274 968 3324 a
995 3252 1164 3345 tempore,
1205 3271 1271 3344 quo
1299 3248 1350 3324 vir
1377 3249 1522 3326 Sanctus
1549 3253 1583 3326 et
1609 3251 1727 3326 Proto·

172 3375 301 3470 martyr
327 3373 488 3450 Poloniae
527 3374 676 3470 inclytus
712 3373 939 3448 Gracoviensis
979 3372 1156 3468 episcopus
1196 3371 1389 3447 Stauislaus
1424 3375 1467 3448 ah
1504 3371 1607 3468 impia
1634 3373 1729 3467 Rege

172 3495 341 3585 Boleslao,
370 3494 462 3570 felici
490 3518 606 3571 cruore
625 3495 649 3589 ¹)
677 3494 889 3570 membratim
917 3497 1095 3570 truncatus
1122 3495 1193 3586 est,
1223 3493 1438 3570 miseratione
1465 3493 1572 3598 solita¹
1594 3516 1728 3589 compa·

173 3615 275 3707 tiens,
304 3617 340 3693 et
367 3616 550 3712 propitiam
577 3620 681 3708 atque
709 3618 879 3712 placatam
906 3617 947 3691 de
974 3617 1098 3692 scelere
1134 3615 1169 3688 in
1197 3617 1360 3692 Sanctum
1401 3639 1500 3691 suum
1535 3615 1726 3707 commisso,

175 3761 211 3813 ae
238 3739 483 3830 demonstraus,
513 3739 661 3838 lacerum
689 3741 724 3812 et
750 3761 793 3814 ex
820 3761 954 3829 eornm,
984 3737 1043 3831 qui
1072 3738 1106 3812 iu
1134 3737 1328 3833 regionibus
1364 3739 1566 3814 Polcuorum
1602 3736 1728 3833 princi-

173 3860 354 3954 pabantur,
382 3859 517 3935 malitia
544 3861 793 3934 monstruosum
819 3862 854 3934 et
881 3859 1028 3934 deforme
1055 3858 1168 3954 Regni
1196 3857 1356 3933 Poloniae
1392 3880 1512 3954 corpus
1539 3857 1728 3954 reintegra-

175 4004 212 4056 re
250 3983 286 4056 ot
314 3979 459 4076 priscam
486 3981 539 4055 illi
566 3981 721 4077 gloriam,
751 3981 964 4077 priscumque
991 3981 1140 4056 tribuere
1166 3981 1347 4076 disponens
1373 3982 1597 4076 splendorem,
1626 4003 1732 4075 parva

172 4102 226 4176 illi
256 4102 421 4198 primum,
450 4127 515 4196 quo
542 4103 645 4178 altior
671 4103 744 4178 eius
771 4103 908 4178 futurus
935 4103 1045 4178 notari
1081 4105 1196 4198 posset
1230 4103 1423 4198 profectus,
1452 4102 1577 4178 indidit
1613 4101 1726 4176 initia:

173 4224 261 4318 quod
288 4247 388 4319 saepe
416 4223 450 4298 in
477 4226 577 4300 rebus
604 4226 647 4298 ad
674 4247 842 4299 surumum
878 4225 1110 4319 proruptura,
1139 4224 1268 4299 humile
1304 4223 1479 4299 exordium
1514 4223 1730 4314 habentibus
1816 4317 1818 4320 Ι

175 4345 327 4421 videmus
354 4345 559 4442 contingere.
587 4346 774 4422 Suscitavit
801 4369 947 4438 namque
974 4346 1133 4442 spiritum
1161 4345 1225 4422 viri
1252 4343 1378 4421 heroici
1406 4347 1441 4420 et
1468 4368 1508 4420 ea
1525 4346 1733 4440 tempestate

175 4466 333 4558 illustris,
363 4467 558 4542 Prvemislai
585 4467 824 4543 Posuaniensis
851 4467 972 4558 Ducis,
1001 4466 1058 4561 qui
1086 4491 1129 4542 ou
1157 4470 1253 4563 patre
1280 4466 1429 4544 ciusdem
1457 4467 1602 4542 nominis
1630 4469 1730 4542 Prae·

175 4589 293 4664 mislao
321 4588 459 4664 Maioris
486 4589 646 4664 Poloniae
674 4591 774 4680 Duce,
804 4589 845 4663 de
873 4591 1005 4664 vetusta
1031 4590 1164 4684 Regum
1191 4589 1351 4664 Polouiue
1379 4590 1474 4666 domo
1502 4590 1645 4664 ducente
1663 4588 1730 4663 ori·

175 4709 311 4806 gineur,
340 4709 411 4786 viro
438 4711 611 4806 spectatae
650 4710 790 4806 pietatis
830 4710 976 4805 acquae
1017 4711 1175 4802 virtutis,
1204 4714 1239 4786 et
1275 4709 1517 4786 ferventissimi
1554 4709 1732 4806 religionis

173 4831 384 4906 Christianae
411 4831 563 4924 calteria,
592 4834 627 4907 et
652 4855 696 4907 ex
722 4831 900 4907 Elisabeth
926 4832 1077 4924 Ducisan,
1107 4831 1233 4908 famina
1272 4831 1432 4927 religiosa
1468 4832 1572 4926 atque
1599 4832 1729 4922 devota,

172 4953 295 5042 editus,
329 4951 544 5046 eiusdemque
573 4952 693 5028 matris
720 4953 838 5028 solerti
865 4953 977 5028 studio
1004 4956 1040 5028 ot
1065 4975 1146 5029 cura
1172 4955 1214 5028 ab
1242 4952 1380 5028 ineunte
1406 4953 1541 5044 aetate,
1568 4951 1732 5028 virtuosis

173 5072 321 5148 moribus
348 5075 461 5168 (pater
487 5074 578 5149 euim
605 5075 685 5149 ante
720 5075 918 5150 nativitatis
957 5097 1038 5150 suae
1078 5075 1166 5151 diam
1207 5074 1353 5170 obierat)
1393 5074 1568 5167 eruditus,
1597 5075 1730 5150 adhoc

175 5217 279 5268 unum
305 5194 491 5270 sollicitum
518 5195 669 5270 studium
695 5195 911 5289 anianumque
939 5195 1140 5288 intenderat,
1170 5197 1208 5270 ut
1236 5195 1399 5289 reliquias
1417 5194 1549 5293 patriae
1569 5218 1636 5270 nou
1655 5197 1727 5271 tam

288 5473 311 5554 1)
335 5475 437 5536 tenore
463 5474 536 5538 coa.
562 5477 655 5538 noar.
681 5474 707 5554 α)
731 5483 761 5540 eo
788 5477 859 5542 eoo.
882 5479 978 5540 noar.
1017 5441 1019 5446 ’
