4162 6288
165 535 227 632 (Α.
247 534 296 612 D.
316 535 429 637 1211.)
778 559 890 619 ursus
916 559 1110 620 sarsurus.

288 873 521 952 wodanum
547 873 746 950 terdonae·
772 875 943 952 toleslaos
971 875 1180 952 barbarismis
1206 879 1278 954 oux
1303 879 1390 952 bello
1418 881 1596 974 reauporrt.

270 1115 377 1190 Parta
402 1115 439 1190 et
465 1106 676 1210 sponsionem
697 1115 721 1210 ¹)
747 1116 787 1189 de
805 1114 1018 1191 restituenda
1044 1117 1245 1193 castellania
1271 1117 1441 1195 Laudensi
1467 1117 1593 1195 iniuste
1619 1139 1716 1194 oeen-
1783 1150 1785 1154 ·

166 1237 260 1332 pata,
298 1236 470 1311 Kaaimiro
496 1235 707 1333 Cupauiensi,
740 1237 950 1314 Laneieienei
977 1240 1013 1314 et
1039 1237 1224 1314 Siradiensi
1259 1241 1361 1332 Duos,
1399 1241 1440 1317 de
1475 1240 1597 1333 quibus
1628 1241 1717 1316 inter

166 1359 268 1433 illum
296 1361 332 1434 et
357 1359 550 1434 Boloslaum
577 1358 676 1433 Pium
704 1359 942 1436 Oelissiensem
969 1361 1094 1436 Darem
1131 1363 1305 1437 eontraetu
1341 1361 1469 1457 duplici
1505 1364 1716 1454 eonvenerat,

166 1505 234 1556 nou
261 1481 415 1556 servante
430 1480 469 1574 ⁷),
497 1481 673 1576 praefatus
700 1482 877 1556 Boleslaus
905 1481 987 1556 Pius
1023 1482 1234 1559 balissiensis
1269 1485 1348 1557 Dux
1383 1506 1459 1560 oum
1489 1484 1626 1560 Maioris
1652 1487 1717 1560 Po·

165 1602 278 1678 loniae
306 1601 473 1677 militibus
500 1601 673 1677 hostiliter
709 1603 797 1678 eirea
834 1603 959 1678 festum
995 1603 1113 1679 Saneti
1149 1605 1400 1681 Bartholomaei
1426 1603 1584 1701 Apostoli
1611 1607 1720 1682 terras

165 1723 336 1820 (lupariae
362 1723 515 1814 intrauit,
548 1725 583 1798 et
609 1723 690 1798 illas
717 1726 861 1818 vastare,
890 1725 1074 1820 spoliisque
1109 1724 1245 1802 affieere
1280 1726 1401 1822 eoepit.
1446 1726 1499 1802 Ad
1525 1750 1626 1821 quem
1653 1726 1719 1804 etsi

166 1843 363 1922 Karimirus
390 1843 607 1940 Oupariensis
633 1846 712 1919 Dux
738 1845 869 1920 nuntiis
895 1845 1009 1921 missis
1036 1846 1286 1952 restitutionem
1309 1847 1529 1926 castellaniae
1561 1849 1717 1924 Lauden-

166 1967 216 2042 sis
241 1967 378 2060 obtulit,
407 1967 585 2043 Boleslaus
611 1969 726 2043 tamen
753 1967 966 2044 dalissiensis
988 1969 1067 2042 Dux
1093 1968 1234 2043 illusum
1262 1991 1298 2045 ee
1324 1969 1393 2044 iam
1425 1971 1534 2046 altera
1559 1969 1631 2046 uiae
1649 1992 1719 2044 ree·

168 2089 339 2184 pendens,
368 2111 435 2163 non
462 2088 557 2183 prius
583 2088 697 2183 eopias
724 2111 767 2164 ex
794 2089 942 2184 boponis
969 2090 1128 2181 deduxit,
1162 2091 1265 2166 donee
1301 2090 1465 2166 medietas
1500 2091 1602 2166 aaetri
1629 2093 1719 2166 Len·

168 2209 284 2285 densis
309 2210 345 2284 et
376 2211 524 2285 oestrum
552 2211 640 2301 quod
666 2209 861 2284 Ksaimirus
888 2210 1107 2307 (lupariensis
1133 2212 1212 2285 Dux
1238 2207 1485 2304 aedifieauerat
1514 2211 1632 2288 sibiet
1650 2211 1721 2288 suis

167 2329 372 2406 offiaialibus
398 2331 493 2406 fuere
518 2330 661 2421 reddita,
690 2333 724 2407 et
751 2331 913 2407 medietas
943 2331 1122 2408 Wolimiro
1158 2333 1312 2428 episeopo
1339 2331 1616 2410 Wladislariensi
1642 2335 1720 2428 post
1810 2359 1812 2363 ·

167 2452 235 2527 sibi
262 2474 368 2545 seque
394 2453 569 2544 medenda,
598 2452 666 2527 tuit
692 2451 877 2548 resignate.
914 2453 1064 2528 Pertulit
1090 2455 1125 2529 et
1151 2453 1246 2528 aliud
1271 2453 1466 2530 Karimirus
1503 2453 1721 2550 (lupariensis

166 2576 249 2648 Dux
275 2574 451 2669 praefatus
469 2576 532 2650 sub
550 2555 664 2650 eodem
690 2577 840 2670 tempore
867 2574 1082 2652 infelieitatis
1109 2575 1300 2672 eulogium:
1328 2577 1393 2652 duo
1420 2577 1545 2652 etenim
1571 2575 1637 2650 filii
1654 2576 1719 2668 sui,

110 2699 125 2715 “
166 2696 296 2772 lestko
311 2693 340 2790 ³)
366 2694 473 2792 Niger
500 2697 536 2772 et
561 2695 753 2790 Zemomisl,
783 2717 866 2789 quos
893 2698 933 2774 de
961 2697 1071 2793 prima
1097 2717 1201 2774 uxore
1237 2699 1440 2793 suseepetet,
1478 2721 1620 2776 noverea
1646 2719 1720 2790 sua,

168 2819 281 2894 altera
314 2815 501 2914 patrissui
528 2839 633 2893 uxore
645 2873 764 2893 ......
780 2817 808 2914 ⁴)
845 2818 918 2895 tilia
943 2819 1167 2914 Suantopelei
1194 2819 1412 2896 Pomeraniae
1438 2819 1541 2896 Dueis
1576 2822 1722 2914 (falsane
1864 2819 1866 2824 '

168 2963 215 3016 au
241 2961 329 3032 rere,
359 2963 419 3034 pro
445 2939 653 3035 ineomperto
680 2941 882 3036 habebatur)
909 2943 998 3034 quod
1024 2942 1103 3018 illos
1129 2963 1256 3017 ueneno
1282 2943 1403 3018 tollere
1421 2943 1609 3034 sonaretur,
1637 2941 1720 3017 iusi-

168 3062 311 3152 mulata‚
341 3063 438 3155 patre
464 3061 607 3154 desorto,
635 3062 817 3138 Zemomisl
843 3061 1084 3155 Lanaiaiensis
1120 3065 1246 3139 Lestlro
1278 3062 1385 3158 Niger
1411 3063 1624 3157 Siradiensis,
1653 3066 1721 3139 ter·

124 3237 126 3240 -
168 3205 225 3257 ras
251 3185 287 3258 et
312 3183 435 3275 eastra,
473 3182 745 3277 munitionesque
780 3207 906 3275 earnm,
945 3185 1125 3260 baronibus
1160 3186 1196 3261 et
1227 3184 1395 3260 militibus
1431 3187 1598 3261 terrarum
1625 3207 1721 3280 prae-

167 3304 335 3379 dietarum
362 3304 547 3380 universali
573 3325 714 3381 assensu
741 3306 775 3381 et
803 3307 937 3398 farore,
965 3306 1180 3402 tyrannidem
1207 3305 1317 3402 patris
1347 3327 1461 3384 eorum
1496 3306 1662 3382 Kaaimiri
1689 3309 1724 3382 et

169 3425 360 3502 iniustitias
386 3426 526 3522 perosis,
555 3425 591 3500 in
618 3448 732 3504 eorum
759 3427 999 3505 subiectionem
1026 3428 1295 3523 eoncedentibus,
1324 3430 1501 3524 oaaupant,
1530 3429 1565 3504 et
1592 3429 1722 3506 detine-

169 3549 254 3624 bant
280 3549 383 3646 longo
410 3549 561 3656 tempore
587 3549 760 3644 oeeupata.

574 3915 808 3989 truellerorum
835 3918 977 4009 quatuor
1002 3919 1113 3990 restra
1140 3882 1320 4008 rapiuntur.

276 4157 478 4233 Sassursum
514 4158 668 4234 fauturus
699 4156 902 4234 Christianis
930 4157 966 4231 iu
992 4156 1133 4232 Prussie
1158 4158 1254 4232 elada
1281 4156 1444 4252 peruulsis
1459 4156 1506 4252 6),
1541 4155 1658 4232 domes
1683 4157 1725 4232 de

171 4281 349 4375 Barboyge
362 4279 392 4373 6)
432 4301 508 4355 eum
546 4301 607 4353 sua
642 4277 769 4354 militia
804 4277 977 4354 Prussiam
1014 4278 1151 4355 advenit
1186 4280 1222 4353 et
1254 4279 1472 4354 Zambienses
1508 4277 1665 4354 caedibus
1692 4280 1727 4352 et

170 4400 291 4495 spoliis
326 4399 462 4476 sffieere
499 4399 620 4495 eoepit.
666 4400 771 4496 Quem
806 4399 1020 4476 Zombienses
1053 4401 1090 4474 in
1117 4399 1171 4476 die
1198 4400 1342 4476 Sanetus
1376 4399 1523 4496 Agnetis
1558 4398 1725 4495 aggressi,
1753 4483 1756 4490 ,

171 4520 313 4597 devietis
340 4521 412 4596 suis
438 4521 554 4616 sepiis,
585 4521 747 4597 Comitem
775 4521 896 4616 ipsum,
925 4521 1081 4616 pluribus
1108 4521 1179 4596 suis
1198 4521 1326 4615 oeoisis,
1355 4521 1542 4616 captivant.
1571 4523 1617 4596 Et
1635 4521 1726 4616 post-

173 4643 257 4719 haee
282 4642 431 4718 eastmm
457 4641 638 4738 Helisberg
651 4642 681 4737 ⁷)
708 4643 872 4735 obsident,
901 4643 989 4736 quod
1017 4642 1128 4738 magis
1155 4665 1176 4718 a
1201 4644 1303 4737 fame,
1333 4665 1434 4737 quam
1461 4645 1504 4718 ab
1530 4665 1644 4719 eorum
1671 4665 1726 4717 ar-

173 4763 240 4838 mis
267 4765 513 4860 expugnatum,
551 4763 731 4839 bruaiferis
767 4787 811 4840 ex
837 4787 875 4840 eo
903 4763 1007 4838 saluis
1042 4764 1303 4858 discedentibus,
1340 4765 1602 4856 eonsequuntur.
1648 4763 1728 4838 Tria

174 4884 295 4963 deinde
330 4888 453 4977 eastra,
490 4908 611 4961 nomen
646 4885 876 4964 Christianum
912 4885 1041 4962 erasuri
1072 4887 1113 4963 de
1140 4888 1242 4980 terra,
1283 4885 1532 4979 circumsident,
1570 4884 1729 4962 videlieet

284 5092 307 5172 ι)
330 5095 421 5156 Paeto
437 5100 468 5156 et
482 5096 640 5172 sponsione
664 5090 735 5159 Ood.
758 5096 851 5158 noar.
884 5092 992 5174 ⁹)non
1007 5097 1132 5158 servatis
1159 5091 1230 5158 Ood.
1254 5097 1347 5158 Rosr.
1379 5093 1406 5174 ³)
1428 5094 1544 5156 Leszlro
1560 5093 1621 5156 Ed.
1637 5094 1726 5170 nipe.

176 5195 206 5277 ⁴)
229 5199 348 5261 Nemea
369 5201 518 5262 secandae
539 5201 646 5262 adoris
668 5201 825 5262 Kasimire‘
847 5199 946 5262 Daris
971 5197 1163 5264 Outaoieaeis
1186 5199 1264 5263 deest
1285 5202 1321 5262 ia
1343 5201 1482 5262 meabas
1507 5197 1617 5273 Oodd.,·
1643 5199 1723 5259 basae

174 5305 275 5364 aorem
296 5301 484 5364 Eufrosinam
505 5307 639 5365 noemam
661 5302 765 5376 faisse,
788 5303 955 5380 diplomata
976 5303 1122 5366 exhibeat.
1154 5300 1183 5384 ⁵)
1205 5305 1237 5365 in
1251 5306 1335 5366 clade
1358 5321 1424 5365 oum
1445 5303 1579 5366 herberie
1598 5319 1728 5378 pagnan-

175 5407 264 5479 tibns‚
286 5407 443 5482 plurimam
465 5407 627 5470 debilitatis
651 5414 681 5470 et
702 5407 856 5484 perculsis,
879 5409 910 5468 iu
931 5409 1053 5470 Prussie
1074 5409 1268 5472 militantibus
1293 5405 1365 5474 Cod.
1387 5409 1479 5477 Βοῦν.
1515 5403 1542 5494 ⁸)
1564 5407 1729 5489 Barboigas
1817 5427 1822 5433 ·

184 5509 255 5575 Ood.
278 5510 372 5578 Roar.
395 5509 445 5598 (de
466 5510 577 5602 Barbp)
617 5509 827 5603 pneusourg
853 5511 925 5586 coa.
947 5513 1040 5587 Roas,
