4192 6272
142 548 208 647 (Α.
230 549 276 627 D.
295 549 415 646 1285.)
756 576 869 630 amun
895 576 1088 632 surrmrus.

169 964 387 1039 Praemittens
421 967 651 1040 durachiensis
677 959 748 1040 lior
774 973 852 1060 post
878 969 1112 1060 iugulationem
1139 971 1255 1062 prioris
1281 971 1395 1044 uxoris
1422 989 1502 1045 succ
1528 973 1666 1046 alteram

519 1088 715 1180 superducit,
742 1089 844 1162 tiliam
870 1090 1023 1165 uidelicet
1049 1092 1146 1183 hogis
1168 1093 1317 1167 tucciae.

205 1320 207 1326 ’
246 1325 457 1400 Succesorcm
484 1327 519 1400 et
544 1327 720 1402 haeredem
747 1327 973 1402 Praemislaus
1008 1329 1145 1404 Maioris
1181 1328 1341 1404 Poloniae
1376 1331 1454 1404 Dux
1490 1332 1691 1407 exaestuans

136 1443 341 1536 relinquere,
370 1446 465 1520 cuius
492 1447 850 1540 rei'contemplatioue
878 1451 913 1522 et
935 1456 1100 1542 respectu,
1116 1431 1306 1523 'hukerdim
1324 1450 1350 1542 ¹)
1377 1453 1564 1525 consortem
1582 1473 1689 1541 suam,

136 1565 234 1639 relnt
261 1564 423 1657 sterilem,
453 1565 671 1641 insimulatus
685 1569 737 1642 est
756 1591 813 1662 per
831 1569 1000 1644 satellites
1018 1590 1096 1643 suos
1116 1569 1233 1665 iugulo
1255 1570 1444 1662 sustulisse,
1467 1571 1647 1645 Richszam
1662 1571 1691 1664 Ἰ)

136 1683 306 1778 uirginem
334 1683 441 1759 liliam
469 1685 606 1760 Sueciae
633 1685 739 1778 Regis
766 1686 890 1780 accipit
917 1687 953 1760 iu
980 1693 1137 1777 uxorem,
1175 1691 1210 1762 et
1245 1689 1422 1763 undecima
1458 1689 1610 1764 Octobris
1638 1689 1690 1763 die

133 1803 330 1896 adductam,
359 1804 548 1880 Poenaniae
576 1805 773 1899 nuptiarum
799 1807 947 1890 celebrat
975 1809 1226 1884 solennitatem.
1255 1809 1304 1882 De
1333 1808 1545 1903 iugulatione
1571 1810 1685 1884 autem

135 1923 255 1999 uxoris
282 1925 427 2018 praefati
454 1925 557 2000 Ducis
585 1925 781 2002 Praemislai
808 1927 986 2020 hukerdis,
1016 1950 1100 2020 quae
1128 1930 1201 2003 erat
1219 1951 1261 2003 ex
1281 1929 1439 2024 prosapia
1457 1929 1688 2002 Marchionum

136 2045 493 2140 Braudeburgensium
517 2046 707 2141 progenita,
738 2045 772 2119 in
800 2047 1045 2122 execrationem
1072 2051 1142 2122 tam
1170 2049 1257 2123 foedi
1285 2049 1432 2139 sceleris,
1452 2049 1521 2123 Deo
1548 2048 1688 2143 permit-

133 2165 242 2255 tente,
271 2166 420 2240 carmina
445 2167 612 2262 uulgaria,
641 2170 684 2242 ab
710 2167 904 2262 agrestibus
930 2169 1058 2243 ruditer
1085 2168 1289 2263 composita,
1319 2168 1439 2263 lingua
1465 2169 1624 2244 Polonica
1651 2169 1686 2242 in

133 2284 282 2359 theatris
308 2307 414 2378 usque
441 2287 483 2360 ad
511 2289 626 2361 nostra
652 2288 804 2382 tempora
839 2289 1063 2362 canebantur:
1101 2288 1137 2362 in
1172 2289 1295 2382 quibus
1332 2289 1486 2382 praefata
1520 2289 1687 2364 hulerdis

133 2406 331 2480 obsecrabat
357 2408 483 2482 Ducem
511 2407 763 2499 Praemislaum,
793 2407 858 2481 sibi
885 2407 991 2482 uitam
1018 2431 1085 2482 non
1112 2408 1217 2503 eripi,
1255 2409 1312 2484 sed
1349 2408 1385 2482 in
1422 2409 1598 2502 paternam
1626 2408 1684 2482 do-

134 2547 229 2600 mum
256 2525 357 2602 etiam
387 2527 423 2601 in
450 2527 573 2622 pannis
600 2527 724 2602 rilibus
751 2527 880 2603 deduci.

646 2891 776 2965 termas
803 2891 835 2964 in
862 2827 1174 2984 imratepcstilcri.

239 3127 396 3204 Pestiferi
423 3150 561 3222 uermes,
590 3131 714 3205 caudas
741 3131 837 3205 velut
862 3131 973 3206 cancri
1000 3132 1173 3223 habentes,
1202 3131 1238 3205 in
1264 3131 1356 3206 terra
1382 3129 1538 3206 Prussiae
1557 3131 1592 3204 in
1611 3155 1682 3207 ma·

131 3269 204 3343 gna
230 3249 449 3324 multitudiue
475 3249 564 3325 circa
590 3248 728 3343 finem³)
754 3250 846 3325 Iunii
874 3252 999 3326 mensis
1026 3252 1221 3343 ebulliunt,
1238 3253 1272 3326 et
1300 3253 1414 3346 plures
1443 3253 1602 3327 mortales
1620 3275 1680 3326 suo

131 3370 228 3444 tactu
253 3371 473 3465 extinguunt.
501 3371 592 3445 Adeo
619 3371 708 3446 onim
736 3394 849 3446 corum
875 3373 994 3447 tactus
1016 3372 1157 3446 lethalis
1184 3371 1322 3463 extitit,
1362 3375 1401 3447 ut
1438 3395 1681 3465 quemcumque

132 3491 241 3566 rostro
268 3491 486 3586 pupugerint,
514 3493 621 3568 altero
640 3494 701 3568 aut
727 3491 829 3567 tertio
857 3491 910 3568 dic
936 3493 1204 3568 exanimabatur.

129 3872 277 3946 thamari
304 3874 497 3966 hungariam
523 3874 619 3964 longe
646 3875 778 3965 lateque
806 3877 1014 3966 comesturi,
1042 3878 1076 3946 ct
1103 3874 1217 3947 multis
1244 3873 1402 3964 occissis,
1431 3872 1590 3966 quasdam
1618 3877 1680 3948 ter·

511 4013 566 4066 ras
592 3995 720 4086 inperii
746 3994 1103 4086 donsteutircpclitari
1131 3998 1298 4086 occupant

234 4231 352 4309 Maiori
378 4233 491 4308 autem
519 4233 666 4328 pernicie
693 4233 871 4327 Huugaria
898 4257 919 4308 a
945 4232 1132 4325 Theudoria,
1170 4255 1272 4324 quam
1299 4232 1437 4307 Prussia
1463 4255 1484 4306 a
1509 4233 1680 4307 rerunibus

128 4353 260 4427 afflicta
285 4354 349 4428 est.
377 4353 424 4426 Hi
450 4353 615 4444 siquidem
642 4376 663 4426 a
689 4353 852 4445 domania,
882 4376 965 4445 quos
992 4353 1150 4448 Huugari
1178 4353 1344 4444 uicerant,
1373 4352 1552 4444 instigati,
1581 4353 1678 4426 Huu-

126 4473 259 4568 gariam
287 4473 377 4547 infra
404 4475 538 4548 octavas
564 4473 776 4567 Epiphaniae
792 4474 818 4566 ³)
844 4473 1040 4563 adveniunt,
1069 4474 1104 4546 ot
1131 4472 1288 4547 caedibus
1315 4472 1500 4566 spoliisque
1527 4494 1601 4546 earu
1620 4493 1676 4545 us·

126 4615 193 4685 que
219 4594 262 4668 ad
288 4594 370 4668 Post
395 4595 431 4667 et
456 4593 587 4666 Budam
615 4594 833 4686 peruastant,
862 4595 962 4667 tanta
997 4593 1077 4667 freti
1115 4592 1354 4683 multitudine,
1393 4593 1431 4665 ut
1468 4592 1679 4667 Wladislaus

126 4713 327 4808 Hungariac
354 4714 429 4788 Rex
456 4711 614 4808 congredi
641 4734 717 4788 cum
744 4713 816 4786 illis
843 4713 1007 4787 timuerit.
1035 4711 1173 4786 Diutius
1200 4713 1313 4787 autem
1340 4711 1499 4785 'l'hartari
1526 4711 1561 4784 in
1589 4714 1677 4786 Pen-

125 4833 238 4908 noniis
264 4855 370 4927 usquc
397 4836 473 4927 post
500 4834 589 4908 festa
603 4833 631 4926 ⁵)
658 4835 806 4908 Paschae
833 4833 1039 4924 commorati,
1067 4834 1201 4906 tantum
1229 4832 1301 4905 illis
1316 4831 1345 4926 6)
1381 4831 1568 4906 intulerant
1606 4831 1675 4904 dis-

125 4953 297 5048 pendium,
326 4957 365 5028 ut
386 4953 564 5048 pecoribus
592 4953 627 5024 et
654 4953 814 5028 iumentis
841 4953 1092 5044 deficientibus,
1130 4953 1282 5027 homiues
1317 4952 1415 5045 bigas
1450 4952 1613 5026 trahendo
1640 4955 1675 5026 et

124 5076 250 5167 aratra,
271 5073 377 5150 ricem
396 5095 551 5168 pecorum
579 5074 786 5167 supplerent.
815 5073 959 5149 Grandis
985 5073 1122 5149 medem
1150 5072 1352 5163 mortalitas
1380 5093 1468 5162 quac
1495 5072 1604 5145 multa
1621 5094 1675 5146 eo·

233 5347 258 5433 ¹)
281 5351 447 5411 Lulrerdam
465 5348 534 5410 C'od.
557 5347 629 5409 Aut.
661 5345 690 5426 Ω)
713 5349 832 5408 ltiksam
866 5350 937 5410 Occi.
960 5350 1054 5410 Roar.
1086 5346 1115 5427 ³)
1138 5351 1167 5408 in
1190 5349 1247 5408 tine
1274 5347 1343 5411 (lod.
1366 5349 1458 5409 Rour.
1493 5342 1519 5424 4)
1542 5345 1672 5444 Epipha-

123 5455 238 5516 nicrum
264 5451 335 5514 Coei.
358 5455 451 5514 Beer.
479 5448 507 5527 5)
529 5457 597 5526 post
619 5449 726 5510 festum
749 5451 808 5511 Ed.
832 5449 920 5527 Lips.
946 5448 974 5526 6)
997 5453 1152 5524 Huugaris·
1171 5447 1243 5511 (lod.
1269 5452 1362 5511 Roar.

175 5588 196 5631 J.
209 5587 302 5638 Dreros.
316 5586 401 5629 Hister.
416 5585 494 5628 Polou.
509 5585 535 5626 ¹1¹.
549 5585 581 5626 11.
1485 5589 1514 5635 51
