4162 6288
418 509 494 581 448
1021 535 1134 588 arnna
1161 536 1355 591 snrrmroe.
1698 521 1760 618 (Α.
1781 521 1827 599 D.
1848 525 1965 623 1278.)

416 715 506 790 oculi
532 715 636 808 rubri,
666 716 759 813 ignei
785 719 821 793 ct
847 719 1061 816 flammigeri,
1098 724 1214 799 cervix
1249 724 1285 799 in
1320 747 1498 821 caprarum
1534 729 1635 825 caput
1670 732 1856 808 desinebat.
1895 734 1964 829 Quo

414 836 486 913 riso
513 838 660 913 universi
687 839 745 933 qui
773 845 1008 934 convenerant,
1036 846 1108 918 tam
1136 845 1269 940 ingenti
1296 870 1418 942 parcre
1445 850 1584 925 attoniti
1612 854 1704 945 eunt,
1743 856 1781 927 ut
1808 857 1962 932 crucibus

415 961 451 1032 et
477 959 614 1034 uexillis
641 959 783 1054 relictis,
825 963 934 1056 palati
962 967 997 1039 et
1022 967 1252 1058 tremebundi,
1290 991 1356 1062 quo
1383 993 1547 1065 quemque
1574 995 1645 1048 sors
1671 975 1794 1066 ferret,
1823 976 1965 1073 diffuge-

414 1082 503 1170 rent,
531 1103 672 1172 quorum
700 1085 854 1158 nonnulli
879 1086 1038 1159 morbidis
1066 1089 1234 1163 ulceribus
1261 1091 1354 1165 fuere
1380 1094 1514 1168 attacti.
1543 1096 1729 1181 Monstrum
1755 1097 1869 1172 autem
1896 1101 1963 1174 ter-

411 1221 486 1276 rore
512 1201 704 1277 hominibus
732 1205 875 1300 ingesto,
905 1206 940 1278 in
968 1230 1090 1300 aquam
1119 1213 1239 1284 subtus
1265 1212 1409 1306 glaciem
1437 1214 1595 1289 desiliens
1621 1219 1656 1291 et
1683 1241 1742 1312 per
1769 1219 1864 1292 lacus
1887 1243 1958 1294 arn·

412 1323 616 1416 plitudinem
643 1326 740 1448 quasi
769 1328 952 1422 pennigero
979 1331 1094 1405 volatu
1122 1333 1322 1425 discurrens,
1351 1336 1532 1430 strepitum
1547 1338 1699 1414 etiamst
1717 1339 1866 1414 sonitum
1885 1341 1963 1415 hor-

411 1443 544 1520 ribilem
571 1446 702 1521 edebat.

436 1811 631 1884 Premisloua
652 1811 823 1886 Bchemiae
842 1813 910 1886 lter
937 1815 1041 1887 tracto
1069 1816 1198 1890 loedere
1225 1837 1298 1890 cum
1316 1817 1484 1914 Radolpho
1512 1821 1726 1894 bomancmrn
1752 1823 1847 1914 lisga,
1874 1823 1934 1896 tn-

435 1933 552 2005 rtriam
579 1951 651 2006 curn
679 1935 824 2007 exercitu
852 1936 1035 2026 ingrersus,
1063 1955 1083 2008 a
1111 1939 1181 2010 suis
1208 1939 1375 2030 proditus,
1407 1960 1463 2031 per
1489 1939 1689 2033 badulpbum
1716 1945 1874 2018 sternitur
1900 1951 1935 2018 ct

859 2057 1035 2129 occiditur:
1063 2059 1115 2129 coi
1142 2059 1229 2130 llius
1256 2060 1327 2132 eius
1354 2062 1511 2134 succedit.

510 2295 625 2370 Paetis
652 2297 687 2371 et
714 2295 855 2387 foedere,
884 2295 1007 2390 quibus
1033 2298 1239 2373 Premislaus
1266 2299 1352 2374 aliae
1379 2301 1563 2376 Ottokarus
1590 2302 1772 2378 Bchemiae
1798 2305 1875 2380 Rex
1893 2329 1954 2401 pa-

406 2439 479 2492 cem
505 2439 581 2492 cum
609 2417 785 2512 Radolpho
804 2419 829 2512 1)
856 2419 1082 2493 Romanorum
1110 2421 1203 2515 Rege
1231 2425 1472 2516 composuerat,
1502 2423 1657 2516 irritatis,
1679 2428 1851 2501 vexabant
1866 2428 1954 2501 enim

403 2538 627 2612 Premislaum
654 2539 802 2615 cordacis
829 2540 972 2634 spiritus
999 2541 1121 2631 virum,
1141 2541 1293 2635 Austria,
1315 2543 1431 2635 Stiria,
1451 2544 1693 2639 carinthiaque
1708 2545 1737 2640 Ἰ)
1763 2547 1953 2642 ademptae,

403 2661 531 2735 bellum
558 2661 673 2754 itaque
698 2685 741 2736 ex
768 2662 912 2756 integro,
941 2685 1001 2758 epe
1032 2665 1332 2757 recuperandarum
1359 2666 1592 2760 adempturum
1619 2669 1796 2761 terrarum,
1824 2692 1846 2743 a
1872 2693 1954 2744 non·

406 2783 512 2857 nullis
539 2783 641 2857 etiam
668 2782 848 2857 baronibus
875 2784 1057 2860 Bchemiae
1082 2785 1204 2859 callido
1232 2786 1342 2880 magis
1369 2809 1469 2880 quam
1496 2809 1577 2863 sano
1604 2789 1741 2864 consilio
1769 2789 1812 2863 ad
1830 2791 1865 2864 id
1882 2791 1953 2864 bel-

404 2906 476 2980 lum
503 2904 773 2997 incendentibus,
801 2927 976 2998 renovans,
1013 2929 1089 2981 cum
1116 2907 1206 2982 omni
1233 2908 1344 3002 Regni
1373 2909 1425 2982 sui
1452 2909 1604 3010 potentia
1630 2909 1666 2982 in
1692 2909 1867 2984 Austriam
1894 2934 1949 2986 re·

403 3026 467 3117 nit,
496 3029 532 3100 et
557 3049 632 3102 eam
658 3026 787 3121 rapinis
813 3029 847 3102 et
874 3027 1038 3101 incendiis
1074 3031 1206 3103 vastare
1240 3030 1362 3124 coepit.
1398 3028 1542 3104 Admoto
1577 3029 1697 3105 deinde
1731 3032 1884 3106 exercitu
1911 3033 1951 3106 ad

403 3150 550 3222 castrum
577 3147 828 3238 Drosnendorff,
857 3147 943 3220 illud
970 3147 1142 3222 celerrime
1175 3152 1362 3244 expugnat.
1400 3149 1470 3244 Quo
1497 3151 1695 3245 Radolphus
1722 3152 1948 3227 Romanorum

402 3269 477 3344 Rex
504 3272 684 3364 comperto,
713 3270 898 3344 exercitum
926 3271 960 3343 et
988 3269 1060 3364 ipse
1087 3292 1130 3344 er
1156 3270 1310 3344 omnibus
1337 3271 1476 3365 Imperii
1496 3272 1595 3347 terris
1614 3275 1811 3368 congreget,
1830 3276 1866 3348 et
1883 3275 1949 3347 Da·

401 3391 502 3466 nubio
529 3391 684 3483 transito,
714 3391 936 3466 Premislaum
963 3390 1144 3466 Bchemiae
1171 3391 1299 3484 Regem
1318 3393 1360 3466 ad
1388 3392 1522 3468 flumem
1540 3393 1685 3468 lloraua
1701 3393 1829 3469 stativa
1846 3417 1947 3489 agen·
1990 3465 1997 3482 ,

400 3515 470 3587 tem
497 3513 649 3607 occupat,
690 3513 725 3587 et
753 3512 972 3587 multitudine
999 3512 1167 3587 exercitus
1194 3513 1313 3605 fretus,
1342 3535 1462 3588 corona
1488 3513 1609 3609 cingit.
1645 3516 1730 3590 Erat
1765 3515 1949 3590 Premislao

401 3633 582 3708 Bchemiae
609 3633 697 3728 Regi
734 3635 814 3708 baro
841 3633 978 3727 quidam
1013 3633 1182 3708 Bohcmue
1218 3634 1362 3708 Milctha
1397 3635 1437 3709 de
1472 3635 1607 3710 Dicdica
1622 3633 1651 3729 ³)
1686 3658 1730 3710 ex
1765 3635 1949 3711 inveterato

400 3755 474 3829 odic
502 3757 538 3830 et
563 3776 700 3830 rancore
728 3755 891 3846 infestus,
930 3754 984 3830 cui
1011 3755 1099 3828 nihil
1126 3755 1250 3829 hostile
1289 3755 1496 3830 Premislaus
1531 3757 1743 3851 suspicatus,
1779 3756 1948 3831 llcmriae

399 3877 678 3972 gubernationem
705 3876 926 3952 commiserat·
954 3877 990 3949 Ie
1017 3898 1093 3950 cum
1120 3877 1294 3952 nonnullis
1318 3877 1395 3951 aliis
1422 3879 1464 3951 ad
1491 3877 1660 3953 novandas
1685 3899 1740 3953 ree
1766 3879 1947 3972 aspiranti-

399 4001 462 4074 bus
488 3998 671 4094 proditorie
698 4019 733 4073 ee
760 4019 892 4094 gerens,
920 3997 1137 4092 Radolphum
1174 3999 1400 4072 Romanorum
1437 3997 1567 4093 Regem
1602 3999 1643 4074 de
1678 3998 1837 4093 singulis,
1862 4021 1947 4090 quae

398 4122 488 4216 apud
514 4120 699 4196 exercitum
726 4119 943 4194 Bchemicum
970 4121 1169 4214 agebantur,
1197 4119 1368 4210 arisabat,
1406 4121 1573 4215 spondens
1598 4141 1634 4195 se
1660 4119 1764 4194 etiam
1791 4119 1827 4192 in
1854 4121 1946 4194 farc-

398 4266 469 4320 rem
495 4265 605 4335 suum,
634 4241 807 4336 proprium
833 4242 962 4336 Regem
990 4240 1224 4334 Premislaum,
1241 4242 1271 4314 si
1289 4242 1537 4316 decernendum
1557 4241 1704 4332 duxerit,
1724 4241 1944 4315 deserturum.

396 4365 595 4458 Radolphus
622 4364 752 4438 interea
778 4364 1005 4437 Romanorum
1033 4361 1110 4436 Rex
1150 4363 1283 4438 caedem
1310 4362 1558 4438 catholicorum
1585 4361 1736 4452 horrens,
1766 4361 1876 4436 mittit
1902 4361 1944 4435 ad

397 4485 620 4560 Premislaum
647 4485 776 4579 Regem
803 4483 960 4574 nuntios,
998 4483 1056 4575 qui
1084 4485 1276 4575 moneant,
1313 4487 1353 4558 ut
1388 4485 1430 4557 ad
1463 4487 1584 4558 bonam
1619 4485 1766 4558 mentem
1802 4483 1942 4570 rediens,

395 4629 471 4682 cum
498 4605 640 4697 fortiori,
668 4627 803 4681 suorum
830 4606 933 4680 etiam
960 4604 1092 4678 insidiis
1119 4605 1204 4678 satis
1231 4607 1360 4699 septus,
1389 4605 1489 4700 signa
1507 4606 1657 4680 conferre
1675 4603 1859 4678 omitteret.
1879 4603 1942 4678 Sed

396 4727 601 4803 Premislaue
628 4749 665 4802 eo
692 4727 811 4800 nuntio
839 4725 997 4817 inflatior,
1027 4727 1138 4800 altera
1164 4726 1218 4798 dic
1245 4726 1472 4814 illucescente,
1501 4748 1588 4818 quae
1615 4725 1683 4799 fuit
1708 4725 1870 4800 vicesima
1891 4746 1942 4800 ee-

395 4851 504 4944 ptima
529 4848 689 4943 Augusti,
718 4872 793 4922 cum
820 4849 914 4941 Rege
941 4847 1119 4941 Radolpho
1146 4846 1305 4922 dimicat:
1342 4849 1377 4922 et
1410 4847 1528 4920 multis
1545 4849 1572 4940 ¹)
1607 4846 1686 4920 hinc
1721 4846 1800 4922 inde
1828 4845 1942 4934 caeeis,

394 4971 592 5066 Radolphus
619 4971 801 5064 praevalet,
830 4972 865 5043 et
891 4969 1096 5044 Premislaue
1134 4992 1154 5042 a
1180 4969 1325 5042 llilctha
1351 4969 1387 5041 et
1412 4967 1491 5040 aliie
1516 4968 1664 5042 eiusdem
1692 4967 1852 5042 factionis
1878 4969 1942 5042 Bo-

394 5092 503 5168 hemis
530 5092 694 5183 desertus,
723 5091 907 5166 fortissime
934 5094 973 5165 ut
1000 5113 1149 5185 pugnam
1177 5091 1347 5164 labantem
1374 5089 1581 5182 restitueret,
1610 5089 1793 5182 dimicans,
1822 5089 1942 5164 occidi-

501 5385 527 5465 ι)
543 5387 698 5460 Radolpho
725 5383 796 5448 coo.
819 5387 911 5446 Rocr.
937 5382 963 5462 Ε)
986 5385 1204 5460 Cerinthiaque‚
1235 5385 1402 5458 provinciae
1428 5381 1499 5444 Ocd.
1522 5382 1613 5444 Reor,
1637 5379 1665 5459 3)
1686 5381 1844 5444 Daiedzicz
1869 5383 1938 5444 God.

393 5491 487 5555 Rom.
511 5487 538 5570 4)
560 5493 659 5552 multis
681 5493 712 5551 in
735 5489 873 5552 conflictu
898 5489 968 5554 Ood.
991 5489 1084 5551 Rorr.
1224 5571 1233 5594 Ι
