4208 6282
407 525 480 601 110
1028 543 1142 596 arnna
1166 543 1318 620 sexsus.
1446 527 1448 531 ’
1689 519 1757 618 (Α.
1777 499 1943 628 mnsl')

335 777 336 781 κ
403 736 497 810 retur
523 731 768 824 nenessitatem,
796 732 831 807 et
857 730 921 827 ipsi
951 730 986 805 in
1004 731 1199 826 perpetuam
1226 730 1332 830 Regis
1358 732 1394 807 et
1420 730 1616 826 Principum
1634 732 1837 820 exterorum,
1866 753 1941 808 eum

404 857 565 932 baberent
590 856 762 932 naturales
788 857 824 930 et
851 853 1012 949 proprios,
1041 853 1271 949 redigerentur
1297 854 1493 930 servitutem
1513 856 1548 928 et
1567 853 1738 945 ditionem,
1767 857 1943 949 superbam

403 983 440 1055 et
464 977 626 1054 iniustam
662 976 808 1073 praefati
834 975 965 1051 Ouardi
984 976 1007 1070 ¹)
1034 975 1139 1071 Regis
1165 975 1333 1070 Daciae²i
1366 975 1627 1051 dominationem
1651 977 1772 1071 perosi,
1800 979 1841 1051 ab
1870 975 1943 1071 ipso

404 1101 564 1177 deficiunt
605 1103 640 1176 et
673 1100 945 1195 Suantopolkum
989 1098 1203 1174 Pomeraniae
1243 1099 1369 1176 Ducem
1404 1097 1439 1172 iu
1454 1141 1458 1148 -
1475 1098 1645 1173 dominum
1681 1103 1716 1174 et
1751 1097 1942 1194 Principem

278 1303 281 1310 ,
404 1248 501 1302 suum
528 1225 723 1300 assumunt:
751 1221 926 1318 coepitque
954 1223 1079 1297 extunc
1104 1222 1195 1296 terra
1222 1221 1375 1316 praelata
1396 1223 1431 1296 ei
1457 1221 1654 1296 castellania
1680 1220 1855 1316 Slupensis
1873 1221 1941 1295 Re·

404 1349 503 1444 gibus
528 1350 564 1423 et
589 1345 802 1441 Principibus
828 1343 985 1420 Poloniae
1013 1343 1047 1418 in
1074 1343 1326 1438 temporalibus,
1362 1343 1611 1440 archiepiscopo
1650 1367 1726 1420 aero
1753 1343 1942 1420 Gnesnensi

403 1471 440 1545 in
467 1468 711 1566 spiritualibus,
739 1468 783 1543 ad
809 1491 891 1562 quos
917 1490 959 1542 ex
986 1489 1048 1542 sua
1074 1465 1245 1562 primaeva
1279 1465 1475 1544 fundatione
1508 1467 1709 1562 pertinebat,
1742 1465 1836 1542 cuius
1863 1468 1943 1542 tunc

278 1677 288 1690 f
404 1592 570 1670 Hernicus
597 1590 752 1688 ertlica
779 1589 952 1667 obtinebat
978 1589 1100 1682 sedem,
1128 1611 1201 1666 esse
1227 1589 1416 1665 obedienter
1443 1589 1602 1668 subiecta.

404 1960 585 2036 linriuirnn
613 1963 722 2034 notun
749 1958 896 2052 procibnn
924 1959 1044 2048 lanino,
1071 1977 1128 2051 pro
1158 1958 1229 2032 einr
1256 1957 1463 2032 restitutione
1483 1961 1675 2032 nnnrnninnr
1693 1957 1824 2031 indicit:
1851 1958 1944 2030 nninn

404 2085 510 2156 nnirnn
530 2081 653 2171 andito,
679 2082 790 2155 l’olnni
809 2081 985 2155 tumultum
1003 2081 1158 2169 exstuat,
1186 2084 1220 2154 nt
1242 2081 1311 2173 ipro
1330 2081 1458 2172 cogitur
1484 2082 1588 2172 legen
1615 2081 1778 2172 abrogare.
1805 2079 1944 2154 landen

404 2206 541 2279 nlinrnrn
568 2204 734 2328 nnmngiin
762 2203 894 2278 adinton
920 2204 1122 2296 lannrrinnn
1147 2205 1218 2276 bna
1245 2222 1371 2276 nnnnrn
1397 2203 1526 2277 lninrir
1552 2203 1703 2278 lninnirn
1730 2201 1945 2298 inanimis!

1086 2328 1262 2418 recuperat.

425 2627 429 2632 .
506 2568 559 2645 Ad
586 2567 707 2644 intima
742 2567 885 2664 pectoris
919 2566 1086 2643 Konimiri
1112 2567 1214 2644 Ducis
1228 2565 1257 2662 ³)
1296 2571 1331 2644 et
1357 2569 1556 2645 Monarohae
1592 2566 1794 2666 supplicatio
1830 2569 1946 2644 fratris

403 2691 582 2790 ldpecaslai
610 2695 682 2768 tarn
708 2689 847 2766 humilis
873 2692 1011 2783 tamque
1038 2690 1188 2765 modesta
1215 2692 1459 2786 penetraverat,
1494 2690 1732 2786 lachrimisque
1759 2689 1946 2766 abortisse

403 2819 439 2892 et
463 2814 558 2892 exuli
584 2817 619 2891 et
645 2813 755 2905 fratri,
783 2835 928 2908 suaeque
954 2812 1141 2890 iuventutis
1166 2815 1201 2889 ei
1227 2812 1454 2908 orphanitatis
1481 2815 1617 2889 alumno
1632 2812 1660 2909 ⁴)
1695 2835 1946 2908 compassurum
1972 2857 1979 2877 ,
2099 2817 2101 2858 r

404 2940 605 3030 testabatur,
633 2937 692 3014 sed
718 2939 753 3013 et
779 2935 1042 3012 mutabilitatem
1070 2935 1106 3010 in
1131 2958 1170 3010 eo
1196 2937 1395 3012 recensendo
1410 2937 1439 3031 6)
1466 2935 1650 3011 mirabatur
1668 2937 1833 3027 fortunae,
1861 2957 1947 3030 quae

406 3061 460 3136 illi
486 3085 553 3138 non
579 3059 805 3137 Monarchiam
837 3059 956 3150 solum,
995 3059 1053 3136 sed
1080 3061 1115 3134 et
1142 3057 1315 3134 naturales
1350 3060 1385 3134 at
1420 3057 1660 3134 haereditarios
1694 3059 1843 3138 Ducatus
1869 3058 1946 3134 ade-
2099 3083 2101 3126 r

405 3183 532 3260 misssi.
560 3184 603 3258 In
628 3185 700 3258 tam
727 3203 804 3258 roro
830 3181 951 3277 grandi
979 3203 1014 3256 re
1040 3179 1173 3277 proprio
1205 3181 1322 3256 nolens
1341 3180 1392 3254 uti
1411 3179 1560 3274 arbitrio,
1589 3182 1745 3274 frequens
1771 3179 1948 3256 consilium
2099 3231 2101 3256 ν

405 3308 545 3384 advocat
570 3307 606 3382 et
631 3305 672 3382 de
698 3303 904 3380 restituendo
930 3304 1036 3379 fratre
1062 3303 1247 3399 Myecaslao
1274 3303 1363 3399 apud
1390 3303 1553 3378 Senatum
1571 3304 1672 3378 verba
1703 3303 1797 3380 facit.
1826 3301 1946 3392 Nimis,

405 3429 528 3524 inquit,
556 3429 672 3504 asorbo
700 3427 821 3519 animo,
859 3448 1019 3523 proceres,
1056 3424 1234 3521 Mpecaslai
1260 3424 1374 3516 Ducis,
1413 3424 1471 3520 qui
1498 3424 1582 3499 mibi
1609 3425 1728 3502 unicus
1763 3427 1869 3504 irater
1895 3448 1947 3501 re·
2099 3425 2101 3492 i

405 3553 508 3628 lictus
534 3553 596 3642 est,
624 3549 766 3626 exilium
793 3549 874 3640 fero,
903 3548 1153 3644 plurimumque
1180 3571 1261 3624 suae
1288 3551 1323 3623 et
1349 3550 1505 3624 natomm
1533 3569 1679 3640 suorum,
1716 3547 1774 3640 qui
1801 3549 1949 3624 alterum
2099 3539 2101 3628 i

407 3697 460 3751 me
486 3675 659 3770 parentem
686 3669 892 3762 existimant,
930 3670 1135 3746 calamitatis
1162 3694 1213 3746 me
1241 3669 1387 3762 miseret,
1425 3693 1445 3744 a
1472 3693 1538 3763 quo
1565 3673 1688 3762 crebro,
1721 3673 1761 3744 ut
1787 3670 1885 3746 illurn
1913 3671 1950 3746 in

406 3819 484 3872 suos
510 3795 725 3890 Prinoipatus
740 3793 769 3889 6)
795 3793 984 3886 restituam,
1014 3814 1144 3882 exoror;
1173 3791 1226 3868 ius
1253 3815 1384 3888 quoque
1410 3791 1622 3868 Monarchiae
1648 3815 1749 3888 penes
1776 3815 1828 3868 me
1845 3791 1949 3868 relin-

406 3939 523 4014 quens,
551 3917 604 3992 illi
632 3916 721 3993 cedit
757 3919 858 4010 atque
893 3915 1077 3990 renuntiat.
1122 3915 1252 3990 lusiam
1280 3915 1353 4012 ogo,
1391 3936 1554 4010 proceros,
1582 3913 1779 4010 petitionem
1810 3915 1951 4010 suamb

406 4040 584 4116 existimo:
612 4038 824 4115 Monarchiae
850 4061 981 4134 qaoque
1008 4037 1222 4133 Prinoipatus
1249 4059 1284 4113 se
1311 4037 1480 4113 abdicanti
1507 4039 1632 4112 sortem
1658 4037 1879 4114 haereditario
1897 4037 1950 4113 iu·

407 4187 442 4240 re
460 4187 535 4240 eum
563 4161 815 4258 contingentem
831 4160 859 4256 ⁸)
884 4160 978 4236 reddi
1005 4159 1059 4235 illi
1085 4183 1229 4254 aequum
1248 4181 1376 4251 censeo,
1405 4159 1558 4254 iniquum
1584 4161 1680 4234 ratus
1694 4159 1734 4255 ⁷),
1764 4160 1793 4235 si
1820 4183 1857 4236 eo
1875 4159 1952 4238 viro

406 4289 442 4362 et
468 4285 632 4381 spirante,
660 4287 720 4360 aut
747 4283 839 4360 iilius
866 4282 937 4359 eius
963 4284 1054 4375 Otto,
1082 4289 1143 4358 aut
1160 4282 1283 4358 caelat
1310 4282 1346 4358 in
1373 4281 1444 4358 eius
1471 4281 1703 4378 principentur
1730 4282 1887 4375 dominio,
1916 4285 1953 4360 et

407 4431 445 4484 eo
463 4406 505 4502 ¹⁰)
532 4407 724 4483 salernitate
751 4409 853 4501 atque
879 4405 983 4482 exilio
1010 4407 1140 4497 affecto,
1174 4405 1228 4479 illi
1255 4403 1394 4500 gloriosi
1420 4407 1522 4498 atque
1550 4403 1717 4500 splendidi
1743 4406 1951 4502 refulgeant.

407 4529 607 4606 Fastidiosis
633 4528 770 4605 auribus
796 4528 926 4603 ducalis
953 4550 1060 4604 sorno
1086 4549 1106 4602 a
1132 4526 1333 4603 consiliariis
1359 4528 1517 4623 exceptus
1538 4529 1602 4619 est,
1632 4549 1845 4621 murmurque
1873 4551 1953 4604 mox

409 4655 594 4743 subortum,
623 4651 828 4728 obstinatum
855 4651 972 4727 deinde
999 4651 1170 4727 silentium
1198 4673 1313 4726 omnes
1339 4649 1514 4744 aliquanto
1540 4653 1688 4746 tempore
1714 4649 1836 4726 tenuit.
1865 4651 1952 4726 Tum

408 4775 519 4872 spatio
545 4773 587 4850 ad
613 4774 870 4851 consultandum
897 4797 917 4848 a
943 4775 1033 4849 Duce
1060 4773 1178 4869 petito,
1208 4771 1390 4849 secessione
1417 4772 1452 4847 in
1478 4771 1585 4848 aliurn
1612 4773 1720 4848 locum
1738 4773 1839 4864 facia
1870 4773 1952 4854 adeo

409 4895 631 4975 consternatis
657 4895 779 4974 animis
804 4881 1027 4971 tumultuario
1054 4895 1163 4991 magis
1189 4917 1291 4989 quam
1317 4899 1451 4972 sensato
1471 4894 1514 4990 ¹¹)
1542 4917 1641 4988 more,
1669 4895 1719 4971 ita
1745 4898 1784 4970 ut
1810 4917 1864 4972 res
1891 4918 1951 4992 pa-

409 5045 484 5097 rum
510 5044 531 5096 a
557 5020 648 5096 iusta
673 5019 836 5096 seditione
862 5018 1022 5110 differret,
1050 5019 1249 5094 deliberant.
1295 5019 1479 5094 Multorum
1505 5017 1595 5094 eninr
1627 5017 1806 5094 sententiis
1839 5019 1951 5115 place·

518 5211 542 5292 ¹)
563 5213 672 5274 Erardi
698 5212 768 5274 θοοῦ.
792 5213 883 5275 Βοῦν.
916 5209 1070 5290 ²)Deniae
1092 5213 1151 5273 Ed.
1174 5211 1261 5290 Lips.
1294 5209 1321 5290 ³)
1336 5213 1511 5274 Polonornnr
1527 5213 1618 5273 Ducis
1637 5211 1707 5274 Ood.
1729 5213 1820 5274 Βοῦν.
1855 5208 1883 5290 ⁴)
1898 5231 1951 5288 pa·

409 5325 495 5380 trono
521 5317 591 5379 Ood.
615 5319 705 5379 Βοῦν.
744 5313 770 5396 ⁶)
793 5317 1028 5392 recognoscendo
1061 5315 1131 5380 soc.
1153 5317 1247 5378 Βοῦν.
1286 5313 1313 5395 ⁶)
1336 5319 1367 5378 in
1389 5335 1471 5378 suam
1500 5317 1712 5379 haereditatem
1732 5317 1953 5392 Principntnrrm

414 5420 486 5485 θοοῦ.
508 5425 601 5485 Roar.
641 5419 752 5501 ⁷)eins
782 5423 843 5484 Ea.
865 5423 958 5484 Βοῦν.
996 5419 1269 5499 8)conoernentem
1304 5423 1375 5486 Ocni.
1398 5425 1489 5487 Βοῦν.
1528 5419 1557 5507 ⁹)
1579 5424 1766 5502 iniquumque
1795 5440 1864 5484 reor
1893 5421 1952 5487 Ed.

410 5529 503 5593 Βοῦν.
545 5525 585 5608 ¹⁰)
606 5529 671 5604 ipso
698 5525 768 5590 (lod.
791 5529 883 5593 soar.
926 5525 966 5611 ¹¹)
988 5529 1121 5596 semona
1144 5529 1204 5590 Ed.
1227 5530 1319 5595 Βοῦν.
