4172 6278
157 495 215 592 (Α.
237 496 284 573 D.
306 495 422 593 1227.)
780 521 891 572 nrenn
918 519 1071 573 snxnus.
1628 499 1702 572 22b

154 705 408 800 exhortabatur,
445 728 599 784 asserens
633 729 765 783 omnem
800 706 1012 803 triumphum
1047 705 1207 781 suumin
1237 705 1296 781 illo
1332 729 1398 782 uno
1433 727 1569 801 corpore
1595 704 1704 781 consi·

155 831 256 905 stem.
285 830 406 922 Itaque
433 830 532 924 pauci
559 853 580 906 a
606 829 726 904 multis
754 829 902 922 undique
929 829 1100 921 coarctati,
1129 829 1283 920 quamuis
1309 829 1367 904 diu
1392 828 1543 920 satisque
1566 828 1602 904 et
1619 828 1705 902 stre·

155 975 220 1026 nue
247 952 469 1041 luctarentur,
499 953 542 1027 sd
569 955 758 1029 extremum
784 955 899 1026 tamen
926 974 1041 1027 ornnes
1068 975 1135 1026 una
1162 951 1264 1025 simul
1292 973 1366 1026 cum
1394 952 1485 1026 Duce
1511 951 1547 1025 et
1573 949 1705 1026 domino

155 1096 215 1148 suo
241 1073 413 1150 Irestkone
439 1073 527 1150 Albo
554 1097 574 1149 a
601 1075 729 1152 nefario
757 1074 926 1170 proditore
953 1074 1175 1170 perimuntur.
1218 1074 1329 1148 Tanta
1355 1071 1564 1148 antemisit
1591 1072 1705 1148 Suan-

156 1195 348 1290 topelkonis
374 1198 410 1272 et
436 1218 571 1272 suorum
607 1197 651 1272 ad
690 1197 868 1274 delendum
904 1197 1047 1291 stirpem
1081 1197 1231 1292 regalem
1267 1197 1303 1270 et
1337 1217 1462 1287 eorum,
1501 1195 1559 1288 qui
1595 1215 1705 1270 secum

157 1339 226 1392 nna
251 1319 424 1412 renerent,
454 1318 575 1411 robios,
608 1321 645 1394 ut
673 1343 739 1396 non
767 1322 876 1396 solum
904 1319 939 1392 in
967 1319 1095 1395 milites
1122 1320 1158 1393 et
1183 1319 1341 1409 armatos,
1371 1317 1428 1392 sed
1458 1315 1558 1392 ctiam
1587 1316 1622 1390 in
1645 1340 1707 1392 nu·

157 1438 216 1514 doe
230 1440 265 1515 et
289 1463 355 1534 coc,
383 1440 442 1535 qui
470 1441 504 1516 in
532 1441 653 1516 balneo
679 1442 903 1518 constiterant
925 1443 957 1538 ¹),
989 1440 1170 1516 saevirent.
1199 1439 1365 1516 Henricue
1392 1437 1483 1514 enim
1510 1461 1584 1515 curn
1605 1440 1708 1514 barba

158 1559 452 1639 Wratislauisnsis
478 1564 513 1638 et
540 1563 669 1639 Slesiae
696 1565 775 1638 Dux
801 1588 822 1639 a
850 1563 1062 1639 carnificibus
1081 1563 1116 1636 in
1134 1563 1254 1637 balneo
1281 1561 1551 1656 comprehensus,
1580 1561 1710 1654 aliquot

158 1681 332 1758 sauciatur
359 1684 567 1776 vulneribus,
597 1685 654 1778 qui
683 1687 718 1761 et
746 1685 815 1780 ipse
842 1687 924 1760 tunc
951 1683 1171 1776 recubuisset,
1201 1683 1267 1759 nisi
1286 1683 1383 1758 miles
1398 1683 1427 1778 q)
1454 1705 1545 1774 suus,
1574 1685 1711 1758 uocatus

31 1815 34 1820 ’
158 1804 363 1901 Peregrinus
389 1807 431 1880 de
453 1807 685 1894 *Weszinburk
701 1807 741 1902 ³),
778 1807 863 1882 mira
899 1807 974 1899 fide,
1015 1806 1164 1900 mireque
1201 1805 1374 1883 deuotione
1408 1805 1442 1880 in
1477 1804 1648 1888 dominum
1675 1803 1710 1879 et

158 1925 352 2023 Principem
379 1951 477 2003 suum
505 1951 595 2020 usus,
624 1951 744 2025 corpus
771 1929 889 2006 ducale
915 1953 974 2004 suo
992 1931 1123 2024 tegens,
1153 1928 1360 2005 obstitisset:
1388 1927 1445 2021 qui
1465 1927 1709 2018 tendemmul·

159 2047 211 2122 tie
225 2049 423 2126 mineribus
441 2052 624 2142 confossus,
656 2050 692 2126 in
718 2054 909 2144 terramque
937 2051 1121 2146 procidens,
1153 2051 1257 2128 etiam
1284 2050 1424 2126 cadauer
1439 2048 1467 2144 6)
1494 2049 1649 2124 exanime
1676 2049 1711 2122 in
1797 2143 1801 2148 .

159 2191 281 2265 corpus
308 2171 427 2248 ducale
453 2171 654 2268 superiacit,
683 2175 718 2248 et
745 2174 885 2266 uterque
922 2174 1074 2247 mortuus
1109 2173 1267 2264 creditus,
1303 2171 1481 2248 saeuitiam
1516 2170 1711 2246 carnificum

160 2291 303 2367 remisit.
350 2293 517 2368 Maximae
554 2295 704 2389 prolecto
731 2296 766 2370 et
794 2295 871 2389 plus
906 2317 1006 2387 quam
1043 2316 1138 2372 rarae
1165 2293 1263 2374 miles
1279 2294 1307 2387 6)
1333 2293 1369 2368 in
1396 2293 1586 2388 Principem
1613 2315 1710 2368 suurn

162 2411 253 2506 fidei,
291 2413 348 2507 qui
377 2415 546 2517 occidendi
583 2415 751 2511 Principis
778 2417 812 2490 in
841 2438 1018 2492 senecam
1054 2416 1236 2490 transtulit
1270 2417 1305 2490 et
1340 2419 1564 2510 spontaneum
1591 2437 1626 2490 se
1654 2436 1712 2509 pro

162 2534 236 2610 uita
261 2535 388 2612 domini
414 2537 467 2612 sui
494 2537 673 2612 constituit
700 2538 873 2616 ricarium.
902 2539 1040 2614 Poterat
1066 2540 1101 2612 et
1127 2539 1252 2614 Lestlo
1278 2535 1386 2613 Albus
1413 2538 1492 2612 Dux
1518 2537 1713 2612 (iracouien-

162 2657 212 2731 sis
239 2659 380 2736 mortem
407 2659 553 2736 euasisse
568 2659 608 2754 6),
637 2660 666 2734 si
695 2683 799 2754 aeque
834 2661 967 2751 fortem,
1005 2682 1109 2753 aeque
1146 2659 1249 2734 lidum
1277 2660 1312 2734 in
1340 2681 1402 2735 sue
1433 2659 1578 2749 cohorte,
1617 2659 1714 2732 iuxta

162 2802 203 2856 ac
230 2780 309 2855 Dux
336 2781 514 2874 Henricus,
544 2783 662 2856 nactus
690 2783 778 2857 foret
806 2782 960 2869 militcm;
990 2781 1085 2856 cuius
1112 2781 1245 2876 quidem
1273 2781 1395 2856 militis
1421 2780 1595 2876 Peregrini
1616 2779 1713 2854 fidem

163 2901 344 2978 aestimare
371 2905 480 2978 uerbis
507 2905 647 2978 arduum
675 2906 738 2997 est,
766 2904 824 2997 qui
847 2927 882 2978 se
902 2903 1047 2999 primum
1074 2903 1283 2995 uulneribus,
1311 2903 1429 2978 deinde
1457 2901 1557 2977 morti
1572 2900 1637 2996 ipsi
1656 2923 1714 2995 pro

163 3046 226 3099 suo
250 3023 408 3120 Principe
435 3025 568 3117 obiecit,
598 3047 701 3116 seque
728 3048 830 3118 quam
857 3027 982 3102 Ducem
1010 3047 1106 3100 suum
1135 3025 1239 3100 occidi
1266 3046 1386 3120 passus
1412 3025 1475 3114 est,
1510 3023 1650 3100 meritus
1677 3023 1716 3096 ut

164 3167 225 3241 per
251 3145 400 3220 omniurn
427 3169 485 3222 ora
512 3149 652 3224 extensa
679 3147 885 3222 laudationis
913 3147 1056 3224 materie
1082 3149 1268 3224 caneretur.
1296 3147 1421 3242 Magna
1448 3148 1483 3222 et
1509 3145 1544 3220 in
1573 3145 1658 3220 alios
1676 3166 1716 3218 ea

164 3266 230 3358 die,
259 3289 346 3359 quae
373 3267 440 3343 fnit
467 3269 741 3360 quatuordecima
759 3270 966 3363 Nouembris,
996 3271 1130 3365 strages
1150 3269 1242 3344 edita
1267 3271 1330 3361 est,
1360 3267 1456 3362 qussi
1484 3268 1575 3344 illico
1603 3267 1717 3343 Suan-

164 3389 326 3484 topelkus
352 3413 428 3466 cum
455 3386 645 3467 Wladislao
672 3391 805 3468 Ottonis
832 3391 867 3466 in
895 3392 1035 3468 Polonia
1061 3393 1174 3468 essent
1200 3390 1387 3487 regnaturi.
1423 3391 1550 3486 (terpus
1576 3391 1718 3467 Irestlro·

166 3511 222 3586 nis
248 3509 329 3588 Albi
356 3511 392 3586 in
419 3511 612 3589 Gracouiarn
640 3537 699 3609 per
726 3536 814 3607 suos,
844 3513 901 3607 qui
925 3514 1127 3610 superstites
1145 3515 1388 3604 remanserant,
1417 3513 1573 3604 relatum,
1602 3513 1636 3588 in
1665 3534 1717 3588 cc·

167 3633 272 3708 alesia
298 3633 507 3710 Oracouiensi
544 3657 619 3710 oum
655 3635 803 3711 maximo
839 3637 933 3711 luctu
970 3637 1177 3731 planctuque
1207 3635 1402 3731 sepulturae
1431 3635 1625 3709 mandatnm
1652 3636 1716 3720 est;

168 3754 427 3850 Susntopelkus
454 3780 521 3833 non
548 3779 642 3834 secus
669 3781 771 3850 quem
798 3759 906 3848 hoste,
944 3757 1101 3853 Principe
1137 3760 1172 3832 et
1199 3757 1331 3832 domino
1367 3779 1427 3830 suo
1462 3777 1568 3848 caeso,
1610 3777 1719 3846 neque

167 3877 304 3954 sceleris
331 3877 511 3974 poenituit,
541 3903 649 3973 neque
675 3881 791 3973 alique
817 3903 853 3954 re
881 3881 984 3954 funus
1010 3903 1107 3954 suum
1135 3877 1367 3955 cohonestavit
1381 3877 1420 3972 7),
1453 3880 1496 3952 ab
1523 3900 1560 3953 eo
1587 3900 1719 3969 quoque

167 3997 223 4073 die
248 4019 285 4073 se
312 3999 527 4075 Pomersniae
554 3999 745 4096 Principem
770 3999 963 4095 legitimum
983 4022 1099 4094 gerere
1117 3998 1239 4094 coepit.
1267 3997 1436 4072 Henricus
1463 3997 1582 4073 lectica
1606 3999 1721 4072 uectus

167 4118 428 4196 Wrotislariam
455 4121 647 4215 reuertitur,
678 4123 719 4198 de
745 4119 940 4198 uulneribus
967 4122 1107 4199 inflictis
1134 4121 1228 4197 brevi
1255 4121 1403 4212 curatus,
1440 4121 1611 4215 spectatae
1638 4118 1716 4194 fidei

168 4239 314 4317 militem
341 4241 561 4338 Peregrinum
597 4265 731 4338 semper
766 4245 1012 4337 commendans,
1050 4244 1179 4339 prolem
1216 4265 1311 4318 susm
1339 4243 1437 4337 larga
1462 4241 1590 4316 extulit
1617 4241 1718 4317 dona·

168 4361 273 4438 tione.
319 4363 555 4442 iuterfuerunt
595 4366 708 4441 summ
749 4365 827 4440 huic
863 4365 1029 4457 colloquio
1070 4366 1105 4440 in
1141 4365 1326 4442 Gansnane
1367 4363 1483 4439 habito
1522 4363 1721 4440 Vincentius

169 4482 378 4561 Gncsneneis
405 4485 686 4582 archiepiscopus,
726 4487 784 4561 Iro
811 4486 1049 4578 Oracoviensis,
1086 4487 1290 4561 Laurentius
1326 4485 1629 4578 Wretielauisnsis,
1658 4485 1721 4558 lli-

169 4605 266 4682 chael
293 4605 603 4699 Wlodislauiensis,
632 4609 759 4684 Paulus
786 4608 1033 4701 Poeneniensis,
1063 4609 1266 4682 Laurentius
1293 4607 1530 4701 Imbuccensie,
1558 4605 1718 4701 episcopi,

169 4727 343 4805 (innterus
369 4729 497 4804 electus
524 4729 716 4807 Ploccensis
742 4731 778 4806 et
804 4732 945 4806 barones
971 4751 1072 4824 quarn
1099 4729 1249 4824 plurimi.

280 5022 305 5103 ¹)
328 5027 525 5087 consisterent
551 5025 623 5088 Ood.
639 5027 731 5088 Reor.
760 5021 786 5104 9)
802 5025 919 5101 quidam
934 5026 1018 5088 miles
1045 5025 1116 5088 Ood.
1139 5026 1232 5090 Roer.
1257 5022 1283 5105 3)
1299 5022 1511 5102 Weysembnrg
1536 5023 1608 5088 Occi.
1631 5021 1723 5089 Roar.

171 5126 387 5204 Wiszeubnrgk
412 5128 483 5191 Cori.
506 5131 578 5206 Εἰς.
601 5129 808 5205 Weszemberg
831 5131 895 5216 Ed..
915 5131 1008 5192 Dobr.
1049 5127 1076 5208 ⁴)
1099 5132 1225 5193 cadaver
1246 5150 1329 5192 snum
1360 5131 1430 5192 Ood.
1454 5133 1545 5195 coer.
1587 5128 1723 5213 ⁵)mr1eo

171 5234 230 5292 iste
258 5231 329 5296 coc.
353 5233 446 5296 Roer.
485 5230 512 5312 ⁶)
536 5235 661 5298 credere
684 5235 744 5296 Ed.
768 5235 863 5298 Dobr.
902 5233 928 5316 7)
951 5233 1105 5297 honoravit
1126 5237 1187 5298 Ed.
1210 5237 1304 5302 Dobr.

223 5488 245 5542 r.
259 5491 352 5554 orm.
366 5487 451 5542 ereas
465 5492 544 5544 aaron.
558 5493 585 5542 o,
598 5489 631 5546 rr,
