4140 6298
8 519 10 530 '
133 524 190 622 (Α.
209 526 255 602 D.
277 525 397 622 1242)
732 545 847 601 emme
874 547 1069 602 prorumpe.
1594 533 1672 605 Ι311

132 759 287 834 maguum
314 736 444 832 pondus
470 735 545 812 ouri
572 735 609 812 iu
641 735 812 812 montibus
839 736 1007 813 Polouioie
1034 759 1150 814 versus
1175 736 1389 834 Huugarium
1416 736 1494 813 sitis
1521 739 1556 814 ot
1574 760 1677 833 supro

131 859 243 938 uillam
269 861 443 936 Lonomko
470 859 603 956 positio,
633 859 836 954 quaesitum,
864 862 901 937 ot
926 862 1037 937 totum
1064 861 1101 936 iu
1128 859 1278 936 ordinem
1305 855 1461 937 eontulit.
1508 949 1511 954 ¹

480 1124 483 1134 Ι
574 1221 783 1338 ANNUS
818 1221 1046 1338 DOMINI
1082 1221 1219 1338 1247.

324 1561 327 1567 ,
358 1473 488 1548 trieris
516 1474 669 1548 Polouioo
695 1477 798 1548 uuum
824 1469 1048 1550 hoeroiitotoo
1074 1473 1159 1548 iuter
1186 1493 1222 1547 re
1249 1473 1442 1567 puniuntur.

194 1731 198 1740 ·
227 1713 366 1791 Maioris
392 1714 553 1791 Poloniae
580 1716 690 1792 Dueee
716 1715 943 1792 Przemislouu
966 1717 1002 1792 et
1018 1713 1209 1809 Boleolouo,
1238 1717 1404 1793 oouueutu
1432 1716 1521 1812 apud
1548 1719 1675 1791 Posuo·
1828 1803 1834 1812 ι

129 1835 216 1912 uiom
242 1860 379 1913 suorum
414 1837 681 1913 consiliariorum
701 1839 725 1933 ¹)
761 1837 899 1932 indicto,
936 1840 1102 1914 terrerum
1137 1837 1276 1913 Muiorie
1310 1838 1471 1915 Polouiue
1506 1839 1677 1914 eelebrent

130 1959 314 2054 eoquom2)
341 1959 551 2036 diuisionem.
597 1960 707 2036 Gessit
734 1962 846 2036 eutem
875 1959 998 2036 iuniori
1024 1962 1110 2036 matu
1136 1959 1292 2036 Bolesluo
1323 1959 1538 2035 Oulissieusie
1564 1961 1675 2035 Duor-

125 2081 178 2154 tus
203 2102 224 2155 o
250 2079 353 2156 fluuio
379 2078 590 2176 Pruoszuet
618 2103 724 2173 usque
751 2081 794 2156 ud
821 2082 1027 2156 Pruomuuth
1041 2082 1090 2178 ⁴),
1119 2083 1229 2157 oestro
1255 2081 1360 2158 etiem
1386 2081 1589 2156 Pruomouth
1622 2080 1675 2154 in·
1824 2179 1828 2185 .

129 2201 236 2295 eluso,
274 2203 311 2278 ot
337 2201 459 2279 abinde
495 2225 602 2295 usque
629 2204 671 2278 ud
698 2202 840 2278 fiuvium
865 2203 1046 2280 Warthum
1074 2205 1109 2279 et
1134 2201 1319 2279 Moeriuum
1347 2205 1382 2278 et
1404 2203 1561 2299 paludem
1588 2223 1676 2294 quae

129 2322 235 2419 Sepuo
266 2326 425 2418 voeotur,
463 2327 499 2402 et
538 2325 627 2402 Obru
641 2325 670 2420 ⁶)
704 2325 849 2402 termino
885 2325 1035 2401 flumine.
1081 2325 1288 2402 Przemieluo
1323 2345 1402 2402 vero
1437 2327 1521 2400 natu
1556 2323 1676 2400 uruiori

128 2444 331 2524 Guesueusis
357 2449 393 2524 et
419 2447 659 2526 Posuauieusie
687 2448 860 2524 cesserunt
887 2449 997 2524 terroe
1024 2469 1101 2523 uum
1128 2449 1199 2524 suis
1217 2447 1337 2525 uestris
1364 2449 1399 2525 et
1420 2445 1608 2544 appendis,
1623 2447 1674 2526 ui·

127 2567 275 2663 eirioque
302 2569 388 2666 ipso,
418 2570 523 2647 etiem
550 2569 765 2647 iureiurando
806 2570 1007 2666 interposito
1033 2573 1070 2647 et
1095 2571 1312 2646 anathemate
1347 2591 1409 2666 per
1435 2569 1675 2666 Boguphelum

127 2692 388 2770 Posuouieusem
425 2693 620 2790 episcopum
646 2693 683 2767 iu
709 2693 917 2785 violatorem,
954 2694 1047 2768 Duoe
1073 2696 1216 2788 utroquo
1243 2695 1380 2789 petente
1407 2695 1443 2768 et
1468 2713 1504 2768 ee
1530 2691 1675 2766 submit·

127 2815 227 2909 tento
255 2815 341 2910 luto,
370 2816 467 2911 quusi
499 2817 642 2912 quodum
670 2815 798 2913 duplioi
826 2815 978 2894 funiculo
1013 2815 1199 2894 difficulter
1224 2817 1420 2913 rumpendo,
1448 2814 1584 2891 firmato
1609 2816 1674 2892 est.

33 3199 35 3204 ’
126 3181 292 3258 notorious
320 3184 549 3276 Lepuiozouoio
575 3185 648 3258 ltux
672 3185 804 3259 loiorir
830 3185 983 3259 Poiuuiuo
1001 3184 1169 3278 imperiur
1187 3183 1322 3278 roperto
1350 3181 1410 3259 oei
1429 3184 1549 3260 omui·
1575 3186 1675 3261 oeriio

443 3307 632 3380 ultueituo
659 3307 812 3382 roloniae
839 3307 903 3381 riti
931 3306 1029 3398 irtio,
1055 3305 1186 3382 tentem
1215 3307 1364 3399 puiouoit.

224 3548 406 3625 Boleeluus
434 3548 675 3646 Leguiozensis
701 3551 780 3625 Dux
807 3549 945 3626 Maioris
972 3548 1134 3626 Poloniue
1157 3549 1322 3643 DuootuS,
1359 3571 1443 3644 quos
1470 3552 1568 3645 poter
1594 3570 1676 3625 euos

127 3667 291 3748 Heurioue
318 3673 487 3764 tenuerat,
515 3672 611 3748 uelut
636 3671 689 3748 sui
716 3672 800 3747 iuris
826 3674 949 3765 oront,
977 3673 1195 3768 repetiturus,
1232 3694 1333 3767 super
1359 3672 1481 3746 Obrum
1497 3671 1525 3766 6)
1552 3695 1675 3747 uorum

127 3792 270 3868 oestrum
298 3793 529 3890 Kopuuiouum
557 3793 732 3885 aedificem
769 3796 886 3870 ooutro
921 3815 1020 3889 quem
1051 3792 1276 3869 Przemioluue
1302 3794 1337 3869 et
1364 3793 1541 3872 Boleeleue
1567 3793 1674 3870 Maio·

126 3911 170 3988 rie
195 3914 355 3992 Polouiuo
381 3917 491 3992 Duees
517 3915 782 4009 exercitualiter,
814 3915 1080 3992 aedificationem
1106 3915 1211 3992 oeetri
1236 3915 1432 4011 Kopouiouu
1458 3914 1674 4011 prohibituri,

126 4037 260 4131 egressi,
290 4061 350 4134 per
378 4060 572 4114 eommuues
607 4039 760 4132 herenee,
789 4061 832 4114 ue
858 4038 949 4115 inter
982 4039 1107 4115 iratres
1133 4041 1169 4115 et
1194 4037 1318 4115 affines
1354 4037 1559 4133 propinquos
1595 4038 1673 4112 hor·

126 4159 260 4244 rendum
289 4159 511 4238 interveniret
538 4162 718 4254 certamen,
746 4160 1116 4255 praeponeremus
1143 4160 1308 4252 Seutholr,
1336 4159 1613 4256 mpeuzyrreozp
1639 4160 1675 4234 et

127 4277 330 4476 {tensuin't
366 4283 457 4359 dotis
491 4285 666 4366 Bolesluo,
684 4282 905 4380 Leguiouensi
920 4282 961 4379 ⁹),
994 4305 1080 4359 novo
1116 4282 1304 4359 munitione
1339 4280 1444 4358 rastri
1478 4280 1675 4377 Kopuuiouo

146 4404 294 4481 emolitu.

231 4683 255 4768 ¹)
279 4690 340 4750 suis
374 4687 549 4750 consiliariis
585 4685 657 4750 Cod.
687 4685 779 4748 Rorr.
824 4683 853 4766 ²)
877 4703 913 4747 err
946 4703 1040 4761 aequo
1078 4684 1147 4748 Coei.
1180 4685 1247 4749 Lis.
1288 4681 1468 4764 ³)Proozno
1499 4683 1559 4748 Eoi.
1585 4684 1673 4764 Lipo.

128 4783 561 4872 praemoriamur.
601 4789 627 4869 ι)
650 4809 725 4868 quae
748 4791 874 4867 Sempro
897 4798 1034 4862 vocetur,
1058 4799 1089 4851 et
1110 4791 1229 4851 fluvium
1253 4791 1333 4852 Odro
1359 4791 1430 4852 Cori.
1452 4791 1544 4852 Roaer.
1584 4787 1673 4866 ⁶)0-

128 4894 204 4957 drum
229 4897 301 4960 coo.
324 4897 400 4962 Aut.
441 4896 470 4979 ⁷)
492 4897 671 4960 Miedzirzec
693 4897 753 4966 Ed.
776 4897 863 4973 Lipo.
905 4893 1098 4975 ⁸)Oszezin
1133 4895 1204 4958 Ood.
1228 4894 1302 4958 Aut.
1341 4892 1567 4973 ⁰)Leguioousi
1595 4894 1673 4956 Duoi

129 4997 195 5064 (iod.
215 5003 310 5065 Roaer.
