4192 6272
134 556 200 650 (Α.
222 556 269 632 D.
290 557 397 652 1281.)
751 584 862 636 urens
889 585 1083 638 senrrmus.
1617 573 1694 644 459

133 764 216 840 niae
243 768 347 858 Duce,
375 768 530 860 quamvis
557 771 662 845 frater
689 792 770 845 enus
796 771 947 846 amitalie
974 772 1089 863 fuerit,
1117 775 1243 848 terram
1270 775 1475 868 Rudeusem,
1496 799 1583 870 quae
1602 799 1694 851 nunc

132 888 358 965 Welunensie
384 891 588 986 appellatur,
618 913 770 968 assereus
797 893 893 967 illam
921 893 974 968 eui
1001 894 1084 968 iuris
1111 917 1183 970 esse
1211 898 1246 970 et
1273 897 1316 970 ad
1343 919 1379 971 se
1406 898 1596 991 pertinere,
1626 898 1698 972 suis

12 1094 18 1102 ,
131 1033 270 1105 quoque
297 1013 604 1107 praedecessoribus
631 1013 757 1090 iniuste
785 1016 945 1106 ablatam,
970 1015 1129 1110 depactat
1165 1019 1200 1092 et
1236 1019 1427 1110 extorquet.
1465 1017 1518 1092 Ab
1544 1019 1694 1093 Henrico

131 1155 215 1209 nero
243 1134 475 1230 Legniczeuei,
503 1138 539 1210 et
565 1135 711 1211 Henrico
731 1138 754 1229 ¹)
781 1137 1010 1232 Glogoniensi,
1039 1137 1187 1213 Ducibus
1201 1137 1249 1232 ²),
1279 1139 1442 1214 fratribus
1466 1139 1689 1235 patruelibus,

130 1279 213 1331 cum
241 1256 455 1362 exactionare
481 1257 616 1351 aliquae
643 1259 750 1334 sortes
777 1260 942 1334 terrarum
970 1283 1037 1334 non
1065 1263 1197 1354 posset,
1240 1261 1423 1336 servituros
1458 1283 1494 1336 se
1531 1261 1595 1336 sibi
1632 1283 1693 1356 per

133 1378 409 1473 quinquennium
436 1402 512 1455 cum
539 1379 686 1475 triginta
712 1381 839 1455 lanceis
875 1383 994 1456 contra
1028 1382 1213 1474 quemlibet
1248 1383 1379 1459 hostem
1414 1385 1450 1458 st
1476 1383 1512 1457 in
1539 1383 1693 1476 qualibet

133 1499 352 1591 necessitate,
381 1501 531 1595 obligat3
560 1501 717 1593 datisque
745 1524 805 1596 per
831 1503 941 1577 Duces
968 1503 1008 1577 de
1036 1503 1205 1598 implendo
1234 1505 1331 1598 pacto
1357 1504 1539 1595 obsidibus,
1573 1506 1608 1579 et
1639 1503 1691 1578 iu·

131 1624 290 1697 ramento
317 1623 361 1696 ab
388 1623 542 1697 omnibus
569 1625 699 1713 exacto,
728 1646 770 1698 ne
797 1623 969 1699 occasione
997 1646 1076 1698 suae
1113 1624 1325 1719 captiuitatis
1361 1625 1539 1719 quicquam
1576 1627 1695 1700 contra

131 1743 238 1816 illurn
266 1766 326 1838 per
352 1766 388 1819 se
414 1745 469 1819 nel
496 1744 582 1818 alios
608 1744 733 1820 hostile
761 1745 979 1838 molirentur,
1017 1748 1091 1820 turn
1127 1745 1273 1841 primum
1310 1746 1389 1821 illos
1426 1769 1469 1822 ex
1497 1745 1701 1842 captivitate

132 1867 277 1942 larome
304 1865 339 1939 in
368 1864 584 1962 Principatue
615 1887 692 1940 euos
719 1865 862 1942 remisit.

618 2268 770 2340 trutteni
797 2287 817 2342 a
844 2269 1012 2341 Maronitis
1041 2268 1224 2342 mudantur.

247 2509 497 2582 Pruthenorum
526 2508 750 2602 primates-et
777 2508 993 2584 animosiores
1034 2509 1161 2583 milites
1197 2508 1232 2582 in
1268 2508 1348 2596 forti
1385 2509 1537 2584 exercitu
1564 2511 1690 2584 terram

136 2629 310 2704 Maeoniae
338 2629 483 2725 ingressi
509 2633 545 2704 et
571 2632 720 2704 castrum
740 2632 920 2706 Ploczenee
947 2629 1061 2704 subita
1087 2631 1340 2725 expugnatione
1358 2630 1478 2720 adorti,
1500 2631 1535 2704 in
1556 2653 1697 2726 maguae

137 2751 348 2826 temeritatis
375 2773 455 2826 euae
481 2751 639 2846 snperbia
666 2773 783 2846 capere
810 2751 917 2840 illud,
945 2753 981 2826 et
1007 2755 1132 2826 terram
1168 2751 1337 2826 Maeoniae
1373 2752 1549 2842 caedibus,
1577 2733 1696 2848 spoliis

134 2875 172 2946 et
200 2873 347 2946 dammis
373 2873 527 2966 affligere
553 2871 764 2947 nitebantur.
802 2873 867 2948 Sed
895 2896 916 2946 a
942 2874 1034 2947 Duce
1070 2871 1236 2948 Maeoniae
1271 2872 1427 2948 Boleelao
1463 2875 1499 2948 et
1536 2871 1697 2968 gentibus

140 2993 216 3068 euie
242 2993 364 3085 innaei,
393 2993 510 3090 paucis
538 2993 777 3085 suadentibus,
806 2993 973 3084 condicti,
1010 2993 1214 3069 temeritatis
1241 3015 1321 3070 suae
1348 2994 1537 3090 panderunt
1562 3015 1698 3090 poenas.

349 3395 436 3486 Papa
461 3394 617 3468 lenium
645 3399 781 3488 quadus
799 3395 932 3487 eiigitur
950 3399 985 3468 et
1011 3397 1044 3468 iu
1070 3395 1173 3470 notari
1199 3396 1279 3471 vrbs
1306 3399 1490 3470 coronetur.

244 3635 407 3710 Semoetri
434 3635 545 3730 spatio
572 3659 593 3710 a
619 3635 793 3712 vacatione
821 3635 991 3712 Ecclesiae
1018 3637 1189 3712 Romanae
1215 3637 1362 3727 effluxo,
1398 3636 1695 3731 vicesimaprima

135 3757 318 3832 Februarii
345 3757 462 3831 Simon
488 3755 693 3832 Turonensis
719 3757 816 3831 tituli
843 3759 986 3832 Sanctae
999 3757 1163 3832 Gaeciliae
1179 3760 1351 3853 presbyter
1366 3757 1565 3848 bardinaiis,
1584 3757 1619 3832 in
1638 3757 1699 3832 vi-

136 3878 305 3954 terbiensi
333 3877 462 3972 palatio
489 3878 525 3952 in
552 3881 680 3973 Papam
707 3878 849 3973 eligitur
884 3881 919 3954 et
954 3879 1123 3952 Martinus
1158 3885 1300 3970 quartus
1336 3879 1550 3973 appellatur,
1589 3879 1700 3953 vurc-

137 4000 258 4076 nensis
284 3999 406 4091 dictus,
436 3999 516 4092 qnia
543 3999 640 4091 iude,
680 4007 719 4074 ut
746 4001 886 4074 tradunt
911 3999 1094 4090 historiae,
1122 3999 1288 4094 originem
1314 3999 1425 4074 traxit
1441 3997 1488 4093 3),
1525 4001 1579 4074 nel
1616 3999 1699 4092 qnia

138 4122 189 4196 ibi
217 4121 368 4196 nutritus
395 4122 615 4197 referebatur.
644 4122 685 4194 In
713 4121 905 4215 sumptibus
933 4121 1135 4216 magnificus
1161 4124 1197 4196 et
1234 4120 1437 4216 religionum
1456 4122 1599 4196 amator.
1619 4122 1702 4196 Post

139 4242 342 4318 electionem
369 4245 482 4318 antem
510 4266 554 4318 ex
580 4243 732 4318 viterbio
760 4243 913 4332 dissedit,
941 4243 1171 4318 viterbienses
1186 4244 1212 4336 ⁴)
1239 4265 1397 4336 perosus:
1426 4242 1514 4333 qnod
1537 4242 1699 4318 dandina·

137 4366 208 4440 lem
236 4364 430 4440 Mathaeum
467 4363 503 4438 iu
536 4363 669 4458 prinata
695 4386 827 4438 camera
853 4366 1003 4458 tempore
1039 4363 1214 4438 electionis
1242 4385 1300 4457 per
1328 4362 1566 4438 contumeliam
1582 4363 1611 4456 ⁶)
1638 4385 1691 4438 re-

140 4487 336 4574 cluserant3
365 4488 401 4560 et
427 4484 521 4560 nenit
548 4484 583 4558 in
611 4485 739 4560 Urbem
766 4487 931 4575 ueterem,
967 4487 1003 4560 et
1029 4484 1103 4560 illic
1129 4487 1328 4575 coronatur,
1366 4487 1403 4560 et
1428 4482 1612 4560 residentia
1639 4505 1699 4580 per

138 4605 315 4682 biennium
344 4607 446 4698 facta
475 4605 511 4680 in
538 4605 759 4700 Perusium⁶)
786 4605 938 4680 transiit.

252 4919 276 5002 ¹)
300 4921 436 4982 Conrado
463 4919 534 4983 Cod.
557 4923 651 4982 Roer.
677 4917 703 5000 Ω)
726 4921 858 4982 Ducibus
881 4921 959 4982 deest
980 4922 1016 4982 ia
1042 4917 1105 4981 (iod
1127 4909 1201 4981 Aac.
1226 4917 1253 4998 ³)
1277 4937 1343 4981 earn
1364 4921 1491 4980 traxisse
1518 4919 1589 4979 Ood.
1606 4919 1700 4979 Rosr.

142 5023 173 5104 ⁴)
196 5025 413 5086 viterbiensem
435 5026 616 5085 mansionem
643 5023 714 5086 (iod.
739 5025 833 5086 Reor.
859 5020 885 5102 ὓ)
910 5027 988 5086 eines
1003 5025 1211 5085 viterbienses
1226 5041 1282 5099 per
1303 5024 1513 5085 contumeliam
1529 5015 1600 5084 Cori.
1623 5023 1707 5083 Reor

143 5127 172 5208 ⁶)
194 5129 341 5190 Parieium
364 5129 425 5189 Ed.
449 5129 537 5205 Lipc.
