4192 6272
415 527 491 598 466
1021 542 1134 594 crana
1160 542 1352 596 sarsurus.
1699 517 1760 613 (Α.
1781 517 1828 592 D.
1848 517 1966 614 1283.)

416 753 489 806 cam
517 730 720 821 universam,
749 729 889 804 Reum
918 749 1080 822 reuersus,
1109 728 1238 804 extulit
1265 730 1301 804 et
1327 727 1530 819 celebravit,
1560 725 1750 803 munificam
1779 727 1965 804 liberalite·

414 855 484 928 tem
511 854 545 927 et
572 851 773 927 civilitatem
801 851 1004 925 Polonorum
1031 851 1226 946 praedicans
1253 872 1362 926 coram
1391 849 1568 926 uniuersis.

588 1220 802 1292 bononorum
829 1217 993 1292 exercitur
1021 1235 1041 1289 a
1067 1216 1246 1290 wladislao
1273 1216 1453 1308 lirngrrioe
1479 1215 1565 1307 noge
1590 1215 1792 1308 profligetur.

518 1459 669 1535 Oldamir
695 1461 914 1534 (lomanorum
954 1459 1032 1533 Dux
1073 1459 1107 1532 in
1135 1461 1312 1554 superbam
1350 1457 1548 1534 iactentitm
1584 1457 1735 1532 elevatus
1755 1456 1798 1550 ¹),
1832 1456 1869 1529 et
1894 1476 1964 1530 crs·

414 1583 497 1656 dens
524 1603 560 1656 se
596 1581 788 1656 uniuersum
825 1580 1023 1674 Hungerice
1055 1580 1212 1673 Regnum
1250 1582 1386 1674 propter
1426 1579 1607 1655 Wledislai
1643 1576 1749 1672 Regis
1784 1597 1906 1671 prauos
1932 1577 1966 1650 et

413 1703 503 1778 leves
529 1725 637 1778 mores
664 1704 892 1792 subacturum,
921 1701 1134 1797 Hungcriam
1161 1701 1304 1775 inuadit.
1346 1701 1407 1774 Oui
1435 1700 1646 1777 Wladislous
1671 1698 1872 1793 Hungarine
1889 1697 1965 1772 Rex

412 1824 500 1899 circa
526 1825 638 1898 lacum
665 1824 761 1897 Hood
788 1844 974 1914 occurrens,
1003 1845 1115 1898 secum
1143 1823 1308 1917 confligit.
1345 1823 1390 1896 Et
1426 1823 1556 1916 praelio
1591 1821 1659 1894 acri
1687 1819 1963 1910 interutrosque

294 1924 296 1932 ’
412 1946 565 2035 durante,
594 1946 777 2040 tempestas
806 1944 927 2039 ingens
954 1945 1076 2036 coorto,
1106 1967 1164 2018 ora
1190 1947 1225 2018 ct
1252 1945 1369 2019 uultus
1396 1943 1616 2018 Gomauorum
1642 1944 1822 2017 verberans
1849 1942 1886 2016 et
1905 1941 1963 2014 ob-

412 2089 562 2156 caecans,
592 2089 714 2160 magno
741 2065 934 2140 adiumento
962 2065 1138 2161 Hungarie
1165 2065 1243 2154 fuit,
1272 2067 1311 2139 ut
1338 2065 1523 2140 vincerent.
1551 2065 1670 2138 Victus
1696 2063 1832 2137 mntem
1851 2064 1904 2137 est
1921 2063 1964 2136 ab

413 2188 589 2286 Hungaris
616 2187 778 2279 Oldamir,
807 2190 842 2262 ot
868 2188 977 2262 omnis
1004 2209 1085 2262 suus
1112 2187 1291 2277 exercitus,
1321 2186 1448 2281 paucis,
1477 2186 1535 2278 qui
1563 2185 1722 2281 fugiendo
1749 2185 1792 2260 ad
1818 2183 1964 2258 Theric-

413 2333 468 2387 ros
494 2312 681 2404 euaserant,
710 2309 872 2405 exceptis,
901 2310 1043 2385 deletus.

861 2666 1070 2782 ANNUS
1105 2668 1330 2781 DOMINI
1366 2668 1536 2781 1283.λ

436 2917 613 2992 littorum
640 2923 760 2992 torrem
787 2918 1078 2991 Soniomirienscm
1105 2923 1277 2992 restantes
1305 2919 1338 2990 in
1365 2936 1483 3008 mogun
1510 2918 1667 3008 potentin,
1694 2915 1812 2990 lestko
1840 2916 1936 3008 lligcr

530 3040 602 3111 ltux
628 3057 726 3131 porra
752 3056 850 3111 monn
877 3039 1063 3129 comitatus,
1091 3039 1242 3131 profliget
1268 3043 1303 3111 ot
1329 3057 1455 3112 omnem
1481 3037 1634 3130 proclam
1662 3041 1841 3129 recuperat.

513 3279 717 3356 Exacerbati
743 3280 838 3355 clade
866 3281 909 3356 ad
935 3281 1053 3356 Narem
1079 3279 1219 3355 fluuium
1255 3283 1412 3376 accepta,
1450 3279 1615 3354 Lithuani
1651 3279 1763 3354 dolore
1799 3277 1960 3354 continno

409 3403 629 3495 vexabantur,
658 3402 987 3494 stimulabanturque
1014 3404 1056 3504 acl
1083 3403 1291 3477 referendam
1319 3399 1455 3477 Polonis
1482 3402 1587 3478 uicem
1612 3403 1648 3476 ot
1674 3400 1847 3476 talionem.
1890 3403 1956 3475 De·

410 3527 502 3599 creta
529 3527 641 3599 aumm
668 3525 703 3599 et
730 3523 859 3599 indicta
886 3523 1118 3617 expeditione,
1156 3525 1190 3597 id
1227 3547 1287 3618 pro
1314 3523 1367 3597 sui
1394 3522 1550 3598 desiderii
1576 3523 1722 3598 faciliori
1749 3544 1960 3598 consumma·

409 3646 501 3720 tione
529 3646 699 3739 ponebant
725 3643 761 3718 in
789 3647 1013 3740 prospectum,
1041 3645 1209 3736 quatenus
1234 3645 1378 3719 Polonos
1405 3643 1441 3718 in
1469 3644 1704 3739 intempestivo
1730 3645 1766 3720 et
1797 3667 1863 3720 non
1884 3666 1961 3739 pro·
2076 3707 2077 3710 κ

409 3769 524 3861 specto
550 3768 710 3861 tempore,
740 3767 834 3841 velut
859 3766 1013 3842 incautos
1039 3766 1251 3842 invaderent.
1278 3767 1387 3857 Quam
1414 3765 1618 3840 sententiam
1644 3767 1680 3842 ot
1706 3765 1886 3840 consilium
1907 3787 1960 3840 se-

409 3887 491 3979 cuti,
520 3889 649 3962 aestate
675 3887 875 3980 transfloxa,
905 3889 1012 3962 multo
1040 3888 1223 3962 maioribus
1250 3887 1354 3982 copiis
1371 3909 1472 3981 quam
1487 3889 1577 3978 ante,
1596 3887 1827 3962 resistentiam
1843 3887 1957 3976 rerit',

410 4011 533 4102 quarta
560 4009 712 4083 Octobris
738 4009 811 4100 die,
841 4009 1143 4084 Sandomiriensem
1180 4011 1305 4084 terram
1342 4032 1401 4104 per
1435 4001 1690 4084 Lulrowiensem
1727 4008 1899 4104 regionem
1927 4012 1961 4082 et

409 4129 513 4204 silvas
540 4129 576 4204 in
603 4153 643 4205 ea
669 4130 911 4220 consistentes,
939 4131 1050 4204 subito
1077 4133 1113 4204 et
1139 4129 1318 4225 improvise
1344 4131 1549 4224 irrumpunt,
1577 4132 1613 4205 at
1639 4130 1747 4204 multa
1764 4130 1865 4206 caede
1883 4152 1959 4225 pas-

407 4251 471 4324 sim
499 4252 644 4346 patrate,
674 4274 734 4346 per
760 4251 850 4326 uicos
876 4253 912 4326 et
938 4251 1061 4346 oppida
1087 4251 1298 4339 discurmnt;
1328 4251 1583 4343 interiectisque
1610 4251 1745 4326 senibus
1781 4253 1817 4326 et
1844 4251 1956 4346 impu·

412 4371 569 4462 boribus,
598 4373 688 4447 riros
715 4373 751 4446 et
777 4371 940 4462 leminea,
969 4371 1185 4464 caeterosque
1211 4374 1364 4467 puberes,
1393 4393 1493 4467 pecus
1520 4395 1651 4466 quoquo
1677 4374 1713 4448 et
1730 4374 1886 4448 armenta
1903 4394 1958 4448 ra-

407 4493 518 4588 piunt,
547 4495 582 4567 et
607 4493 691 4567 citra
718 4515 779 4568 sex
807 4493 917 4568 millia
942 4495 1154 4585 Polonorum,
1182 4495 1256 4568 tum
1274 4495 1438 4569 nobilium
1457 4497 1492 4570 et
1511 4494 1645 4586 ciuium,
1665 4497 1738 4570 tum
1757 4496 1955 4590 agrestium,

409 4613 564 4708 pluribus
590 4613 780 4705 trucidatis,
809 4615 844 4688 in
871 4615 1070 4690 seruitutem
1088 4617 1270 4691 abducunt.
1298 4616 1427 4690 Milites
1445 4617 1557 4691 autem
1577 4616 1873 4707 Sandomiricnses,
1893 4617 1958 4692 etsi

409 4756 474 4809 non
502 4733 537 4807 in
565 4757 667 4828 paruo
693 4758 832 4810 numero
859 4736 1106 4810 Sandomiriam
1134 4736 1377 4828 convenissent,
1406 4737 1494 4811 tueri
1515 4739 1629 4812 tamen
1648 4738 1883 4812 tantummodo
1902 4759 1956 4812 cu·

405 4857 513 4930 strum
540 4858 576 4930 et
602 4855 775 4930 civitatem
802 4857 1104 4932 Sandomiriensem
1132 4857 1293 4947 contenti,
1322 4859 1413 4933 Duce
1440 4859 1609 4933 Inestlrone
1636 4857 1765 4952 Nigro,
1794 4858 1855 4951 qui
1883 4859 1956 4933 tnm

407 4976 584 5052 Grecoriae
611 4979 736 5072 agebat
762 4979 798 5052 et
824 4979 1027 5070 colloquium
1055 4981 1090 5053 et
1116 4980 1336 5068 conventum,
1375 4979 1414 5054 de
1441 4979 1686 5054 Lithuanorum
1722 4979 1840 5055 hostili
1868 4981 1956 5054 irru-

407 5097 524 5191 ptione
551 5119 612 5192 per
639 5098 780 5174 celerem
807 5099 966 5172 nuntium
993 5099 1133 5189 srisato,
1171 5123 1192 5173 a
1227 5098 1410 5174 certamine
1445 5102 1583 5194 propter
1609 5100 1662 5174 sui
1689 5100 1897 5195 paucitatem
1923 5103 1957 5175 et

408 5217 559 5293 hostium
585 5241 797 5295 numerosam
824 5219 1078 5296 muli'tudinem
1119 5221 1345 5312 abstinebant,
1374 5222 1512 5316 propter
1537 5222 1626 5313 quod
1651 5222 1787 5298 barbari
1812 5223 1953 5299 liberius

407 5387 821 5404 m

515 5475 538 5564 ¹)
562 5481 655 5544 cletus
681 5480 752 5545 Ood.
779 5479 861 5546 Calo.
