4172 6278
390 547 437 618 17
442 546 463 618 6
1024 563 1137 616 arens
1164 563 1316 617 snxrns.
1656 538 1724 645 (Α.
1745 541 1791 618 D.
1811 539 1939 645 l205.)

387 751 527 827 dotent:
569 749 690 844 quibus
722 769 878 844 processu
914 749 1076 845 temporis
1112 751 1193 826 adeo
1229 751 1416 825 castratum
1442 771 1514 826 esse
1541 752 1685 844 ansus,
1714 753 1754 826 ut
1780 776 1847 827 non
1873 752 1940 827 nisi

387 873 423 948 in
450 873 655 967 [negatorum
693 872 808 966 platea
843 871 997 966 lapidea,
1026 874 1062 948 et
1088 873 1171 948 haec
1198 873 1272 966 ipsa
1299 873 1432 948 deserta
1458 875 1493 948 et
1519 896 1563 947 err
1589 873 1764 949 stillicidio
1791 875 1937 964 minato,

386 998 423 1070 et
448 995 541 1069 locus
567 993 603 1067 in
630 993 758 1088 postico
785 993 956 1068 domorum
994 993 1258 1085 canonicalium,
1296 1017 1339 1069 ex
1366 996 1438 1068 tam
1465 995 1677 1089 simplissima
1702 996 1780 1070 dote
1806 1018 1938 1071 reman-

388 1116 483 1191 serit.
512 1115 635 1190 caedes
662 1115 807 1190 Romani
834 1116 937 1188 Ducis
957 1117 992 1189 et
1011 1137 1146 1190 suorum
1174 1115 1383 1190 exercituum
1411 1117 1492 1191 adeo
1518 1116 1752 1192 Ruthenorum
1773 1139 1935 1212 proceres,

388 1237 608 1330 nationesque
640 1237 819 1312 attriverat
855 1239 957 1329 atque
995 1237 1255 1329 humiliaverat,
1285 1239 1324 1311 ut
1350 1239 1444 1312 ultra
1470 1262 1535 1312 non
1563 1236 1725 1314 auderent
1745 1239 1768 1333 ¹)
1794 1240 1935 1315 Polono-

387 1383 462 1434 rum
489 1360 597 1434 terras
624 1359 801 1434 lacessere.
847 1359 1034 1454 Episcopus
1061 1359 1349 1436 Wladimiriensis
1376 1359 1562 1434 marimum
1589 1383 1633 1435 ex
1659 1360 1720 1433 illa
1746 1362 1835 1455 apud
1862 1383 1939 1435 suos

387 1481 565 1556 Rathenos
580 1480 608 1574 ⁹)
636 1481 848 1575 praeconium
885 1483 1083 1556 consecutus
1121 1482 1212 1556 loma
1244 1483 1279 1557 ot
1311 1481 1486 1575 opinione,
1524 1481 1622 1573 quasi
1657 1481 1765 1556 futuri
1800 1485 1939 1557 eventus

388 1603 559 1698 praescius
585 1603 714 1676 cladem
741 1603 892 1676 Romano
920 1603 1004 1676 Duci
1032 1603 1249 1697 praedixerit,
1279 1603 1421 1678 celebris
1447 1604 1645 1678 habebatur.
1674 1604 1798 1677 Fertur
1816 1605 1937 1678 Rorna-

389 1746 453 1798 nus
480 1726 576 1798 nocte
612 1724 740 1798 cladem
773 1724 992 1819 praecedente
1028 1747 1087 1818 per
1123 1725 1270 1817 quietem
1307 1725 1511 1814 somniasse,
1549 1725 1636 1818 quod
1670 1747 1794 1820 parrae
1829 1725 1938 1800 arium

391 1849 494 1922 rubra
522 1847 635 1940 capita
653 1848 752 1939 (quas
770 1847 847 1921 Sca
857 1847 960 1941 pgel
973 1847 1027 1941 kp
1045 1849 1273 1941 appellamus)
1291 1845 1525 1940 habentiumb
1543 1869 1702 1921 numerus
1719 1850 1762 1921 ab
1775 1869 1815 1922 oa
1833 1849 1937 1942 parte,

389 1991 457 2059 qua
483 1967 695 2046 Sandomiria
722 1968 790 2042 sita
816 1970 879 2057 est,
909 1969 1111 2059 adveniam,
1141 1968 1326 2043 maximum
1354 1989 1529 2062 passerum
1555 1991 1729 2043 numerum
1758 1969 1938 2044 devorarit.

390 2091 430 2163 Id
459 2113 534 2166 curn
561 2089 681 2165 aruicis
708 2089 743 2162 in
771 2089 920 2164 diluculo
947 2091 1141 2181 retulisset,
1175 2090 1255 2165 licet
1282 2090 1434 2185 plerique
1471 2090 1607 2165 iuuenes
1641 2090 1726 2164 felix
1754 2090 1938 2186 auspicium

392 2212 688 2306 pronuntiassent,
717 2234 814 2286 senes
841 2213 955 2285 tamen
983 2215 1018 2286 ot
1046 2212 1228 2306 prudentes
1265 2215 1486 2287 astruxerunt
1521 2213 1687 2287 somnium
1722 2213 1821 2287 triste
1856 2235 1938 2300 esse,

389 2336 424 2408 et
450 2333 587 2410 Polonis
614 2333 749 2424 quidem
779 2333 910 2408 felicem
939 2335 1136 2426 portendere
1164 2355 1373 2424 successum,
1402 2334 1573 2408 Ruthenis
1600 2357 1677 2409 aero
1705 2336 1880 2409 adversum
1905 2337 1940 2408 et

390 2455 635 2530 calamitosum.

830 2782 1021 2896 Polemonos
1047 2824 1151 2896 lineas
1177 2823 1314 2896 brasias
1342 2823 1503 2914 affligunt.

496 3063 729 3138 Vastationom
757 3064 936 3156 crudelem,
965 3087 1066 3157 quam
1094 3063 1129 3138 in
1156 3087 1203 3156 se,
1233 3065 1399 3155 terrisque
1426 3064 1498 3138 suis
1525 3064 1669 3138 Russiae
1695 3065 1804 3137 Duces
1831 3085 1853 3138 a
1881 3065 1941 3138 Po-

346 3279 350 3288 ·
390 3185 522 3260 loacais
549 3186 771 3278 pertulerant,
803 3186 955 3261 dolentes
982 3186 1016 3259 iu
1045 3209 1119 3260 eam
1146 3185 1235 3260 diem
1263 3187 1312 3260 eis
1338 3187 1516 3260 transiisse
1543 3185 1767 3280 impunitam,
1804 3185 1941 3279 expedi·

390 3307 517 3382 tionem
553 3308 671 3380 contra
697 3307 883 3382 Polouenos
917 3308 1122 3382 concludunt
1147 3310 1182 3383 et
1209 3308 1373 3382 indicunt.
1419 3309 1448 3381 Ε
1492 3309 1679 3402 opportuno
1705 3309 1857 3401 tempore
1884 3308 1942 3381 ad·

391 3429 559 3521 ueniente,
591 3429 719 3504 radunt
745 3430 854 3504 Duces
881 3429 1026 3504 Russiae
1053 3451 1127 3504 curm
1155 3429 1260 3524 copiis
1287 3430 1357 3504 suis
1373 3453 1427 3504 ex
1451 3429 1566 3521 equite
1592 3431 1628 3503 et
1654 3429 1767 3522 pedite
1793 3427 1944 3503 collectis

391 3553 509 3626 contra
534 3553 732 3642 Poloucaos,
760 3551 920 3626 videlicet
946 3551 1054 3626 Rurilr
1074 3552 1287 3646 Kyouiensis,
1316 3552 1487 3626 Iaroslaus
1506 3550 1800 3641 Pereaslariensis,
1829 3551 1942 3646 magni

391 3673 591 3748 Wsneueldi
620 3673 722 3763 lilius,
751 3673 923 3748 Romanus
949 3673 1165 3748 Mecislauicn
1184 3673 1409 3748 Halicniensis
1428 3676 1463 3749 et
1480 3672 1778 3766 Wladimiriensis‚
1806 3675 1843 3747 et
1859 3673 1943 3747 Ros·

392 3795 518 3870 cislaos
544 3795 772 3870 Mecislauica.
814 3795 860 3868 ldt
896 3795 1094 3871 invadentes
1129 3797 1367 3886 tabernacula,
1404 3817 1489 3888 quae
1517 3795 1583 3890 ipsi
1611 3795 1722 3890 magis
1749 3795 1883 3890 proprio
1909 3798 1943 3869 et

281 3933 283 3940 ’
391 3916 518 3992 usitato
544 3918 704 3992 uocabulo
732 3918 852 4006 turres,
873 3915 907 3990 id
925 3920 977 3991 est
994 3916 1230 4012 Wyeszeq,
1251 3917 1439 4012 appellant,
1460 3938 1602 4011 magnos
1621 3938 1742 4012 greges
1769 3917 1941 3990 hominum

390 4039 566 4133 utriusque
593 4059 717 4130 sexus,
747 4037 882 4113 sonibus
909 4038 1107 4130 trucidatis,
1136 4060 1277 4133 magnas
1305 4039 1447 4133 praedas
1475 4039 1700 4130 camelorum,
1729 4059 1884 4132 pecorum
1910 4039 1943 4111 et

392 4162 557 4254 pecudum
585 4159 725 4255 capiunt
750 4161 784 4235 et
811 4159 847 4233 in
873 4160 1032 4235 ltnssiam
1059 4161 1246 4252 deducunt,
1275 4161 1453 4256 plerosque
1468 4160 1496 4254 ⁵)
1523 4181 1600 4235 uero
1627 4159 1841 4235 Ruthenicae
1858 4181 1940 4254 gen-

390 4282 437 4356 tis
463 4282 615 4378 captiuos
629 4280 677 4378 ⁶);
718 4283 754 4356 ot
781 4281 914 4376 praedis
941 4305 980 4356 ac
1007 4282 1126 4377 spoliis
1154 4281 1354 4357 multifariis
1381 4281 1513 4374 onusti,
1543 4283 1675 4357 nullam
1702 4281 1771 4376 ipsi
1797 4280 1942 4356 aduersi·

390 4403 497 4479 tatem
524 4404 584 4478 ant
611 4401 840 4479 resistentiam
867 4403 980 4498 passi,
1009 4403 1046 4476 in
1073 4403 1233 4479 Russiam
1259 4406 1388 4480 alacres
1414 4405 1654 4480 revertuntur:
1695 4403 1736 4477 de
1762 4425 1829 4496 quo
1855 4403 1940 4498 apud

389 4525 535 4600 ltussiae
562 4523 717 4621 regiones
744 4525 879 4600 laetitia
906 4525 1071 4621 ingenae
1099 4527 1212 4602 coorta
1237 4527 1300 4602 est.
1348 4527 1395 4600 at
1421 4525 1580 4618 quoniam
1607 4524 1717 4600 Rurik
1745 4523 1942 4619 Kporiensis

390 4647 471 4721 Dux
488 4647 675 4722 Poloucnos
703 4647 745 4720 ad
768 4648 968 4722 uastamum
988 4647 1133 4723 Russiae
1159 4649 1268 4722 terras
1295 4647 1502 4722 conduxerat
1528 4649 1564 4723 et
1589 4646 1739 4721 omnium
1766 4646 1940 4735 malorum,

391 4790 477 4860 quae
504 4767 539 4842 in
566 4767 668 4844 terris
695 4767 840 4844 Russiae
867 4769 1007 4864 patrata
1033 4770 1180 4861 fuerant,
1209 4769 1326 4845 auctor
1353 4769 1536 4860 extiterat,
1564 4791 1584 4844 a
1611 4769 1764 4844 Romano
1790 4767 1941 4844 liscisla·

393 4889 473 4966 sica
500 4889 707 4964 Halieniensi
734 4892 770 4964 et
796 4890 1066 4967 Wladimiriensi
1091 4893 1194 4984 Duce,
1234 4889 1376 4967 caeteris
1412 4891 1611 4986 rogantibus
1646 4892 1682 4966 et
1712 4889 1940 4984 probantibus,

391 5011 470 5087 dum
498 5035 541 5088 ox
568 5011 747 5087 Poloucais
775 5011 935 5105 redirent,
964 5013 1157 5109 captivatur
1169 5035 1178 5102 ;
1211 5012 1270 5106 qui
1297 5013 1396 5086 illum
1424 5013 1618 5089 catenatum
1645 5011 1682 5086 in
1709 5011 1816 5106 Kyou
1841 5010 1940 5086 dedu·

499 5305 522 5385 ¹)
546 5308 689 5370 adderent
717 5305 786 5370 (lod.
810 5306 883 5371 Aut.
929 5307 1129 5386 ⁹)Rutl1enos
1154 5308 1236 5369 clade
1262 5302 1332 5369 cos.
1348 5309 1442 5369 soar.
1481 5304 1508 5385 ³)
1531 5307 1700 5369 habentium
1721 5307 1854 5368 deestis
1872 5301 1941 5366 (lod.

391 5410 465 5473 Aut.
512 5409 538 5491 ⁴)
560 5413 662 5474 Wiere
687 5410 758 5475 Cod.
783 5414 876 5474 Roas.
898 5413 1000 5474 Wiece
1023 5413 1082 5474 Ed.
1105 5414 1192 5490 nepe.
1241 5408 1269 5484 ὕ)
1292 5413 1425 5486 plerique
1451 5411 1522 5474 coa.
1546 5413 1639 5474 Roas.
1686 5407 1713 5489 ο)
1736 5412 1845 5486 captivi
1870 5409 1939 5472 God.

391 5518 484 5578 Roas.
532 5514 560 5594 7)
582 5519 723 5578 immensa
744 5516 804 5577 Ed.
827 5518 920 5578 Dobr.
