4208 6282
149 535 205 630 (Α.
225 536 273 612 D.
293 537 400 632 1192.)
771 560 883 612 urana
910 560 1063 614 sexsus.

593 947 801 1063 ANNUS
837 948 1063 1062 DOMINI
1102 949 1236 1065 1192.

147 1233 324 1308 rachim
351 1251 462 1306 neren
487 1233 612 1306 deduci
638 1235 751 1308 trrtrts
782 1236 929 1323 ulturno,
956 1235 989 1307 in
1016 1235 1179 1308 Prossirur
1205 1233 1315 1324 radit,
1350 1235 1521 1328 omniaque
1549 1236 1632 1308 torro
1660 1239 1695 1310 ot

146 1355 216 1445 igno
233 1357 366 1445 rutel,
389 1354 629 1447 hutlonosqro
648 1355 690 1428 ad
708 1357 833 1428 tributa
850 1360 978 1430 retenta
995 1355 1151 1430 soluenda
1169 1360 1203 1430 et
1221 1355 1353 1429 obsides
1372 1355 1498 1428 drutus
1517 1357 1693 1449 conpellit.

246 1595 388 1670 Plenam
415 1597 450 1669 et
478 1593 642 1670 sinceram
669 1595 864 1670 Kazirnirus
891 1595 1049 1670 Poloniae
1075 1595 1154 1669 Dux
1182 1597 1217 1670 et
1243 1596 1426 1672 Monarcba
1447 1595 1693 1672 reconciliatio·

145 1737 218 1790 narn
246 1737 323 1790 cunr
350 1717 455 1792 fratre
482 1739 542 1792 suo
568 1718 756 1812 Mpeccslao
783 1718 869 1793 Sene
895 1717 1032 1792 Maioris
1060 1717 1216 1792 Poloniae
1242 1718 1346 1808 Duce,
1376 1717 1525 1792 omniurn
1552 1717 1694 1810 denique

144 1839 308 1912 unarum
336 1859 473 1912 suumn
500 1840 536 1913 et
562 1837 818 1932 Principatuum
845 1841 973 1914 statum
1009 1838 1185 1932 pacificum
1221 1839 1431 1929 consecutus,
1459 1839 1502 1912 ad
1529 1839 1692 1914 ulciscen-

144 1959 220 2030 dum
249 1958 369 2032 fratris
396 1959 550 2054 germani
576 1959 715 2035 Henrici
744 1959 844 2054 primi
873 1959 1154 2034 Sandomiriensis
1181 1959 1301 2052 Ducis,
1338 1961 1373 2034 ot
1400 1959 1570 2036 exercitus
1595 1960 1693 2035 Polo·

144 2078 221 2169 uici,
249 2079 368 2154 fraude
396 2102 417 2154 a
443 2080 627 2154 Pruthenis
653 2081 801 2156 locorum
829 2080 1011 2173 iniquitate
1035 2081 1263 2172 circumuenti,
1292 2083 1444 2174 rnortern,
1472 2080 1713 2156 uninomia.

143 2199 263 2292 tondit,
293 2204 328 2275 et
354 2203 471 2276 contra
496 2202 698 2294 Pruthenos‚
727 2203 849 2293 quibus
876 2203 918 2276 ad
946 2201 980 2276 id
1007 2224 1111 2296 usque
1146 2202 1307 2297 temporis
1328 2202 1351 2298 ¹)
1387 2202 1556 2296 impunita
1582 2203 1694 2278 fuerat

142 2343 254 2396 eorum
282 2345 387 2416 prava
420 2322 607 2414 temeritas,
645 2323 799 2398 omnibus
834 2323 940 2418 copiis
973 2324 1100 2398 bellurn
1136 2325 1304 2418 gesturus,
1341 2324 1496 2398 omnibus
1531 2323 1632 2398 terris
1658 2325 1693 2397 ct

143 2441 393 2537 Principotibus
421 2444 621 2518 Polonornm
648 2444 897 2539 expeditionem
925 2444 1055 2518 indicit.
1082 2445 1289 2540 Myecnslaus
1315 2443 1427 2520 Senex
1452 2444 1692 2519 Posnaniensis

142 2564 225 2654 Dux,
266 2563 376 2638 filium
412 2545 607 2641 Boleslaum
642 2587 718 2642 cunr
753 2565 958 2642 exercitibus
985 2565 1020 2639 in
1048 2588 1122 2640 earn
1157 2565 1406 2660 expeditionem
1441 2565 1689 2660 transmittens,
1760 2657 1764 2664 ²

141 2685 225 2758 dorni
254 2688 476 2776 remanseran
509 2687 686 2763 Boleslaus
711 2710 789 2762 uero
817 2685 919 2762 Altus
946 2686 1236 2764 Wratislariensis
1271 2690 1307 2762 et·
1332 2688 1539 2783 Mycczslaus
1565 2687 1689 2762 Rathi-

141 2804 305 2880 boriensis
330 2806 451 2897 Duces,
488 2789 628 2902 nepotes
661 2807 827 2882 Karimiri
855 2810 890 2881 et
917 2806 981 2882 filii
1008 2807 1089 2883 olirn
1116 2806 1307 2900 wladislai,
1341 2807 1562 2901 personaliter
1588 2805 1690 2902 profi·

142 2925 325 3001 ciscuntur.
370 2927 453 3001 Ourn
481 2929 595 3002 autern
631 2929 787 3024 singulae
824 2928 938 3024 copiae
964 2930 1007 3002 ad
1033 2928 1192 3023 oppidum
1220 2929 1337 3004 Gholnr
1352 2927 1380 3022 ²)
1416 2951 1519 3024 supra
1545 2929 1691 3006 Wislam

7 3105 8 3108 κ
141 3047 240 3122 situm
270 3047 515 3141 conuenissent,
543 3049 677 3150 aciebus
705 3049 881 3142 ordinatis,
909 3049 946 3126 in
964 3049 1137 3126 Prussiarn
1163 3050 1330 3126 cauteloso
1357 3051 1392 3125 et
1418 3050 1594 3145 explorato
1611 3072 1691 3145 gro·

140 3170 192 3262 dn,
220 3192 265 3245 ne
294 3169 371 3262 quis
406 3169 504 3246 dolus
539 3171 770 3246 aPruthenis
806 3171 1011 3264 iniiceretur‚
1048 3193 1240 3266 processum
1276 3173 1340 3263 est,
1376 3171 1580 3266 flumineque
1606 3173 1691 3247 Ossa

139 3293 308 3385 supano,
336 3313 442 3384 usquc
468 3292 511 3366 ad
537 3292 698 3368 interiora
725 3294 951 3387 penetratum,
980 3314 1111 3367 sunnna
1138 3315 1269 3386 quoque
1296 3315 1387 3385 cura,
1415 3275 1613 3386 s‘unrmaque
1639 3294 1690 3368 di-

137 3412 283 3506 ligentia
308 3414 344 3488 et
369 3412 505 3488 stativis
533 3414 748 3510 eligebantur
781 3415 865 3506 loco,
895 3416 930 3488 et
948 3437 990 3490 ne
1008 3415 1044 3488 in
1062 3415 1278 3508 pabulatores
1305 3412 1539 3510 eruptionosb
1566 3417 1689 3490 aPru-

139 3534 249 3608 thanis
277 3522 418 3626 darent,
442 3557 485 3610 ne
512 3535 589 3628 quis
615 3535 754 3630 insuper
779 3537 874 3611 locus
901 3557 962 3610 sua
988 3535 1172 3626 iniquitate
1198 3535 1401 3612 detrimento
1427 3535 1564 3611 Polonis
1590 3536 1688 3627 foret,

139 3654 336 3730 Karimirus
359 3656 440 3729 Dux
465 3657 536 3731 tarn
563 3679 623 3751 per
648 3679 696 3749 se,
725 3679 826 3750 quarn
853 3679 914 3752 per
940 3657 1128 3752 praefectos
1163 3657 1369 3751 providebat.
1414 3655 1581 3732 Prutheni
1614 3679 1690 3732 cunr

139 3777 340 3852 Polonorurn
367 3776 472 3872 copiis
499 3779 658 3872 congredi
685 3800 752 3853 non
778 3779 863 3872 ausi,
893 3780 953 3854 aut
980 3779 1016 3852 in
1044 3779 1195 3873 paludes,
1229 3780 1288 3852 aut
1314 3777 1349 3852 in
1377 3781 1550 3855 concretas
1576 3801 1690 3854 nomo-

138 3919 210 3972 rurn
236 3898 436 3990 densitates,
464 3898 622 3992 inviaque
648 3901 732 3992 loca,
767 3922 853 3994 quae
879 3901 952 3975 sine
978 3899 1127 3996 periculo
1154 3923 1221 3974 non
1248 3901 1405 3994 poterant
1430 3899 1528 3991 adiri,
1556 3900 1689 3994 refuge

139 4021 232 4108 rnnt;
270 4020 416 4094 Polonos
450 4021 565 4094 tarncn
601 4021 748 4095 locorum
782 4021 964 4114 iniquitate
1000 4022 1192 4114 frequenter
1227 4020 1427 4116 intercipere
1453 4021 1634 4095 tentabant
1649 4019 1689 4115 ι).

138 4137 222 4234 Quos
249 4161 328 4215 curn
355 4139 550 4216 Karindm
568 4143 768 4216 Polonornm
795 4143 874 4215 Dux
900 4143 943 4216 ad
970 4164 1120 4236 pugnarn
1153 4141 1273 4218 elicere
1300 4164 1366 4216 non
1393 4143 1519 4236 posset,
1548 4143 1583 4216 ct
1609 4161 1688 4216 ras·

137 4261 303 4336 tationem
338 4283 495 4358 agrorum
531 4264 566 4338 et
592 4263 749 4340 incendia
783 4263 933 4338 vicorum
961 4264 1062 4359 longe
1089 4264 1224 4356 lateque
1250 4263 1351 4338 iussit
1377 4262 1528 4354 extendi,
1556 4264 1590 4337 et
1617 4264 1689 4337 tarn

137 4385 277 4476 puberes
306 4406 409 4475 quam
441 4383 631 4478 impuberes
667 4385 791 4460 necari.
837 4386 965 4480 Ingens
991 4385 1107 4477 itaque
1133 4384 1325 4476 trucidatio,
1354 4387 1393 4458 ut
1420 4407 1555 4458 suorum
1582 4383 1687 4459 inter-

137 4503 301 4580 fectorum
327 4504 483 4580 manibus
513 4508 761 4600 parentaretur,
798 4529 865 4582 non
891 4509 964 4580 tam
989 4509 1128 4601 propter
1154 4505 1256 4582 Ducis
1283 4505 1479 4600 imperium,
1519 4527 1619 4598 quarn
1647 4507 1688 4580 ob

136 4623 258 4700 instnrn
286 4626 376 4701 irum
401 4626 505 4718 edita,
534 4629 695 4703 barbaros
708 4628 738 4722 6)
763 4649 878 4722 pacem
906 4629 1019 4722 petere
1046 4627 1168 4722 coegit.
1208 4628 1383 4703 Venerunt
1409 4627 1575 4718 siquidem
1602 4628 1687 4700 Pru-

136 4745 315 4824 thanorum
351 4747 504 4838 maiores,
542 4751 576 4824 et
612 4751 656 4824 ad
691 4750 792 4844 pedes
819 4748 987 4824 Kariniri
1014 4749 1050 4822 in
1077 4751 1203 4824 terram
1230 4748 1397 4844 prolapsi,
1428 4747 1687 4824 misericordiam

135 4871 372 4962 pacamur,
408 4871 578 4964 rogantoe,
607 4871 647 4945 ut
673 4871 761 4946 ferro
788 4870 881 4966 parci
908 4869 1094 4962 mandaret,
1132 4871 1167 4946 et
1195 4870 1401 4947 miserandas
1428 4892 1542 4946 eorum
1577 4869 1687 4945 delere

135 5011 199 5064 non
225 4992 389 5087 pergeret
411 4991 587 5084 reliquias,
614 4991 699 5066 satis
726 5013 763 5066 ss
789 5014 971 5088 poenarum
998 5013 1058 5086 pro
1084 4991 1276 5068 tomeritate
1303 5013 1417 5068 eorum
1439 4990 1606 5080 intulisse3
1634 4992 1686 5066 ot·

135 5109 281 5187 terentes
310 5133 358 5204 se,
387 5113 422 5187 et
448 5111 551 5186 solitu
577 5115 612 5188 et
638 5114 773 5188 retento
798 5113 928 5188 tributa
954 5113 1108 5208 pendere,
1136 5114 1172 5188 et
1198 5135 1414 5208 quaecunque
1440 5111 1594 5208 legitimo
1620 5111 1685 5186 im·

240 5389 264 5468 l)
288 5391 430 5465 temporis
453 5391 578 5467 spatium
604 5389 676 5454 Ocri„
698 5391 792 5453 Roar.
833 5388 863 5472 ῃ)
884 5391 1003 5453 Tbcrun
1028 5391 1100 5454 dod.
1122 5391 1214 5454 Rosa.
1236 5395 1263 5456 er
1285 5391 1346 5454 Ed.
1367 5391 1461 5454 chr.
1496 5387 1684 5470 ²)irruptio·

135 5509 184 5555 nes
206 5495 267 5558 Ed.
290 5495 387 5556 Dobr.
426 5491 452 5575 ⁴)
475 5496 657 5572 satagebant.
673 5497 733 5558 Ed.
756 5497 850 5559 Dobr.
890 5493 916 5576 5)
938 5497 1069 5560 Berones
1092 5497 1154 5560 Ed.
1176 5495 1311 5558 Deba,
1420 5491 1452 5546 L
1510 5509 1523 5546 z
1679 5487 1689 5498 ’“
