4140 6298
363 537 437 612 296
870 554 874 566 ·
967 556 1079 610 amns
1106 555 1301 612 susumus.
1629 533 1699 634 (Α.
1714 533 1768 611 ’ὓς
1785 533 1917 634 dada)

362 743 527 842 potentiis
553 741 671 838 unitis,
699 742 846 840 primum
872 743 916 820 ad
942 743 1092 822 castrum
1117 743 1343 840 Wischegrod
1369 743 1406 819 in
1432 743 1526 821 terra
1551 743 1768 822 Pomereniae
1796 743 1914 837 situm,

362 889 556 964 processum
581 867 646 944 eet.
687 865 758 962 Quo
786 869 993 963 expugnato,
1023 866 1127 942 etiarn
1153 867 1263 943 omnis
1288 869 1380 944 terra
1405 866 1625 944 Pomeraniae
1650 868 1786 944 aune
1812 868 1915 960 atoue

363 989 507 1066 flammis
534 989 658 1066 exusta
683 989 747 1082 est,
776 989 812 1064 et
837 1010 963 1086 magna
989 987 1173 1064 multitudo
1204 988 1352 1094 uirorum
1378 989 1413 1065 et
1439 989 1642 1066 feminarum
1668 988 1705 1064 in
1732 988 1914 1085 captiuita-

362 1113 432 1188 tem
458 1111 571 1188 ducta.
620 1109 754 1186 Exinde
780 1111 815 1187 et
842 1111 884 1186 ad
911 1111 1060 1187 castmm
1095 1110 1207 1188 Nakel
1228 1110 1269 1206 ¹),
1307 1111 1396 1204 quod
1432 1111 1649 1208 Suantopelk
1674 1113 1737 1186 sub
1764 1109 1914 1187 Ducibus

361 1233 501 1310 Maioris
527 1233 688 1310 Poloniae
714 1231 921 1310 Praemisleo
939 1235 975 1308 et
992 1233 1149 1310 Boleslao
1175 1232 1410 1330 interceperat,
1438 1233 1598 1311 ventum:
1626 1234 1714 1328 qued
1732 1233 1826 1309 illico
1849 1234 1915 1308 Po-

362 1354 504 1449 merani,
533 1355 641 1432 vitam
667 1356 900 1432 tantummodo
927 1377 1004 1432 curn
1035 1355 1153 1451 paucis
1187 1357 1288 1432 rebus
1323 1355 1427 1453 pacti,
1464 1355 1669 1434 Praemislao
1695 1357 1731 1432 et
1756 1355 1915 1432 Boleslao

362 1477 512 1555 Ducibus
538 1477 768 1567 tradiderunt;
796 1500 817 1553 a
843 1477 966 1570 quibus
993 1476 1172 1574 quidenn’)
1198 1478 1348 1554 Ducibus
1374 1481 1525 1556 castrum
1551 1477 1716 1554 Sbanssin
1731 1475 1761 1574 ³)
1786 1501 1826 1554 eo
1852 1499 1914 1552 an.-

363 1624 407 1677 no
424 1602 582 1678 erectum
608 1601 643 1676 et
669 1601 899 1678 constructum
925 1601 990 1677 est.
1028 1600 1245 1697 suantopelk
1273 1602 1386 1676 autem
1413 1603 1449 1678 et
1473 1602 1676 1678 Polonorum
1702 1601 1739 1678 et
1764 1598 1915 1676 Gracile-

362 1746 475 1800 rorum
502 1721 690 1819 potentiam
724 1721 864 1816 ueritus,
902 1745 944 1798 ne
971 1722 1134 1818 potentiis
1170 1723 1278 1798 unitis
1314 1746 1376 1799 sua
1411 1725 1608 1819 sequeretur
1643 1745 1687 1798 ex
1713 1720 1915 1798 Pomerania

362 1844 529 1941 expulsio,
559 1866 635 1920 curn
661 1843 844 1920 Theodrico
872 1845 1036 1920 marsalco
1063 1846 1098 1921 et
1124 1844 1305 1920 (lruciferis
1332 1867 1391 1940 per
1418 1868 1553 1942 operam
1579 1843 1766 1922 Guilhelmi
1803 1845 1914 1939 lega·

362 1967 392 2044 ti
418 1965 596 2063 apostolici
622 1965 658 2042 in
678 1965 888 2042 concordiam
915 1965 1028 2059 rediit,
1057 1965 1232 2060 filiumque
1259 1989 1358 2042 suurn
1384 1967 1597 2044 llestuinum
1613 1968 1652 2062 ⁴),
1681 1967 1763 2041 item
1790 1965 1916 2062 Wepat

362 2089 525 2166 Comitem
560 2089 596 2165 et
630 2087 805 2164 limarum
839 2088 1061 2184 burgrabium
1100 2071 1232 2166 obsides
1268 2089 1371 2166 dedit.
1417 2089 1490 2184 Qua
1524 2090 1713 2182 celebrata,
1751 2085 1915 2163 cruciferi

363 2211 518 2290 omnibus
544 2211 691 2305 captiuis
718 2212 956 2307 suantopolko
982 2211 1133 2304 redditis,
1164 2213 1314 2288 castrum
1340 2211 1547 2290 Zartauncua
1571 2212 1770 2288 nullatenus
1796 2210 1914 2286 radde-

362 2356 399 2410 re
424 2334 615 2428 uoluerunt,
644 2335 783 2429 propter
809 2331 905 2409 cuim
932 2333 1183 2412 restitutionem
1209 2334 1386 2412 concordia
1411 2357 1471 2433 per
1504 2334 1821 2430 suantopelkonem
1847 2330 1916 2406 luit

362 2454 599 2553 principaliter
624 2457 813 2552 acceptata.
1360 2467 1362 2473 '

414 2824 583 2918 despilrle
610 2823 722 2900 sancti
747 2823 899 2899 blancis
926 2825 960 2897 ir
986 2823 1112 2898 dumne
1139 2823 1339 2898 monasterio
1357 2824 1595 2918 lseodcricaal
1618 2823 1864 2902 commendetur

1020 2951 1054 3021 el
1080 2947 1260 3022 subiicitur.

468 3187 694 3266 Praemislans
720 3187 858 3264 llaioris
884 3187 1044 3266 Poloniae
1075 3189 1154 3264 Dux
1181 3211 1257 3265 cnm
1292 3189 1399 3265 fratre
1435 3213 1495 3265 suc
1531 3187 1661 3265 iuniore
1697 3189 1854 3265 Boleslao
1880 3190 1915 3265 et

363 3309 531 3406 genitrice
564 3333 679 3388 eorum
714 3311 885 3408 Helioga,
922 3310 1169 3407 lipeclnoriensi
1199 3312 1390 3407 praeposito
1425 3313 1461 3386 et
1495 3312 1697 3388 monasterio
1732 3335 1773 3388 ac
1803 3309 1914 3386 ordini

363 3432 480 3510 Sancti
507 3432 686 3529 Sepulchri
712 3432 881 3510 Dominici
907 3433 1210 3530 Hierosolymitani
1237 3434 1407 3530 hospitale
1433 3434 1551 3510 Sancti
1569 3434 1731 3510 Iohannis
1749 3433 1786 3508 in
1804 3433 1913 3510 Gnes-

363 3577 418 3649 na,
447 3557 488 3630 de
514 3577 677 3632 consensu
702 3555 864 3632 Falconis
890 3555 1134 3652 archiepiscopi
1161 3558 1197 3633 et
1222 3556 1275 3632 sni
1302 3556 1452 3652 Capituli
1484 3556 1702 3650 (lucanensis,
1730 3555 1915 3632 subiiciunt

362 3679 398 3754 et
425 3678 624 3770 conferunt,
652 3701 767 3754 curam
795 3680 831 3753 et
857 3678 1188 3754 administrationem
1215 3701 1407 3774 egenorum,
1435 3680 1470 3755 et
1497 3679 1649 3774 regimen
1676 3679 1913 3774 temporalium

363 3799 512 3876 eiusdem
538 3799 721 3895 hospitalis
755 3799 1015 3892 committendo,
1053 3803 1175 3892 quarta
1201 3801 1255 3876 die
1282 3801 1407 3876 mensis
1441 3801 1524 3876 llaii
1560 3801 1744 3878 ordinando
1779 3803 1815 3877 et
1841 3804 1913 3876 sta-

361 3922 497 4014 tuendo,
526 3924 566 3998 ut
592 3921 629 3997 in
656 3922 811 4017 praelata
846 3922 1027 4018 hospitalis
1053 3923 1150 3998 domo
1177 3925 1318 4000 cunctae
1353 3923 1537 4019 languidae
1563 3926 1599 3999 et
1625 3924 1837 4000 miserabiles
1863 3925 1913 3998 fo·

361 4045 506 4120 veantm
540 4066 701 4140 personae
736 4047 773 4120 et
806 4043 912 4138 aliqui
949 4045 1120 4122 scholares
1155 4067 1338 4141 pauperes,
1377 4049 1413 4122 et
1447 4047 1535 4140 quod
1572 4046 1718 4142 singulis
1750 4045 1916 4142 magister

362 4167 535 4262 praelatae
562 4167 680 4243 domus
705 4167 864 4244 teneatur
889 4167 1063 4262 prouidere
1090 4168 1131 4242 de
1158 4167 1358 4245 necessariis
1384 4169 1419 4244 et
1445 4168 1617 4264 expensis.

685 4533 836 4612 Prutdeni
862 4537 982 4610 terren
1008 4535 1216 4610 dioeceseon
1243 4536 1361 4610 iterun
1388 4535 1592 4628 populantur.

465 4773 657 4851 Plocaensis
683 4775 803 4854 ciuitas
830 4775 940 4852 altera
966 4775 1037 4852 uice
1064 4801 1124 4873 per
1141 4779 1343 4870 Pruthenos,
1372 4777 1501 4854 civibus
1520 4777 1556 4852 in
1575 4779 1724 4853 castrum
1750 4779 1912 4856 Plocsen·

360 4917 397 4972 ss
423 4897 654 4992 evadentibus,
684 4921 752 4974 una
778 4921 854 4974 curn
882 4899 1086 4974 monasterio
1113 4903 1149 4975 et
1176 4901 1273 4975 donno
1299 4901 1446 4976 fratrum
1482 4900 1766 4994 Praedicatorum,
1795 4903 1856 4978 sed
1882 4906 1917 4978 et

359 5018 648 5094 temallasoviae
675 5018 882 5096 incircuitu
918 5019 1067 5096 civitatis
1103 5021 1305 5114 Plocaensis,
1343 5022 1380 5096 in
1407 5043 1532 5118 magna
1567 5023 1665 5117 parde
1696 5045 1757 5118 per
1782 5025 1915 5100 eosdem

360 5140 551 5216 Pruthenos
577 5141 803 5237 depopulatur
828 5144 864 5220 et
890 5144 1057 5219 uastatur.

468 5417 494 5500 ¹)
517 5420 625 5482 nans
647 5422 708 5484 ma.
732 5421 821 5498 nepe.
861 5416 890 5502 n)
913 5421 1031 5483 annom
1060 5423 1122 5484 sa.
1145 5417 1232 5499 aaa
1271 5419 1299 5500 ³)
1322 5373 1447 5500 sorsin
1470 5422 1531 5483 ne.
1554 5417 1641 5499 seps.
1681 5419 1708 5504 ⁴)
1730 5423 1914 5500 manzanum

363 5523 435 5588 Ood.
459 5525 552 5588 Roar.
