4140 6298
373 526 447 602 308
978 547 1090 612 prens
1116 546 1311 600 susumus.
1638 525 1706 622 (Α.
1727 525 1775 604 Ι).
1794 521 1927 626 lm.)

340 721 345 726 ’
372 735 409 810 et
434 734 521 809 illud
547 733 633 810 Deci
659 727 847 830 bly'ocnslne
867 734 890 828 ¹)
918 733 1089 829 Opeliensi
1117 757 1239 830 genere
1267 755 1327 809 sue
1355 733 1414 809 dot
1440 734 1476 809 in
1503 734 1670 811 mentem.
1703 735 1769 811 Sed
1795 737 1925 812 (luere

374 856 416 931 de
444 878 488 930 er
515 854 790 932 Grceericnsibns
816 855 884 930 eris
911 856 947 930 in
965 856 1188 932 Moseriensee
1203 855 1232 952 ᾖ)
1258 856 1457 946 divertente,
1486 857 1662 932 Beleslens
1680 857 1827 933 Pudieus
1846 859 1927 934 Gre-

375 977 540 1054 ceriensis
574 979 654 1052 Dux
689 1000 765 1053 cure
801 963 970 1064 militibus
1007 979 1155 1056 cestrum
1192 977 1228 1056 in
1263 977 1522 1073 Thineeiensib
1558 1001 1642 1074 rope
1678 981 1856 1076 expugnet
1892 983 1929 1054 et

375 1099 555 1193 conquirit.
582 1098 687 1176 Aliud
714 1123 791 1175 vere
818 1101 906 1194 quod
933 1099 968 1174 in
996 1100 1150 1177 faucibus
1176 1099 1344 1176 undenae
1370 1103 1406 1176 et
1428 1100 1560 1178 Wislee
1578 1103 1726 1178 erectum
1753 1103 1839 1193 eret,
1868 1123 1931 1197 per

376 1221 580 1302 deditionem
608 1221 757 1317 accepit,
786 1221 955 1300 militibus
981 1222 1039 1314 quoi
1067 1222 1103 1298 in
1131 1221 1297 1318 praesidio
1323 1223 1397 1298 eins
1414 1225 1511 1300 erant
1528 1223 1732 1316 verentibus,
1762 1246 1804 1300 ne
1830 1223 1932 1301 inxit

377 1367 417 1422 ee
443 1343 495 1420 illi
532 1345 573 1420 de
609 1343 824 1424 Thiocziensi
840 1344 868 1439 ⁴)
904 1368 987 1440 rupe
1022 1344 1090 1420 riri
1127 1344 1162 1420 in
1198 1346 1401 1439 petestotem
1437 1345 1588 1422 Boleslei
1623 1345 1727 1422 Ducis
1761 1344 1929 1422 uenirent.

378 1466 530 1563 Contigit
558 1490 624 1546 nen
652 1468 752 1563 lenge
788 1469 866 1562 pest
900 1468 1126 1562 Mpecnsleum
1161 1468 1374 1561 Opeliensenn
1409 1468 1535 1542 Dneern
1570 1489 1734 1562 generum
1770 1467 1931 1561 cenredi

379 1590 496 1664 liberis
533 1613 599 1664 nen
634 1589 774 1680 relictis,
800 1589 896 1663 oneri.
942 1589 1045 1664 Ocius
1082 1592 1188 1664 morte
1222 1590 1377 1685 vulgate,
1415 1593 1562 1665 coebum
1599 1590 1805 1681 helenense,
1844 1590 1933 1682 quod
2058 1677 2059 1682 Ν

379 1710 603 1810 Μ)θοεείαἰ”)
629 1711 763 1788 nemine
790 1713 979 1802 tenebatur,
1018 1711 1172 1788 Belesleo
1199 1711 1324 1787 Pudice
1351 1711 1561 1788 Greeerieusi
1588 1711 1673 1788 Duei
1701 1711 1794 1788 illice
1822 1711 1933 1786 reddi·
2058 1682 2060 1718 ⁴

380 1836 467 1926 tun,
496 1835 531 1914 et
558 1856 673 1912 omnes
698 1834 845 1910 Gunredi
872 1833 1039 1912 Maserius
1074 1833 1178 1908 Ducis
1214 1833 1345 1908 labores
1370 1835 1406 1910 et
1433 1833 1705 1911 machinamento
1739 1831 1934 1910 reciderunt
2059 1839 2060 1876 ³

380 1955 416 2030 in
444 1955 591 2060 irritum.
636 1955 679 2030 In
706 1957 830 2032 sertem
858 1957 971 2030 cutem
1007 1953 1188 2050 llpecnslei
1215 1955 1318 2030 Ducis
1345 1955 1536 2050 Opeliensis
1562 1955 1773 2032 Wlndisleue
1799 1975 1934 2050 germe-
2060 2055 2061 2058 Ν

382 2101 446 2158 nus
472 2099 554 2156 suus
580 2077 752 2169 suecessit,
780 2078 1016 2170 Dueeturnque
1038 2077 1254 2173 Opeliensem
1271 2100 1316 2154 ex
1335 2076 1469 2172 integre
1497 2077 1666 2172 possidere
1692 2077 1815 2173 eoepit.
1849 2079 1934 2152 Pro·

381 2199 495 2280 thenis
522 2198 673 2278 barbarie
699 2199 881 2274 Mesevionn
909 2199 1178 2294 ingredientibus
1204 2202 1240 2276 et
1266 2199 1438 2274 hostiliter
1473 2222 1532 2277 soe
1569 2221 1659 2276 mere
1694 2201 1821 2274 terrem
1848 2197 1937 2276 eires

383 2321 583 2398 Onochonos
597 2321 627 2418 ⁶)
662 2322 877 2399 restantibus
913 2324 1093 2398 occurrunt
1128 2321 1356 2398 Mesemenses
1391 2324 1426 2396 et
1465 2319 1699 2398 Loncieienses
1735 2320 1875 2412 milites,
1902 2323 1938 2396 el

384 2465 566 2540 congressu
593 2442 678 2519 inite
705 2444 894 2540 confligunt
920 2446 1126 2533 Prutbenes;
1155 2444 1191 2520 et
1218 2443 1436 2539 noningentis
1462 2442 1593 2533 oeoisis‚
1621 2443 1744 2518 coeteri
1771 2443 1835 2518 ent
1860 2464 1938 2518 ern·

384 2585 456 2642 sene
484 2588 544 2662 per
569 2567 699 2662 tegern,
738 2570 799 2644 eut
826 2590 944 2645 uenere
972 2567 1008 2642 in
1035 2566 1283 2662 captivitatem.
1328 2565 1383 2642 Ad
1409 2565 1662 2661 suggestionem
1693 2563 1879 2660 insuperf)
1904 2566 1939 2640 et

386 2687 585 2786 petitionem
612 2688 757 2768 Gnnrndi
784 2689 889 2766 Ducis
915 2688 1086 2768 disserite
1121 2687 1287 2768 Litbueni
1322 2689 1448 2764 terrem
1483 2686 1788 2766 Sondemiriensem
1821 2684 1939 2764 silenti

387 2810 524 2908 egnice
550 2810 709 2910 ingressi,
737 2811 898 2908 oppidum
925 2812 1088 2908 Opstbeu
1114 2813 1149 2888 et
1175 2810 1300 2892 ricinis
1317 2808 1391 2886 eius
1408 2810 1626 2906 praedentur.

389 3143 486 3276 opine
513 3183 656 3274 tegetes
683 3181 862 3263 iunocentii
880 3181 989 3275 predi
1008 3181 1112 3273 lepte
1140 3181 1446 3274 evanescun-
1465 3178 1680 3256 -renmmiee
1697 3179 1817 3254 buce·
1836 3197 1858 3254 ι
1876 3195 1944 3254 oen

389 3305 477 3380 sutis
503 3304 638 3396 liberet,
665 3304 833 3397 booetius
863 3304 974 3384 teneti
1000 3304 1086 3382 Petri
1113 3304 1146 3376 in
1173 3303 1306 3378 beleel·
1334 3302 1449 3392 exigit
1492 3299 1692 3378 renum·
1723 3301 1945 3376 enormen·

389 3431 475 3524 depe
494 3427 639 3522 tentent
657 3427 838 3518 conculcet.
861 3418 1131 3520 tmperetenirp'ne
1152 3425 1289 3500 alteriue
1308 3425 1500 3502 electionem
1519 3422 1605 3516 opud
1622 3423 1787 3500 lienum
1805 3421 1946 3498 cemele

497 3675 600 3772 Opino
627 3677 732 3752 ubbes
759 3675 799 3750 de
825 3670 1007 3765 Merene&
1034 3668 1224 3750 innocentii
1252 3670 1365 3764 Pepee
1391 3664 1505 3760 quenti
1533 3665 1569 3740 in
1596 3664 1769 3741 Polouium
1788 3666 1825 3742 et
1844 3665 1947 3740 Prous-

392 3801 477 3880 sism
504 3797 655 3878 Nuntius
682 3819 727 3874 ex
752 3793 972 3892 Lugdunensi
1000 3791 1148 3870 Gencilie
1176 3790 1311 3882 missus,
1341 3789 1496 3884 pluribus
1523 3785 1718 3882 apostolicis
1746 3786 1878 3860 fultus
1896 3786 1947 3860 f·

394 3920 593 4012 cultatibns
622 3917 816 3996 dreeeoiem
843 3915 992 4006 edrenit,
1019 3916 1056 3990 et
1081 3913 1204 3990 exinde
1238 3911 1422 4004 Pressiem,
1461 3907 1761 4000 Pomereniumque
1797 3905 1949 3982 transiit

334 4024 338 4031 ¹
393 4043 710 4139 Sue-ntepelkeuem
736 4038 954 4116 Pemeroniee
989 4039 1115 4113 Ducem
1150 4025 1324 4112 Kszimiro
1351 4031 1548 4130 cnynviensi
1584 4029 1670 4108 Duci
1708 4033 1743 4106 et
1768 4026 1949 4104 (trucidetis

395 4167 575 4246 Fratribus
603 4162 817 4240 iureiurando
844 4160 1061 4256 pollicentem
1089 4181 1166 4238 cum
1192 4156 1377 4234 Pruthenis
1407 4157 1442 4230 et
1461 4153 1613 4233 borboris
1639 4151 1758 4230 contre
1784 4149 1950 4226 christie-

397 4311 459 4368 nos
485 4312 552 4370 uon
579 4285 716 4378 sentire,
745 4306 853 4377 neque
880 4283 953 4362 ulls
980 4275 1117 4377 publico
1143 4280 1196 4360 uel
1224 4279 1356 4358 occulto
1382 4277 1469 4352 inire
1496 4274 1703 4365 commercio,
1736 4296 1757 4350 e
1784 4270 1948 4362 censuris,

398 4413 521 4508 quibus
554 4411 630 4486 eret
666 4430 725 4503 per
764 4405 957 4500 episcopum
992 4403 1185 4482 bledensenu
1220 4401 1324 4478 etiem
1359 4398 1581 4494 apostolicum
1617 4395 1785 4474 Nuntium
1823 4393 1952 4489 ligntus

400 4554 592 4630 perennes
620 4531 762 4622 elidunt,
791 4527 947 4617 obsolvit,
976 4529 1012 4604 et
1030 4525 1191 4620 pecunias
1218 4521 1354 4600 Dennrii
1382 4521 1500 4598 Soncti
1527 4519 1620 4596 Petri
1640 4518 1676 4593 in
1694 4517 1844 4613 singulis
1863 4515 1952 4592 diee-

401 4655 532 4736 cesibos
558 4651 717 4732 ecclesius
743 4650 922 4742 Polonieoe
951 4669 1009 4742 per
1035 4669 1142 4728 enoos
1168 4645 1301 4738 eliquet
1326 4644 1523 4722 recollectas
1549 4640 1729 4736 occipiens,
1757 4639 1801 4716 cd
1827 4639 1955 4732 Popeor

401 4776 639 4858 Innocentium
666 4774 787 4856 rediit:
817 4772 876 4865 qui
904 4793 992 4850 enno
1019 4769 1134 4865 eedem
1161 4766 1320 4864 Lugduni
1349 4767 1511 4844 Sanctum
1539 4759 1797 4854 Ednrndunb
1825 4759 1955 4838 cenfes-

402 4923 521 4992 serem,
549 4896 825 4980 cantuariensem
852 4892 1140 4988 archiepiscopum
1167 4891 1208 4967 de
1230 4887 1359 4984 buglis
1377 4885 1562 4964 coneniset.
1591 4883 1706 4978 Ipsius
1733 4881 1871 4976 iusuper
1897 4880 1954 4954 In·

402 5021 552 5108 emenoni
578 5021 692 5116 Pepee
718 5019 891 5098 Electeres
917 5014 1057 5110 Imperii
1093 5013 1252 5108 petentes
1289 5009 1455 5100 mmdoto,
1493 5006 1677 5086 Henrieueu
1711 5001 1955 5099 lentgrorimn

514 5321 538 5402 ¹)
560 5320 731 5396 Mpeerloro
757 5314 828 5384 God.
852 5313 926 5379 Aee.
951 5309 978 5391 α)
1001 5310 1163 5378 Mesenen
1191 5308 1262 5374 Geel.
1286 5307 1378 5370 eur.
1410 5301 1438 5382 3)
1453 5303 1629 5370 Thineeensi
1651 5300 1712 5366 ml.
1735 5300 1823 5376 Πρω.
1849 5294 1876 5376 ⁴)
1891 5297 1956 5358 Thi·

407 5429 527 5494 necenei
549 5427 611 5492 Ed.
633 5427 722 5508 lepe-
762 5419 788 5500 ι)
810 5418 1007 5497 llpeezszlnvi
1033 5415 1104 5482 Ged.
1128 5413 1202 5476 Aac.
1240 5409 1267 5490 ο)
1289 5411 1488 5486 Czpeebnneu
1514 5406 1584 5474 coc.
1606 5402 1672 5470 Lu.
1713 5401 1861 5482 boetem
1887 5399 1955 5464 (led.

413 5535 506 5600 corr.
548 5529 576 5613 8)
599 5532 741 5596 Messene
768 5526 840 5596 coe.
864 5523 937 5592 Ant.
960 5522 1099 5588 Messene
1126 5516 1196 5588 Ged.
1220 5519 1312 5588 Reae.
1352 5513 1380 5591 υ)
1403 5513 1598 5581 ildimundum
1625 5508 1696 5580 σοι).
1721 5509 1813 5576 Itosr.
1864 5573 1866 5578 ,
