4208 6282
146 523 199 621 (Α
218 521 266 598 D.
286 520 397 622 lfao.)
617 567 620 574 ·
766 549 878 605 amna
904 553 1058 606 sannas.
1610 539 1682 612 107

144 739 175 812 ct
200 734 390 811 iumentum
417 735 453 812 in
479 738 653 834 angariam
681 739 945 816 Pcdvcdaticam
966 740 989 835 ¹)
1015 739 1180 836 acceperit
1205 743 1258 818 vel
1285 742 1390 840 accipi
1424 743 1571 837 iusserit,
1600 768 1680 820 ana-

143 858 256 933 thema
280 858 338 934 sit.
366 859 430 955 Qui
457 862 543 935 bona
570 861 766 956 pontificum
793 865 853 937 aut
879 862 1180 939 ecclesiasticarum
1207 887 1423 961 personarum
1450 868 1682 944 decedentium

142 980 303 1074 rapuerit,
331 982 554 1077 occupaverit,
582 983 791 1075 distraxerit,
819 984 953 1060 etiamsi
980 985 1027 1060 sit
1053 1009 1194 1081 persona
1222 987 1366 1062 illustris
1391 993 1427 1064 et
1453 990 1582 1085 regali,
1619 991 1680 1066 du·

142 1103 205 1180 cali
231 1106 293 1178 aut
319 1125 518 1198 quacunque
544 1105 613 1182 alia
640 1107 853 1203 praefulgeat
890 1107 1069 1203 dignitate,
1111 1109 1291 1185 anathema
1316 1111 1373 1186 sit.
1420 1111 1482 1207 Qui
1509 1112 1681 1208 episcopo·

141 1248 214 1300 mm
241 1225 457 1320 spoliatorem
472 1226 517 1322 ²),
545 1227 759 1304 restitutione
786 1253 850 1304 non
878 1229 994 1304 habita
1009 1228 1055 1324 ³),
1084 1231 1317 1326 acceptaverit,
1355 1235 1389 1307 et
1425 1236 1596 1328 raptorum
1623 1239 1684 1312 ant

142 1348 379 1424 distractorum
405 1349 649 1426 relaxationem
674 1351 876 1446 raptoribus,
905 1352 1135 1428 satisfactione
1161 1353 1315 1449 legitima
1332 1377 1397 1430 non
1417 1357 1679 1453 praecedento),

142 1471 354 1566 impenderit,
382 1473 477 1548 velut
502 1471 671 1570 sacrilegii
708 1473 875 1570 particeps
900 1477 936 1550 ct
962 1478 1217 1567 consentaneus,
1254 1478 1373 1570 etqui
1400 1477 1575 1553 ambitioni
1602 1502 1682 1554 suae

141 1597 174 1669 et
186 1593 367 1668 commodis
393 1593 552 1670 inhiando
580 1596 756 1692 sacrilegio
784 1597 986 1673 occasionem
1013 1597 1233 1692 praestiterit,
1261 1600 1441 1676 anathema
1467 1599 1523 1675 sit.
1556 1601 1602 1675 Et
1628 1624 1682 1676 ac-

141 1716 341 1792 clamatione
367 1715 528 1793 coucinna
554 1741 575 1794 a
600 1719 749 1795 Ducibus
776 1721 811 1794 et
837 1719 991 1796 universo
1019 1721 1142 1816 populo
1168 1743 1362 1818 responsum
1389 1725 1453 1798 ast:
1486 1721 1605 1798 Amen.
1634 1723 1685 1800 Ut

142 1840 254 1915 summ
281 1841 353 1914 tam
379 1839 620 1916 saluberrimae
655 1840 907 1918 constitutionis
942 1841 977 1917 in
1004 1844 1137 1918 futuras
1173 1843 1406 1940 generationes
1422 1845 1450 1939 ⁵)
1476 1845 1683 1940 habeatur&

141 1963 387 2054 duramentum,
424 1962 540 2038 solerti
576 1963 679 2038 Ducis
714 1963 879 2039 Karimiri
916 1964 1123 2040 ordinatione
1149 1965 1260 2040 nuntii
1288 1987 1331 2042 ex
1357 1969 1499 2059 utroque
1525 1969 1619 2044 statu
1646 1967 1682 2042 iu

141 2086 283 2161 Rorrmm
317 2083 360 2160 ad
396 2083 569 2160 Summum
605 2086 800 2163 Pontificem
835 2086 1066 2162 Alexandrum
1101 2087 1240 2165 tertium
1281 2088 1436 2164 mittendi
1474 2089 1682 2185 deliguntur,
1723 2143 1726 2148 -

140 2206 426 2284 confirmationem
460 2209 627 2304 papalem,
664 2232 749 2302 quae
786 2209 1044 2285 constitutiones
1080 2209 1171 2305 ipsas
1197 2213 1233 2285 et
1259 2210 1295 2284 in
1321 2211 1484 2307 scriptum
1518 2211 1681 2304 redactas,

13 2325 14 2328 ‘
140 2334 173 2406 et
197 2329 305 2404 Ducis
335 2329 520 2422 Kaaimiri,
557 2330 838 2425 pontificumque,
876 2331 1070 2428 Principum
1103 2334 1138 2408 at
1167 2334 1326 2408 baronum
1361 2333 1487 2429 sigillis
1522 2333 1681 2424 munitas,

13 2433 14 2486 ³
139 2451 325 2548 apostolica
360 2451 523 2542 firmitate
549 2456 722 2549 perennet,
751 2456 785 2529 et
812 2476 942 2550 corpus,
982 2477 1122 2547 ossaque
1149 2454 1291 2531 alicuius
1318 2455 1443 2547 Sancti,
1472 2479 1537 2550 qno
1564 2456 1681 2532 draco·

13 2582 21 2604 ¹
141 2574 265 2652 niensis
291 2573 515 2670 insigniretur
549 2575 701 2668 ecclesia,
738 2577 920 2652 obtenturi.
965 2579 1011 2652 llt
1038 2577 1150 2653 nuntii
1187 2577 1321 2670 quidem
1358 2579 1557 2658 Polonorum
1593 2567 1702 2673 apud

13 2787 15 2822 Ι
140 2698 369 2774 lbrsculaoum
394 2696 586 2774 Alexandro
613 2700 706 2794 Papa
733 2701 867 2791 offenso,
905 2699 1049 2795 benigne
1085 2699 1193 2776 babiti
1220 2703 1255 2776 et
1281 2699 1387 2774 auditi
1415 2701 1505 2792 sunt,
1533 2699 1682 2795 gratiae·

13 2823 14 2836 ‘
139 2843 200 2912 qne
228 2821 407 2916 praesente
433 2818 662 2897 (lardinalinm
689 2824 796 2912 coetui,
824 2824 865 2898 ab
892 2820 1129 2917 Alexandrob
1156 2821 1292 2898 Polouis
1318 2823 1424 2914 actae,
1462 2822 1550 2914 qnod
1576 2821 1681 2918 pesti-

13 3011 14 3014 ,
139 2945 206 3018 fero
236 2943 380 3018 durante
406 2941 598 3034 schismate,
635 2943 828 3020 nationibus
855 2946 891 3020 et
916 2945 1047 3041 Regnis
1083 2943 1202 3020 vicinis
1228 2947 1288 3020 aut
1315 2943 1600 3036 claudicantibus,
1622 2947 1682 3019 aut

139 3065 364 3141 obedientiam
390 3063 640 3162 Antipaparum
676 3066 922 3162 profitentibus,
961 3067 1027 3163 ipsi
1054 3066 1224 3144 constanti
1259 3066 1507 3163 perseverantia
1542 3069 1584 3142 ab
1610 3065 1683 3142 eius

139 3187 330 3264 obedientia
355 3211 420 3262 uon
448 3187 647 3264 desciverint
662 3189 702 3284 ⁸).
744 3189 1024 3266 Oonstitntiouem
1052 3190 1169 3266 deinde
1196 3190 1406 3282 Polonorum,
1435 3189 1530 3265 velut
1556 3188 1682 3263 iustam

139 3313 173 3386 et
196 3309 364 3406 religione
392 3310 537 3406 plenam,
566 3313 601 3386 et
627 3313 836 3388 commendat
862 3315 897 3388 et
923 3313 1116 3402 confirmat;
1154 3313 1194 3389 de
1220 3313 1392 3407 dandoque
1427 3334 1520 3388 sacro
1547 3333 1682 3406 corpore

14 3535 15 3538 Ν
139 3435 219 3508 bene
246 3433 381 3528 legatos
407 3433 608 3508 Polonornm
644 3457 777 3529 sperare
810 3437 845 3510 et
872 3458 907 3509 se
934 3435 968 3510 in
996 3433 1136 3510 Romam
1164 3434 1322 3527 subsequi
1350 3433 1452 3510 iubet.
1498 3432 1679 3509 Confirma-

139 3554 239 3630 tionis
267 3556 383 3630 autem
409 3577 491 3630 suae
510 3603 513 3610 -
521 3577 581 3650 pro
607 3555 823 3632 rescindendo
859 3557 1083 3652 dubietatis9)
1118 3557 1275 3652 scrupulo
1310 3556 1484 3651 exemplar
1510 3555 1679 3630 subnecti-

140 3701 211 3752 mus
230 3675 294 3773 ¹⁰):
322 3677 418 3753 cuius
444 3699 465 3752 a
491 3678 586 3754 nobis
622 3678 788 3775 originale
814 3679 849 3754 in
875 3680 1017 3756 ecclesia
1044 3679 1251 3756 Oraccvieusi
1288 3677 1468 3771 conditum,
1498 3699 1597 3774 saepe
1624 3681 1677 3754 at-

139 3804 267 3876 tactum
290 3799 331 3894 ¹¹)
358 3802 393 3876 et
418 3799 528 3874 visum
555 3804 618 3876 est.

243 3920 462 4012 ,Alexander
488 3921 663 4018 episcopus
692 3947 806 4000 servus
834 3947 1002 4000 servornm
1030 3925 1103 4016 Dei,
1131 3925 1254 3999 dilecto
1281 3922 1352 3999 filio
1378 3921 1483 3998 nobili
1509 3921 1581 3997 viro
1606 3923 1678 3996 Ka·

144 4043 281 4132 ,aimiro
308 4043 393 4119 Duci
420 4043 578 4120 Puloniae
604 4045 747 4121 salutem
774 4050 809 4121 ot
834 4047 1053 4142 apostolicam
1089 4045 1364 4122 benedictionem.
1401 4047 1455 4119 Ex
1482 4047 1577 4139 parte
1601 4046 1681 4118 tuae

144 4165 413 4264 ,magnitudinis
439 4168 585 4243 relatam
613 4171 665 4243 ost
692 4168 799 4260 nobis,
828 4169 915 4261 quod
943 4170 983 4244 de
1017 4168 1156 4244 consilio
1182 4167 1425 4264 archiepiscopi
1451 4169 1487 4242 et
1512 4165 1681 4262 episcopo·

144 4311 234 4378 ,rum
262 4289 437 4382 Polouiae,
465 4291 501 4365 et
527 4289 721 4385 Principum
749 4293 858 4366 terrae
885 4291 1045 4386 quasdam
1072 4290 1248 4368 abusiones
1274 4293 1309 4366 et
1335 4289 1454 4364 solitas
1480 4287 1621 4363 iniurias
1639 4291 1682 4364 ab

144 4409 314 4500 ,ecclesiis
341 4413 376 4487 et
402 4411 554 4508 personis
588 4412 827 4488 ecclesiasticis
861 4413 1057 4508 amputasti,
1095 4411 1312 4502 constituens,
1342 4435 1383 4488 ne
1410 4413 1496 4486 bona
1521 4411 1681 4486 deceden-

146 4534 249 4623 ,tiam
286 4533 517 4630 episcoporum
553 4535 696 4610 ulterius
732 4535 953 4612 confiscentur
973 4535 1025 4630 ¹²).
1071 4535 1298 4611 constitutum
1335 4537 1387 4610 est
1421 4533 1542 4626 etiam,
1579 4535 1619 4608 ut
1653 4533 1683 4607 si

145 4657 334 4754 ,quispiam
361 4657 397 4731 in
423 4679 478 4733 res
504 4657 653 4734 defuncti
680 4657 827 4754 episcopi
846 4681 965 4734 manus
985 4656 1147 4748 iniecerit,
1177 4658 1309 4734 vinculo
1336 4655 1562 4733 anathematis
1588 4659 1683 4730 tene-

145 4783 251 4872 ,atar,
280 4801 345 4856 nec
370 4782 563 4874 praesumat
589 4781 681 4854 nllus
708 4784 880 4875 raptorum
907 4781 1065 4857 defuncto
1093 4781 1249 4876 episcopo
1275 4779 1458 4871 succedere,
1495 4777 1598 4854 donec
1624 4779 1682 4852 ab·

145 4901 344 4990 ,solutionis
374 4901 570 4978 beneficium
607 4906 815 4996 assequatur,
854 4903 1024 4978 restitutis
1060 4903 1195 4996 ablatis,
1232 4903 1284 4978 vel
1312 4902 1500 4978 ablatorum
1536 4922 1683 4997 congma

243 5111 268 5190 ¹)
292 5113 414 5188 angaria
435 5111 636 5174 Pcdvcdarnm
660 5115 718 5174 Ed.
741 5115 835 5176 Βοῦν.
861 5112 889 5191 2)
906 5115 1074 5190 episcopam
1097 5116 1252 5190 spoliatum
1271 5113 1340 5176 Ood.
1363 5111 1436 5175 Aac.
1468 5109 1494 5190 3)
1510 5128 1568 5172 non
1582 5127 1616 5171 re
1631 5111 1682 5170 ha·

140 5217 199 5279 bita
218 5219 282 5280 Ed.
305 5219 402 5279 Βοῦν.
441 5213 468 5296 ⁴)
491 5218 690 5280 satisfaciente
720 5221 767 5280 vel
795 5221 991 5294 praecedente
1021 5221 1081 5280 Ed.
1103 5221 1198 5280 Βοῦν.
1237 5215 1263 5298 5)
1286 5219 1510 5279 constitutiones
1533 5215 1681 5291 perpetui·

15 5303 16 5306 Ἴ
142 5323 207 5382 tatis
228 5324 324 5384 mains
346 5323 406 5384 Ed.
430 5323 525 5384 Βοῦν.
566 5320 592 5401 ⁶)
614 5325 758 5385 haberent
780 5324 839 5385 Βοῦ.
862 5325 956 5385 Βοῦν.
997 5322 1212 5397 'talerandum
1235 5325 1323 5384 tertio
1358 5323 1428 5384 Ood.
1452 5323 1542 5383 Rocr.
1583 5316 1683 5397 ⁸)de-

143 5427 306 5490 cessissent
325 5425 396 5491 Occi.
418 5429 511 5490 Rocr.
543 5423 789 5507 ⁹)ambiguimtis
812 5430 871 5491 Ed.
893 5431 985 5491 Βοῦν.
1020 5427 1062 5506 ¹⁰)
1085 5431 1232 5494 subnectit
1254 5428 1313 5490 Ed.
1337 5429 1429 5490 Βοῦν.
1465 5424 1505 5504 ¹¹)
1527 5429 1683 5494 attractam

145 5531 198 5594 Ed.
219 5534 316 5597 Βοῦν.
359 5531 399 5614 ¹⁹)
422 5535 546 5612 amplius
569 5535 806 5604 confiscarentur.
834 5531 905 5606 God.
927 5536 1019 5607 Roar,
