4208 6282
167 551 294 646 (Asi).
312 555 421 651 ileu.)
792 578 904 630 urana
930 577 1084 632 suanus.
1165 517 1171 528 ⁵

612 965 821 1080 ANNUS
856 954 1083 1079 DOMINI
1121 967 1255 1082 1196.

163 1252 332 1327 stantibus
350 1251 446 1324 rebar
469 1251 592 1343 quietis
616 1251 826 1326 committunt
847 1251 959 1324 Poloni
978 1252 1118 1325 deleme
1136 1253 1235 1326 uort-
1249 1253 1404 1326 llarimiri
1421 1255 1517 1328 buria
1537 1256 1713 1346 imperium.

263 1489 377 1566 Foeda·
392 1489 492 1566 ¹iuter
512 1491 742 1586 'Mpecaslaum
769 1490 890 1566 Senem
917 1489 1054 1566 Maioris
1081 1490 1239 1566 Poloniue
1265 1493 1391 1566 Ducem
1419 1494 1454 1568 et
1480 1492 1714 1570 dracouienses

164 1611 290 1687 milites
317 1635 377 1707 pro
403 1611 601 1706 Principem
627 1611 670 1686 ad
696 1613 919 1706 lloszgauam
956 1614 1055 1706 gesta
1081 1611 1263 1703 dimicatio,
1301 1613 1398 1688 foeda
1426 1613 1562 1708 insuper
1589 1616 1712 1706 clades,

161 1755 349 1829 perquam
376 1733 491 1828 plures
510 1734 533 1828 ¹)
561 1734 720 1808 mortales
747 1732 839 1808 cirili
868 1733 955 1808 bello
982 1735 1018 1808 et
1047 1734 1182 1807 nullum
1208 1734 1376 1808 referente
1402 1733 1625 1830 triumphum,
1654 1738 1713 1811 ab·

161 1853 289 1948 sumpti
316 1854 408 1945 sunt,
445 1852 504 1926 diu'
531 1854 664 1948 partem
691 1854 869 1946 utramque
896 1855 959 1928 sub
985 1851 1099 1947 quiete
1126 1853 1298 1944 distinuit,
1335 1855 1430 1947 quusi
1461 1879 1505 1929 ex
1531 1855 1714 1950 composito

161 1977 324 2067 utrosque
347 1975 499 2050 crederes
535 1975 658 2068 treuga
693 1974 823 2048 bellum
858 1973 1083 2068 suspendisse.
1129 1975 1353 2068 llpocasluurn
1390 1976 1555 2067 siquidem
1592 1977 1713 2052 Senem

159 2095 296 2172 Maioris
332 2096 491 2172 Poloniae
525 2096 651 2171 Duceni
686 2097 843 2190 acceptes
874 2095 1080 2190 ignominiae
1107 2096 1291 2190 plurimum
1319 2097 1460 2192 puduit,
1497 2097 1585 2190 quod
1611 2100 1648 2173 et
1675 2097 1722 2177 in.

160 2218 288 2313 praelio
314 2217 400 2293 inito
426 2218 553 2292 multos
580 2217 725 2309 milites,
765 2218 958 2310 multasque
993 2218 1165 2308 fortunas,
1194 2219 1230 2293 et
1255 2239 1357 2312 super
1383 2219 1468 2293 haec
1493 2218 1606 2293 omma
1631 2220 1712 2294 cha-

159 2362 231 2414 rum
261 2339 372 2414 filium
398 2361 496 2414 suum
524 2339 718 2414 Boleslaum
745 2337 938 2432 perdiderit,
967 2340 1003 2414 et
1028 2339 1114 2432 qued
1143 2338 1215 2434 ipso
1242 2339 1329 2414 nihil
1355 2361 1398 2415 ex
1425 2339 1552 2435 praelio
1580 2341 1713 2435 praeter

158 2462 312 2552 rulnera,
348 2460 480 2555 filiique
515 2460 665 2536 Boleslai
701 2461 840 2536 cadaver
875 2459 1042 2535 retulerit.
1088 2462 1238 2536 Tenebat
1263 2463 1299 2536 et
1325 2461 1557 2536 cracovienses
1585 2461 1712 2536 milites

159 2582 282 2677 ingens
309 2581 463 2676 rubor²),
492 2583 581 2676 quod
607 2581 763 2658 nonnulli
790 2604 917 2672 eorum,
945 2581 1053 2677 signis
1081 2583 1116 2656 et
1138 2581 1221 2657 locis
1248 2583 1402 2674 desertis,
1431 2583 1465 2656 in
1486 2585 1602 2678 iugum
1620 2582 1712 2658 abie-

157 2704 226 2778 'rint
250 2705 292 2780 et
319 2705 453 2798 partam
479 2725 583 2799 prope
609 2703 784 2779 uictoriam
812 2726 830 2778 e
858 2703 1012 2778 manibus
1038 2703 1224 2779 emiserint.
1270 2705 1339 2780 Sub
1366 2705 1428 2778 boc
1454 2707 1567 2780 autem
1587 2706 1712 2780 turba·

156 2827 270 2902 taram
299 2825 510 2921 publicarum
536 2847 648 2900 rerum
675 2824 849 2920 dispendio
874 2825 1025 2902 salutare
1051 2825 1160 2900 uisum
1184 2827 1248 2916 est,
1276 2825 1437 2901 Ducissae
1463 2827 1613 2902 Helenae
1639 2827 1711 2902 Ka·

156 2946 270 3022 aimiri
298 2946 457 3038 relictae,
495 2969 599 3042 supra
624 2969 742 3022 sexum
770 2946 967 3022 muliebrem
1003 2946 1170 3042 singulari
1197 2947 1377 3041 prudentia
1404 2948 1566 3042 pollenti,
1604 2949 1713 3024 fasces

156 3068 293 3164 imperii
321 3070 357 3146 et
381 3067 532 3163 regimen
559 3067 817 3163 Principatuum
843 3067 1020 3160 committi,
1048 3089 1089 3143 ea
1114 3067 1304 3144 conditione
1330 3069 1499 3160 adiuncta,
1528 3071 1567 3144 ut
1588 3071 1713 3164 absque

42 3267 45 3274 Α
157 3189 321 3267 Falconis
348 3189 495 3285 episcopi
521 3191 557 3266 ot
583 3189 716 3266 Nicolai
743 3189 887 3284 palatini
915 3189 1141 3266 Oracoriensie
1173 3189 1314 3266 consilio
1340 3192 1376 3265 et
1402 3212 1542 3266 assensu
1569 3190 1657 3266 nihil
1675 3191 1711 3264 in

155 3313 253 3386 rebus
285 3310 430 3406 publicis
455 3312 598 3404 statuat,
628 3310 767 3388 innovet
792 3311 853 3386 aut
878 3311 1047 3388 decernat.
1075 3311 1196 3406 Itaque
1223 3333 1330 3403 usque
1357 3312 1399 3386 ad
1426 3311 1574 3386 filiorum
1601 3313 1711 3386 matu·

154 3454 224 3508 ram
242 3433 408 3508 murem
443 3432 593 3510 Helenae
627 3431 789 3508 Ducissae
824 3433 997 3526 praefatae
1025 3431 1177 3523 arbitrio,
1213 3434 1249 3508 et
1283 3432 1475 3508 uacantium
1503 3432 1712 3527 dignitatum

152 3556 256 3648 atoue
288 3552 474 3630 officiorum
501 3552 722 3649 magistratus
748 3551 901 3646 personis
926 3553 1056 3628 idoneis
1082 3553 1340 3644 mandabantur,
1368 3554 1404 3629 et
1430 3553 1566 3628 ducales
1593 3575 1712 3629 cenem

153 3677 189 3750 et
202 3673 232 3769 ³)
275 3673 440 3750 introitus
473 3675 534 3750 aut
560 3674 793 3750 inferebantur
819 3673 855 3748 in
882 3673 1010 3766 fiscum,
1047 3676 1109 3750 aut
1143 3674 1179 3750 in
1206 3674 1254 3750 rei
1281 3674 1436 3769 publicae
1462 3673 1711 3750 distribueban-

155 3797 211 3872 tur
237 3795 495 3872 commoditates
512 3797 543 3890 ¹)
574 3797 610 3872 et
635 3795 827 3890 profectus;
865 3796 1030 3871 charitate
1065 3795 1252 3888 siquidem,
1290 3818 1392 3889 quam
1427 3801 1510 3890 ergri
1544 3793 1711 3870 Kanimiri

155 3916 299 4011 stirpem
327 3917 501 4011 gerebant,
529 3915 657 3990 milites
683 3914 762 4006 acti,
789 3915 993 3992 conditionis
1019 3939 1101 3991 suae
1128 3917 1368 4009 quodammodo
1396 3915 1432 3990 in
1451 3919 1595 4010 tempus,
1624 3915 1712 4008 quod

154 4037 217 4114 riri
244 4039 366 4114 essent
391 4037 500 4129 obliti,
530 4037 686 4114 muliebri
714 4036 829 4130 petius
854 4037 1024 4115 subiacere
1051 4038 1208 4134 imperio,
1246 4060 1347 4131 quam
1374 4038 1510 4114 ducales
1536 4036 1626 4114 lilios
1652 4037 1709 4113 de·

153 4179 265 4236 serere
293 4159 501 4235 maluerunt.
1092 4157 1095 4162 '

456 4524 622 4600 lrokotee
648 4524 859 4598 lornrniemi
886 4524 1037 4617 episcope
1065 4523 1213 4598 succedit
1240 4523 1413 4617 Philippus·

258 4763 501 4840 Posnanicusis
527 4763 705 4860 episcopus
730 4766 885 4840 Mrolrota
910 4763 1061 4840 febribus
1095 4765 1270 4859 correptus
1301 4763 1444 4839 moritur
1479 4765 1516 4838 et
1541 4763 1578 4837 in
1604 4765 1709 4840 ecclo-

152 4887 204 4962 sia
231 4884 457 4961 Poenauiensi
484 4885 659 4982 sepelitur,
697 4907 774 4961 cum
800 4885 899 4960 annis
926 4887 1038 4961 decem
1064 4885 1253 4980 pontificali
1288 4885 1447 4981 regimini
1474 4885 1710 4979 praesedisset.

151 5007 213 5082 (lui
240 5029 306 5102 per
330 5006 528 5082 electionem
555 5006 749 5084 canonicam
776 5009 893 5082 octaua
920 5005 1126 5101 Septembris
1152 5007 1284 5081 tent-am
1300 5006 1327 5100 5)
1363 5005 1545 5101 Philippus
1575 5005 1710 5080 canoni-

150 5149 221 5204 cns·
237 5126 491 5220 Posnaniensis,
519 5128 643 5204 nobilis
668 5129 816 5204 Polonus
842 5129 883 5204 de
909 5127 1005 5202 domo
1033 5127 1247 5224 Wpenpaua,
1284 5126 1341 5202 ria
1366 5125 1522 5203 scrutinii
1549 5126 1709 5219 succedit,

261 5403 288 5484 ¹)
309 5406 394 5467 multi
415 5405 477 5466 Ed.
499 5405 594 5468 Dolor.
627 5403 656 5484 ²)
679 5406 774 5483 pudor
796 5405 855 5468 Ed.
877 5405 972 5468 Βοῦν.
1004 5403 1090 5483 ²)ac
1112 5405 1172 5468 Ed.
1195 5405 1289 5466 Dobr.
1321 5400 1348 5484 4)
1372 5404 1523 5466 commoda
1538 5404 1599 5468 Ed.
1616 5403 1710 5468 Dobr.

154 5504 338 5594 ⁵)lnabitam
364 5507 435 5577 σοῦ.
458 5510 552 5574 Βοον.
