4172 6278
177 571 238 670 (Α.
256 569 307 650 Β.
327 571 448 671 mss.)
798 595 911 651 nmen
937 595 1091 651 sexsus.
1178 531 1181 538 ι
1651 577 1727 652 255

176 781 380 878 inevitabili,
409 783 543 880 quando
558 783 582 880 ¹)
609 807 668 881 pro
695 783 954 862 necessitatibus
972 805 1164 881 egenorum,
1193 783 1380 878 viduarum,
1409 783 1629 882 pupillorum,
1658 807 1728 862 mo·
1862 841 1865 848 ·

175 905 412 998 austeriorum,
440 905 658 983 ecclesiarum
685 908 721 984 et
747 905 989 982 miserabilium
1004 906 1044 1002 ²),
1072 908 1133 983 aut
1159 906 1309 1002 aliquam
1335 907 1583 1004 oppressionem
1601 908 1654 985 vel
1673 929 1728 985 ca-

174 1027 366 1105 lenitatem
392 1027 616 1126 patientium,
653 1027 925 1106 intercedendum
952 1031 1036 1121 erat,
1074 1029 1200 1106 adibat.
1246 1027 1507 1126 Ingravescente
1533 1028 1649 1126 itaque
1674 1029 1728 1106 in·

175 1148 350 1244 firmitate,
379 1151 534 1227 omnibus
561 1149 798 1228 ecclesiasticis
833 1150 1053 1228 sacramentis
1084 1151 1150 1228 rite
1177 1153 1212 1227 et
1238 1149 1396 1248 religiose
1431 1151 1640 1248 perfunctus,
1668 1175 1729 1229 sex

174 1271 295 1348 lustris
321 1273 377 1366 (ut
403 1272 653 1369 praemisimus)
680 1272 715 1348 iu
734 1273 915 1364 caelibatu,
943 1275 1096 1348 consorte
1114 1272 1148 1347 in
1168 1295 1313 1349 sororem
1340 1273 1557 1366 commutata,
1585 1273 1726 1367 exactis,

174 1391 430 1490 Quartodecimo
456 1395 621 1472 dalcndas
647 1394 778 1491 Aprilis
805 1396 840 1470 in
867 1395 990 1491 oppido
1017 1417 1077 1470 suo
1103 1395 1257 1470 Kroszna
1283 1394 1429 1472 feliciter
1456 1395 1637 1492 expiravit.
1664 1395 1729 1492 Qui

174 1517 217 1591 ob
242 1515 280 1591 id
305 1516 474 1593 Henricus
509 1539 585 1595 oum
622 1519 726 1592 barba
758 1517 1021 1614 appellationem
1058 1517 1200 1592 sortitus
1226 1520 1289 1610 est,
1326 1516 1485 1612 quoniam
1520 1520 1727 1614 aterupore,

174 1659 242 1732 quo
268 1637 429 1715 caelibem
464 1638 571 1715 vitam
598 1639 641 1714 ad
669 1638 924 1736 instigationem
960 1638 1125 1715 consortis
1161 1661 1240 1716 suae
1275 1641 1392 1715 beatae
1426 1638 1594 1736 Hsdvigis
1628 1661 1729 1736 agere

174 1759 297 1856 coepit,
325 1761 464 1836 barbam
491 1760 527 1835 in
554 1783 788 1837 conversorum
824 1783 948 1838 morem
984 1783 1130 1838 crescere
1157 1760 1321 1857 permisit,
1350 1760 1604 1857 splendidisque
1630 1760 1728 1836 indu·

176 1881 240 1958 viis
267 1885 303 1959 st
317 1880 347 1978 ³)
373 1905 456 1958 auro
482 1884 639 1979 ostroque
653 1884 682 1978 ⁴)
709 1882 897 1958 nitentibus
923 1882 1076 1975 abiectis,
1115 1878 1213 1959 laneo
1240 1884 1275 1958 et
1301 1882 1423 1958 humili
1456 1882 1582 1958 ainictu
1610 1883 1728 1960 uteba·

175 2005 244 2080 tur.
274 2005 357 2080 [lum
385 2007 500 2081 autem
527 2005 571 2081 ad
599 2004 840 2080 monasterium
860 2004 1121 2081 drzebnicaense
1148 2027 1209 2100 por
1235 2005 1347 2100 ipsum
1374 2005 1554 2080 fundatum
1581 2007 1616 2080 et
1642 2005 1728 2081 libe·

174 2125 293 2202 raliter
329 2127 484 2202 dotatum
520 2125 571 2220 (in
607 2147 672 2220 quo
708 2127 809 2202 beata
849 2125 976 2201 femina
1010 2125 1177 2222 Hsdvigis
1216 2126 1440 2202 arctissimam
1480 2129 1604 2223 οςοῦο)
1638 2126 1729 2202 inter
1821 2155 1827 2209 ς

173 2247 450 2325 sanctimoniales
476 2247 713 2324 distercionses
739 2248 859 2342 umen)
895 2249 998 2323 funus
1026 2271 1124 2324 suum
1151 2248 1225 2324 illic
1251 2248 1481 2345 sepeliendum
1508 2249 1645 2324 ductum
1672 2249 1690 2324 f
1713 2291 1727 2305 -

174 2370 269 2462 isset,
298 2369 454 2448 omnibus
481 2369 684 2446 monialibus
713 2371 754 2472 et·
776 2369 930 2466 pluribus
956 2371 1046 2462 aliis,
1083 2373 1155 2446 tam
1191 2370 1371 2462 nobilibus,
1410 2393 1511 2463 quam
1546 2370 1728 2446 rusticanis

173 2491 368 2569 hominibus
396 2492 573 2587 utriusqus
599 2514 714 2589 sexus,
751 2493 810 2586 qui
846 2492 889 2568 ad
916 2493 1202 2568 cohonestandum
1229 2492 1401 2570 funebrias
1435 2514 1514 2568 suas
1539 2515 1583 2569 ex
1609 2491 1727 2568 Maiori

173 2613 336 2692 Poloniae
362 2617 398 2691 st
424 2614 554 2692 Slesiae
581 2614 768 2698 Dacstibus
794 2614 830 2690 in
857 2614 1008 2691 maxima
1034 2613 1254 2692 multitudino
1280 2614 1413 2691 obviam
1440 2613 1569 2711 corpori
1596 2614 1728 2690 mortuo

173 2738 411 2830 convenerant,
447 2737 574 2830 effusis,
603 2735 829 2813 salutamina
859 2737 960 2813 beata
986 2735 1153 2834 Hsdvigis
1180 2735 1216 2812 in
1243 2735 1446 2814 monasterio
1472 2735 1726 2817 l'raebnicaonsi

173 2858 333 2934 substitit
371 2861 407 2935 ot
432 2858 592 2934 honorem
618 2859 717 2934 illum
745 2859 937 2955 impendere
973 2858 1102 2955 corpori
1138 2857 1254 2934 mariti
1289 2857 1457 2955 neglexit.
1502 2857 1570 2933 Sed
1600 2855 1726 2933 sancti-

173 2979 390 3074 monialibus,
419 2975 628 3072 aetatisque
654 2983 725 3055 tam
752 2980 845 3073 viris,
875 3003 976 3074 quem
1004 2979 1170 3056 matronis
1196 2979 1336 3056 mortem
1367 2977 1507 3056 Henriei
1533 2978 1638 3054 Ducis
1662 2978 1727 3056 viri

172 3101 226 3176 sui
254 3123 376 3199 magno
404 3100 546 3196 eiulatu,
575 3101 775 3199 magnisque
802 3101 962 3179 lamentis
984 3105 1019 3178 et
1050 3101 1289 3179 vociferatione
1315 3100 1488 3178 incondita
1503 3099 1726 3194 deflentibus,

173 3223 259 3300 haec
285 3224 359 3300 sola
384 3223 489 3300 siccos
515 3223 628 3300 tenuit
655 3225 786 3317 oculos,
824 3245 932 3319 neque
958 3223 1007 3298 iu.
1022 3223 1172 3300 omnium
1209 3223 1291 3300 fletu
1326 3223 1401 3300 visa
1435 3224 1490 3301 est
1523 3221 1726 3312 lacrimasse

172 3347 233 3421 sod
266 3348 302 3422 at
327 3347 512 3423 nonnullas
539 3345 814 3423 sanctimoniales
848 3347 975 3423 obitum
1016 3346 1155 3423 Henrici
1191 3345 1296 3422 Ducis
1322 3345 1469 3442 praelati
1495 3347 1567 3422 tam
1594 3344 1726 3442 ingenti

173 3489 332 3561 moerore,
360 3470 400 3544 ut
426 3491 511 3564 peno
538 3467 690 3545 mortuae
724 3469 939 3545 crederentur
954 3468 1002 3564 ⁶),
1040 3467 1324 3564 prosequentes
1351 3466 1534 3564 corripuit,
1572 3489 1726 3545 wmarus

172 3589 327 3684 iniquum
354 3593 389 3666 st
414 3591 595 3667 scelestum
621 3612 705 3684 esso,
733 3593 805 3666 tam
832 3589 1079 3666 inconvenienti
1106 3591 1141 3666 et
1166 3588 1387 3666 immoderato
1423 3575 1570 3666 moerore
1605 3590 1725 3665 voluu-

171 3711 239 3787 tati
266 3711 400 3789 divinae
427 3713 463 3788 et
489 3713 562 3789 eius
588 3713 800 3810 beneplacito
827 3713 1009 3789 adversari.
1046 3711 1216 3788 Successit
1242 3713 1356 3788 sutem
1383 3711 1509 3806 optimo
1535 3711 1606 3787 viro
1632 3711 1725 3786 Hen-

172 3833 242 3910 rioo
269 3857 344 3910 cum
372 3837 477 3911 barba
501 3835 598 3928 Duoi,
627 3836 663 3910 in
690 3837 831 3930 utroque
866 3837 1009 3927 Ducatu,
1047 3833 1194 3910 dominio
1228 3833 1439 3910 cracoviensi
1474 3835 1509 3909 et
1544 3832 1682 3908 llaioris
1695 3833 1725 3928 7)

171 3956 333 4033 Poloniae
366 3957 525 4035 videlicet
559 3961 595 4033 et
629 3957 777 4050 Slesiae‚
815 3957 906 4032 filius
940 3979 1023 4033 saus
1059 3955 1238 4049 Henricus,
1276 3955 1334 4049 qui
1366 3955 1431 4048 illi,
1469 3955 1610 4032 caeteris
1643 3955 1724 4030 liliis

172 4079 281 4154 morte
308 4079 490 4156 subtractis
504 4079 544 4176 ⁸),
581 4079 701 4156 unicus
726 4082 946 4156 remanserat.
991 4080 1109 4171 Neque
1136 4077 1274 4153 Maioris
1300 4077 1460 4153 Polouiae
1494 4077 1638 4173 praelati
1664 4079 1725 4153 ba·
1813 4085 1815 4090 ’

172 4223 272 4278 ronse
298 4203 334 4278 st
359 4202 489 4278 nobiles
516 4201 696 4295 quicquam
725 4201 913 4304 diminuere
940 4202 1001 4277 aut
1027 4201 1159 4276 variare
1185 4223 1229 4276 ex
1255 4199 1440 4296 praeterita
1474 4198 1664 4275 obediontia
1690 4203 1726 4275 et

171 4323 391 4418 subiectione,
427 4345 529 4419 quam
564 4324 657 4422 patri
691 4325 838 4401 Henrico
874 4347 950 4401 cum
985 4325 1088 4398 barba
1124 4321 1386 4418 praestiterant,
1423 4321 1458 4396 in
1485 4320 1557 4397 filio
1583 4321 1725 4418 dignum

171 4447 351 4540 ducsbaut,
388 4445 543 4539 quamvis
577 4446 730 4523 sciebant
756 4467 792 4522 ss
819 4446 924 4520 alium
950 4445 1123 4520 iustiorem
1160 4445 1287 4520 Ducem
1322 4445 1357 4520 st
1387 4443 1564 4521 haeredem
1591 4443 1724 4522 Wludi·

171 4569 284 4644 slaum
310 4567 446 4644 Ottonis
472 4566 546 4663 (qui
574 4570 681 4644 morte
707 4565 848 4643 Henrici
875 4589 951 4643 cum
978 4569 1083 4642 barba
1109 4568 1237 4659 secuta,
1266 4567 1445 4662 plerosque
1461 4589 1574 4642 eorum
1593 4566 1727 4664 magnis

171 4686 494 4788 promissionibus⁹)
519 4691 555 4766 et
582 4689 746 4785 precibus,
784 4691 824 4762 ut
859 4689 900 4762 de
936 4709 971 4762 se
1006 4687 1243 4784 recogitarent,
1281 4687 1413 4780 sibique
1448 4687 1616 4763 Ducatum
1647 4711 1724 4783 pro·

171 4811 284 4908 prium
310 4813 346 4889 et
373 4814 552 4907 paternum
579 4812 767 4904 redderent,
804 4809 989 4886 sollicitare
1015 4833 1082 4884 non
1108 4809 1225 4904 desiit)
1262 4809 1431 4903 babuisse,
1458 4807 1557 4884 firma
1582 4809 1722 4884 certitu·

170 4933 250 5010 dine
275 4933 370 5026 freti,
407 4933 592 5010 Henricum
628 4933 811 5009 secundum
846 4955 890 5008 ex
916 4935 1017 5007 beata
1052 4929 1200 5027 Hsdvigi
1236 4931 1401 5027 genitum,
1439 4934 1476 5007 et
1502 4933 1661 5026 paternos
1688 4933 1724 5006 et

169 5057 341 5132 maternos
368 5054 514 5151 optimos
540 5076 647 5144 mores
673 5055 892 5131 secmtumm.

279 5349 306 5433 ¹)
328 5367 415 5428 quam
430 5347 490 5412 ns.
505 5351 600 5414 Βοῦν.
625 5347 652 5430 2)
666 5351 876 5412 miserabilium
897 5366 1088 5426 personarum
1111 5347 1171 5410 Ed.
1194 5348 1289 5411 Dolor.
1313 5343 1341 5427 3)
1354 5348 1533 5409 indarnentls
1549 5346 1610 5410 Ed.
1625 5347 1721 5412 Βοῦν.

171 5453 202 5536 ⁴)
223 5462 381 5532 rostroque
407 5453 477 5518 Occi.
500 5453 573 5517 Aac.
612 5451 639 5532 ⁶)
660 5455 830 5516 viderentur
856 5454 926 5516 θοοῦ.
949 5453 1042 5516 Rosr.
1081 5451 1341 5534 ⁶)persequences
1365 5453 1423 5514 Ed,
1446 5455 1539 5517 Βοῦν.
1580 5452 1722 5533 'imino-

169 5562 211 5620 ris
233 5559 295 5622 Ea.
318 5559 413 5621 Βοῦν.
453 5557 480 5638 ⁸)
503 5559 626 5621 sublatis
650 5558 710 5620 Ed.
734 5559 828 5620 Βοῦν.
866 5555 894 5638 ⁹)
916 5559 1069 5634 promissis
1092 5557 1152 5618 Ed.
1175 5557 1269 5618 Βοῦν.
