4172 6278
172 563 233 658 (ll.
252 563 300 640 D.
321 563 440 661 12³2.)
795 584 908 640 emma
934 587 1087 640 sexsus.
1644 569 1717 642 237

169 772 310 850 dissidio
329 775 364 869 ¹),
392 776 481 868 quod
508 774 642 852 biennio
674 774 763 852 inter
789 797 865 851 eum
892 777 928 852 et
954 774 1064 851 lilium
1098 775 1290 868 Clementis,
1315 773 1519 872 Magistrum
1554 774 1722 852 Andresm

169 896 366 974 oanonioum
393 898 655 990 cracoviensem,
683 899 724 972 de
750 897 887 974 natione
914 897 1114 990 driffonum,
1130 898 1305 994 viguerat:
1333 897 1516 994 Gregorius
1542 897 1632 975 enim
1655 899 1721 974 Pa·

170 1042 215 1116 pe
241 1041 349 1096 nonus
375 1018 483 1096 sidem
508 1019 663 1096 Andreae
689 1021 817 1096 Romae
845 1020 1026 1116 praesenti,
1057 1020 1129 1096 iure
1156 1043 1216 1096 suo
1243 1021 1284 1096 do
1310 1019 1520 1097 Oraoorionei
1548 1020 1721 1116 episeopu-

170 1144 210 1217 tu
238 1141 443 1237 providerat.
470 1142 618 1218 Henrioo
644 1145 759 1219 tamen
786 1141 1061 1220 Wratislauiensi
1088 1144 1180 1218 Duos
1205 1144 1241 1218 ot
1267 1142 1475 1219 Oruoouiensi
1493 1141 1722 1238 interpositio-

171 1285 248 1340 nem
268 1263 415 1340 fsoionto
441 1265 483 1339 ad
501 1265 641 1360 Papam,
661 1263 781 1340 oleotio
808 1263 916 1341 Vislai
945 1264 1173 1354 confirmatur,
1202 1264 1389 1360 provisione
1406 1263 1561 1340 Andreae
1578 1265 1722 1340 mesum.

274 1383 430 1461 Andreas
456 1385 655 1482 Hungariae
681 1388 758 1463 Rex
784 1388 820 1462 ot
848 1387 964 1462 bootae
991 1386 1169 1462 Elisabeth
1197 1387 1303 1482 putor,
1341 1407 1417 1462 oum
1453 1384 1551 1460 annis
1577 1383 1724 1482 triginta

169 1506 370 1604 Hungariee
404 1509 561 1603 Regnum
596 1509 659 1583 sub
694 1508 881 1600 tranquillo
917 1510 953 1584 et
978 1508 1071 1584 ielioi
1106 1507 1271 1604 regimine
1305 1507 1481 1601 tenuisset,
1519 1507 1662 1583 moritur
1687 1508 1724 1583 et

169 1627 206 1703 in
233 1629 439 1705 monasterio
465 1630 507 1705 de
532 1627 644 1725 Egrus
669 1629 843 1724 sepelitur.
890 1629 950 1706 Oui
977 1630 1063 1705 Belo
1089 1629 1182 1704 lilius
1209 1629 1282 1704 eius
1308 1629 1415 1705 maior
1439 1629 1524 1706 natu
1550 1627 1723 1720 suouuoeit,

168 1748 281 1846 pridie
307 1751 391 1828 Idus
417 1750 570 1828 Ootobris
596 1750 632 1827 in
659 1750 749 1828 Albe
774 1751 884 1848 regali
910 1751 1097 1828 diedemate
1125 1749 1361 1848 insignitusil.

410 2118 574 2194 lundrtio
602 2119 793 2194 monasterii
821 2121 957 2194 botrum
982 2119 1245 2194 lruodloetorum
1270 2119 1304 2193 in
1330 2119 1499 2194 lornenir.

264 2360 466 2437 'Undooimo
492 2361 657 2438 delendas
683 2361 882 2438 Nouembris
908 2363 1038 2436 Paulus
1064 2357 1304 2438 Poenaniensis
1339 2360 1516 2458 episeopus
1542 2377 1619 2438 oum
1644 2381 1724 2438 oon·

169 2505 273 2561 sensu
301 2483 452 2579 capituli
480 2483 682 2569 suifundut
709 2483 949 2559 monesterium
976 2486 1121 2559 instrum
1148 2483 1422 2559 Praedicatorum
1449 2483 1485 2559 in
1515 2485 1665 2561 Sreodle
1682 2485 1726 2560 ad

171 2605 351 2680 sinistram
377 2604 463 2697 riae,
501 2627 588 2700 queo
623 2606 717 2682 duait
752 2607 793 2683 de
828 2607 977 2682 Sreodka
1004 2605 1040 2680 in
1067 2606 1263 2703 (llounyam
1279 2604 1320 2701 ³),
1348 2629 1367 2683 s
1393 2605 1529 2704 regione
1564 2606 1726 2684 ecelesiae

170 2728 320 2806 &notos
345 2728 597 2826 llarguretboe.
664 2763 668 2772 ¹

625 3087 834 3204 ANNUS
869 3088 1095 3204 DOMINI
1131 3087 1270 3204 1232.

173 3341 377 3416 vimulum
403 3339 532 3415 diveon
559 3339 689 3414 luteris
716 3339 867 3413 lolurlro
884 3341 957 3413 box
974 3341 1080 3414 uultu
1106 3341 1257 3414 eoelestis
1284 3337 1465 3417 diunensi
1483 3343 1518 3416 et
1534 3340 1729 3417 lossnleml

643 3457 735 3534 dedit
761 3461 930 3554 priuilegio
957 3465 1056 3558 utque
1083 3461 1265 3537 libortrtor.

277 3703 450 3782 Benelloia
476 3703 591 3780 divina
617 3703 829 3781 Wladislnus
863 3703 1019 3796 Ottonis,
1058 3705 1179 3797 quiet
1206 3705 1334 3782 Pirum
1366 3725 1549 3802 oogeomon
1576 3729 1598 3782 a
1624 3705 1729 3782 nimio

176 3826 369 3924 sputamina
397 3826 538 3902 sortitus
565 3828 629 3919 est,
657 3825 795 3902 llsioris
820 3826 980 3902 Polonioe
1006 3829 1096 3919 Dux,
1133 3827 1345 3921 frequentius
1372 3825 1408 3902 in
1434 3845 1523 3920 uum,
1552 3829 1587 3904 et
1614 3827 1649 3903 in
1675 3827 1728 3903 dl·

173 3945 232 4026 rue
258 3947 472 4044 eaptivitatis
498 3939 664 4040 suasione,
693 3950 730 4023 et
756 3949 791 4022 in
819 3949 967 4024 hostium
994 3949 1219 4025 debellatione
1245 3950 1382 4041 oollata‚
1411 3968 1626 4044 repensurus,
1654 3973 1730 4026 oum

167 4073 210 4150 st
235 4091 281 4148 ex
307 4069 402 4146 obitu
429 4069 545 4166 patrui
572 4069 626 4145 sui
653 4070 757 4146 Duris
783 4069 967 4147 Wladislai
994 4071 1209 4166 Lyaslronogi
1236 4070 1332 4165 quies
1372 4071 1501 4166 optimu
1535 4073 1572 4148 ot
1597 4071 1729 4148 Prinoi-

174 4196 320 4290 potuum
346 4192 546 4288 amplitudo,
574 4193 610 4268 ot
637 4195 847 4268 exoonsorte
875 4191 1041 4288 legitima,
1069 4192 1361 4288 Surantopollonis
1387 4192 1605 4270 Pomersniae
1627 4193 1731 4269 Duois

175 4335 288 4392 sorore
303 4313 343 4410 ⁴),
381 4315 444 4391 duo
480 4315 655 4410 elegantes
690 4313 755 4388 filii
791 4314 1018 4423 Praemislaus
1054 4314 1184 4408 primus
1212 4317 1248 4390 et
1273 4315 1451 4390 Bolosleus
1484 4314 1578 4406 Pius,
1615 4335 1730 4392 rarum

175 4438 333 4532 quidem,
369 4437 428 4512 sed
464 4435 648 4530 multiplex
684 4438 808 4511 bonum
844 4435 1075 4531 provenisset,
1113 4436 1243 4511 deabus
1277 4435 1429 4512 ooolosiis
1463 4435 1729 4530 outhedrulibus,

176 4556 367 4637 Gnesnonsi
393 4557 551 4634 videlieet
583 4559 619 4632 et
653 4557 888 4649 Poenanionsi‚
925 4559 988 4634 sub
1024 4557 1152 4633 ditione
1187 4558 1238 4632 sui
1267 4559 1419 4633 Duootus
1454 4559 1730 4654 consistentibus,

175 4702 320 4778 magnas
345 4679 534 4772 libertates,
562 4678 796 4756 immunitates
823 4683 858 4755 et
885 4679 1067 4777 privilegia
1097 4679 1237 4756 donavit
1262 4683 1298 4756 ot
1323 4680 1500 4774 consessit,
1529 4681 1731 4758 absolvendo

175 4804 410 4900 praefatarum
436 4783 653 4879 ooolesiarum
680 4801 782 4878 uillas
809 4801 944 4878 babitus
970 4806 1006 4878 et
1031 4803 1203 4878 habendas
1221 4804 1389 4879 eteorum
1416 4803 1545 4880 inoolas
1571 4805 1613 4879 ab
1639 4803 1731 4879 omni

174 4925 356 5017 solutione,
383 4924 559 5016 seruitute,
588 4924 682 5000 datis
708 4926 744 5001 et
770 4947 880 5016 onero,
909 4947 995 5018 quae
1021 4923 1103 5000 olim
1129 4924 1215 5000 Duoi
1242 4928 1278 5000 ot
1303 4925 1376 5001 eius
1402 4947 1555 5002 oamorue
1576 4928 1730 5021 preoste-

174 5049 313 5141 bantur,
343 5049 378 5123 et
403 5049 446 5122 ab
473 5045 563 5121 omni
591 5069 666 5141 sua,
690 5069 893 5140 suorumque
927 5019 1170 5142 palatinorum,
1204 5048 1482 5140 eastallanorum,
1520 5046 1668 5125 iudioum
1694 5049 1731 5124 et

285 5345 309 5424 ¹)
333 5346 456 5407 dissidio
482 5344 553 5408 Cod.
576 5347 670 5408 Rorr.
709 5341 737 5428 ⁹)
761 5347 879 5408 Montio
902 5347 938 5408 do
960 5349 1053 5407 morte
1074 5345 1220 5407 Andreae
1242 5347 1321 5422 repis
1342 5345 1543 5420 Hesperius,
1565 5361 1624 5422 per
1646 5361 1729 5408 arro·

173 5469 238 5514 rem
258 5450 369 5525 forsan
390 5450 470 5512 bioca
487 5447 599 5528 posita,
622 5451 767 5528 ropetitur
789 5453 827 5512 ab
849 5455 955 5513 aurore
976 5453 1012 5513 in
1031 5453 1167 5527 penulae
1189 5452 1250 5512 loeo
1272 5451 1314 5513 od
1336 5466 1456 5512 aanor»
1477 5450 1570 5513 1235.
1607 5447 1635 5529 ³)
1659 5451 1729 5513 Glo-

173 5560 290 5635 godam
314 5555 377 5619 Ed.
400 5556 494 5618 Dodr.
536 5552 563 5634 ⁴)
585 5556 647 5618 iilia
674 5551 745 5618 Ood.
769 5553 842 5617 Aac.
