4172 6278
1 615 2 618 ¹
147 565 204 660 ld·
222 565 272 654 D.
294 565 400 662 1217.)
521 615 525 624 .
775 590 888 646 urnae
915 590 1069 646 saxeus.
1621 572 1695 648 205

146 776 255 852 etibm
291 775 327 850 iu
363 775 508 853 eirouitu
545 777 656 853 luerat
692 774 928 851 formidabilis.
982 776 1225 853 Truoulentum
1260 779 1410 874 proferto
1445 780 1480 855 et
1516 781 1697 874 plusquam

147 899 325 973 barbarum
351 897 542 993 tyrannidis
569 895 763 993 ingenium,
793 897 881 989 quod
908 899 979 972 tam
1006 897 1152 974 nobilem
1179 901 1214 976 et
1240 899 1406 996 inclytum
1434 900 1598 992 militem,
1627 903 1698 975 tam

145 1019 315 1114 insignem
341 1019 459 1095 duoem
494 1019 531 1095 et
556 1017 735 1110 viatorem,
764 1021 835 1094 tarn
863 1017 1085 1096 necessaium
1112 1001 1312 1098 bellatorem
1338 1021 1538 1119 extinguere
1565 1021 1697 1118 potuit;

146 1143 188 1216 ab
214 1163 264 1233 eo,
293 1141 382 1233 quod
402 1141 426 1234 ¹)
453 1139 552 1216 Titus
579 1141 752 1217 Romanus
780 1141 969 1237 Imperator
994 1141 1197 1237 Vespasiani
1224 1141 1317 1218 iilius
1343 1143 1501 1220 habuisse
1528 1143 1696 1234 scribitur,

1 1311 2 1376 ,
145 1261 421 1354 diversissimum,
451 1261 516 1355 qur
526 1263 609 1338 duos
627 1261 765 1357 patrioii
791 1261 928 1358 generis
954 1263 1169 1340 efferatione
1195 1264 1336 1359 Imperii
1363 1264 1542 1357 ernustes,
1562 1288 1583 1340 a
1600 1265 1698 1341 reatu

1 1409 2 1428 ¹
147 1385 181 1460 et
207 1405 315 1479 poena
341 1382 500 1460 nobiliter
526 1385 722 1476 absolvens,
759 1381 847 1460 nihil
880 1385 1038 1480 amplius,
1072 1407 1174 1477 quam
1201 1387 1241 1460 ut
1267 1385 1470 1463 desisterent
1484 1387 1523 1480 ἲ),
1554 1385 1696 1475 monuit,

1 1559 2 1570 ι
147 1507 281 1602 dinem:
309 1504 543 1600 Priueipatum
569 1506 641 1582 fato
667 1505 751 1599 dari,
780 1507 810 1582 si
841 1507 923 1599 quid
949 1509 1124 1602 praeterea
1150 1529 1285 1603 posoere
1312 1510 1354 1583 ab
1380 1531 1418 1584 eo
1444 1509 1592 1600 uellent,
1622 1531 1698 1603 pro-

148 1629 288 1702 mittens
320 1649 357 1702 se
382 1627 602 1702 tributurum.
655 1629 725 1704 Nea
760 1629 879 1704 tantae
914 1627 1198 1724 praesumptionis
1234 1628 1397 1723 iniquitas
1433 1631 1592 1704 mutante
1629 1627 1700 1703 suis

147 1748 283 1840 finibus,
312 1749 441 1843 prolem
467 1747 540 1823 eius
566 1749 780 1844 persequitur
806 1751 842 1826 et
868 1749 1060 1845 proscribit.
1115 1749 1259 1826 Diuinae
1285 1773 1362 1826 vero
1388 1751 1621 1846 providentiae
1648 1751 1699 1824 iu-

147 1871 255 1960 stitia,
284 1870 426 1946 reddens
452 1868 632 1964 uniouique
650 1892 710 1966 pro
729 1893 828 1966 opere
846 1869 1028 1966 dignam³l
1056 1873 1249 1964 mercedem,
1277 1895 1339 1948 neo
1365 1871 1567 1967 permittens
1584 1874 1702 1948 tantae

1 2025 2 2080 ,
148 1990 365 2085 iniquitatem
392 1983 676 2086 praesumptionis
703 1991 908 2086 impunitam
934 1991 1119 2086 praeterire
1134 1991 1172 2087 ⁴),
1201 1995 1241 2068 ut
1267 1993 1356 2068 iusto
1374 1992 1436 2069 Dei
1463 1993 1586 2069 iudioio
1613 1993 1701 2068 idom

148 2116 225 2188 Dux
252 2112 427 2188 cunradus
461 2111 659 2206 puniretur,
696 2111 733 2188 in
766 2135 831 2206 quo
867 2111 1030 2206 deliquit,
1068 2114 1228 2188 barbarus
1262 2113 1417 2189 nationes
1453 2115 1702 2190 Pruthenerum
1786 2175 1790 2181 .

1 2239 2 2316 ἲ
150 2237 316 2310 terrarum
342 2233 625 2310 oonterminarum
640 2233 690 2328 5),
719 2233 836 2310 audita
862 2236 970 2310 morte
996 2233 1155 2326 Oristini,
1184 2235 1220 2308 iu
1246 2234 1415 2311 laetitiam
1442 2235 1598 2330 permisit
1624 2257 1701 2330 pro-

149 2377 304 2451 mmpere
328 2358 365 2432 et
390 2354 646 2446 exultationem,
675 2354 824 2432 dimntes
838 2355 887 2450 6):
916 2357 1032 2431 Honor
1061 2355 1158 2431 nobis
1183 2359 1219 2431 et
1245 2355 1357 2431 faoilis
1382 2356 1425 2432 ad
1451 2359 1577 2432 terram
1604 2359 1702 2433 Polo-

1 2527 2 2542 ,
150 2500 268 2584 norum
295 2475 466 2572 egressio,
499 2479 679 2572 postquam
715 2477 782 2572 ipsi
817 2479 925 2553 Deum
953 2499 1051 2552 suum
1078 2479 1113 2554 et
1140 2477 1354 2553 liberatorem
1381 2477 1593 2568 oooiderunt;
1631 2479 1702 2554 Gri-

149 2600 278 2674 stinuin
305 2599 505 2693 appelantes
537 2599 666 2674 Deum:
713 2598 786 2693 ipse
823 2598 914 2674 euim
948 2599 1076 2674 uirtute
1112 2620 1174 2674 sua
1208 2599 1342 2676 heroion
1378 2602 1413 2676 et
1447 2600 1615 2676 adiutorio
1642 2599 1704 2675 Dei

1 2722 2 2754 l
149 2721 323 2812 suffultus,
352 2721 460 2796 totam
487 2719 614 2794 terram
642 2720 842 2815 protegebat
868 2722 904 2795 et
930 2719 1141 2797 defendebat.
1170 2720 1241 2816 Quo
1254 2719 1372 2812 obriso,
1402 2720 1490 2796 idern
1517 2721 1703 2797 166066-

1 2833 2 2848 '
149 2842 252 2917 radus
277 2839 342 2918 Dei
377 2839 544 2916 adiutorio
580 2842 622 2916 ob
657 2841 767 2917 sosius
803 2839 1015 2916 erudelitatis
1041 2837 1256 2934 destitutus,
1293 2845 1419 2918 terram
1455 2865 1551 2918 snam
1587 2843 1704 2918 amodo

1 2989 2 3076 l
149 2963 290 3057 reliquit
317 2962 548 3038 indefensam:
577 2961 665 3039 unde
692 2961 823 3055 euenit,
852 2963 892 3038 ut
919 2985 995 3039 eum
1022 2985 1082 3059 per
1109 2963 1304 3058 frequentes
1330 2964 1625 3059 Pruthenerum&
1651 2963 1704 3038 in-

1 3131 2 3134 *
150 3107 268 3162 aursus
298 3085 391 3160 terra
416 3083 489 3161 eius
516 3083 748 3160 devastaretur
773 3086 809 3160 et
835 3084 1097 3180 depopularetur
1122 3085 1272 3180 impune,
1309 3087 1445 3162 ooaotus
1472 3088 1525 3161 est
1551 3085 1706 3162 inuoeare

151 3206 320 3282 auxilium
346 3204 487 3282 Henriei
513 3204 616 3280 Dneis
643 3205 945 3299 wratislaviensis,
980 3207 1023 3281 ad
1049 3205 1144 3282 ouius
1172 3205 1436 3302 persuasionem,
1474 3207 1626 3282 barbaris
1653 3229 1704 3282 re-

153 3329 279 3425 pressis
318 3329 354 3404 66
381 3330 473 3406 terra
509 3326 745 3424 0661666668)
778 3327 814 3402 in
841 3349 939 3403 suum
974 3330 1103 3404 statum
1137 3327 1307 3422 restitute,
1347 3330 1485 3406 Fratres
1520 3327 1707 3406 druoiferos

153 3451 188 3526 in
213 3450 268 3525 sui
295 3449 456 3526 solatium
471 3448 501 3544 9)
526 3450 667 3526 adrooat
702 3451 738 3526 et
779 3449 864 3544 ipsis
900 3453 1026 3526 terram
1062 3450 1293 3527 Ghelmensem
1313 3450 1357 3546 Ι”)
1392 3450 1622 3527 aPruthenis
1649 3451 1706 3527 de·

154 3572 355 3648 tendendam
381 3570 550 3667 assignat.
578 3572 625 3646 Et
650 3573 740 3647 reete
767 3570 945 3648 auaritiam
969 3570 1116 3666 praefati
1143 3571 1289 3647 dunradi
1314 3571 1419 3648 Duois
1445 3571 1580 3647 iustitia
1606 3571 1706 3666 puni-

154 3695 203 3769 rit
229 3691 360 3768 divina.
404 3693 493 3770 Nem
520 3691 579 3785 qui
606 3692 791 3770 (tristinen
818 3692 1020 3788 palatinum,
1059 3692 1218 3769 felioitati
1246 3694 1280 3769 et
1307 3692 1526 3788 amplitudini
1552 3692 1625 3768 eius
1653 3693 1705 3767 in-

155 3815 283 3910 ridens,
312 3817 450 3909 propter
477 3812 689 3908 praediorum
716 3815 751 3890 et
778 3814 990 3890 fortunarum
1017 3816 1088 3888 tam
1115 3815 1329 3909 apparatum,
1359 3835 1460 3906 quam
1487 3817 1644 3889 ornatum
1664 3813 1708 3907 ¹¹)

154 3941 328 4014 atrorum
354 3935 522 4030 oopiosam
558 3934 801 4012 abundantiam
838 3935 987 4012 eoeoavit
1018 3937 1053 4011 et
1079 3935 1260 4031 iugulavit,
1296 3937 1331 4011 66
1367 3937 1495 4030 prolem
1530 3935 1602 4010 eius
1629 3957 1706 4030 pro·

1 4095 2 4158 ;
154 4058 303 4153 saripsit,
332 4057 405 4152 ipse
432 4080 497 4132 666
525 4057 634 4132 66166
662 4056 800 4151 praedia
821 4059 857 4133 et
875 4056 1112 4152 possessiones,
1141 4059 1200 4133 sed
1226 4057 1330 4133 etiam
1356 4057 1612 4152 Principatuum
1631 4078 1707 4131 suo·

156 4202 231 4256 rum
257 4182 385 4254 terram
413 4177 583 4273 insignem
610 4178 744 4254 coaetus
771 4179 824 4253 est
851 4177 1000 4254 indebite
1027 4177 1193 4267 alienare3
1224 4181 1258 4253 at
1285 4178 1518 4274 posteritatem
1546 4198 1643 4252 suam
1670 4199 1709 4251 ao

155 4302 305 4393 reliquos
330 4299 548 4394 Prineiputus
575 4299 673 4394 gravi
701 4299 879 4376 uexatione
906 4298 1048 4394 reliquit
1074 4300 1256 4376 erudeliter
1282 4299 1560 4397 impugnandam.

258 4420 453 4498 Plooaensis
479 4419 622 4497 eoelesia
656 4420 786 4496 oesuali
821 4419 975 4496 incendio
1002 4420 1038 4494 in
1065 4421 1175 4496 oestro
1207 4421 1380 4498 Ploouensi
1416 4422 1544 4514 exorto,
1573 4441 1710 4516 grauem

155 4542 307 4639 pereepit
332 4541 369 4616 in
395 4542 495 4618 robus
522 4541 594 4618 suis
621 4543 656 4620 et
682 4541 889 4638 supellectili
916 4540 1225 4639 oondagratiouem.

264 4837 291 4918 ¹)
315 4839 433 4913 quidem
460 4836 530 4900 Geel.
552 4839 646 4900 Rorr.
678 4835 707 4918 ⁹)
730 4838 908 4900 desisterent
929 4856 947 4898 a
968 4839 1121 4914 proposito
1148 4838 1220 4898 Ood.
1243 4839 1335 4899 Roer.
1369 4835 1395 4914 3)
1418 4839 1525 4899 iustam
1541 4837 1600 4898 Ed.
1617 4837 1710 4897 Dobr.

160 4939 185 5021 ⁴)
201 4945 329 5004 transire
354 4941 426 5004 Ood.
443 4943 535 5002 Roer.
560 4937 587 5019 ⁵)
603 4959 720 5002 suarum
744 4943 939 5003 conterminas
966 4940 1036 5004 Ood.
1060 4943 1152 5002 Roer.
1180 4939 1206 5019 θ)
1222 4943 1381 5002 dicentium
1405 4943 1464 5001 Idd.
1488 4943 1581 5002 Dobr.
1609 4937 1710 5016 ⁷)Ru·
1745 4947 1750 4952 '

157 5049 310 5109 thanorum
334 5047 607 5120 Pruthenoremqne
633 5042 704 5107 Ood.
728 5048 822 5107 Roar.
856 5047 1061 5107 Polouoonum
1083 5047 1142 5106 Ed.
1165 5047 1260 5106 Dobr.
1299 5043 1497 5123 ⁸)Culmensi
1524 5045 1594 5104 Cod.
1618 5045 1710 5103 Roar.

158 5147 350 5230 'pauidum
377 5147 448 5215 (lod.
472 5151 565 5214 noar.
608 5148 650 5229 ¹⁰)
673 5149 857 5216 culmensem
882 5150 953 5215 eod.
976 5152 1068 5216 Rosr.
1109 5148 1152 5228 11)
1173 5155 1409 5216 ornamentorum
1431 5149 1606 5218 Ε6.1)66ν.
