4246 6274
147 563 200 660 (Β.
217 561 264 638 Α.
284 565 394 660 llas.)
747 587 858 640 arana
884 587 1056 650 sumnus.
1186 563 1192 576 '
1623 563 1670 640 53

146 775 347 871 Beleupesna
364 775 399 869 ¹),
427 778 462 852 et
479 775 586 851 exivit
604 776 773 850 Isneslaus
790 778 824 851 ot
842 776 931 851 Hleb
946 776 972 870 ’)
999 775 1116 851 eontra
1142 799 1228 866 eum,
1249 777 1284 850 et
1301 777 1474 851 certabant
1500 769 1673 871 sagittarii

145 897 310 994 proripis.
337 897 549 972 Itoscaislaus
566 897 682 974 uidens
709 920 866 993 magnam
895 897 1146 974 multitudinem
1165 900 1422 990 Poloucaonum,
1450 897 1589 972 territus
1608 899 1671 990 est,

144 1019 309 1097 obmittit
334 1021 375 1094 ad
402 1021 597 1111 Isaaslanm
626 1020 734 1094 dando
757 1009 824 1096 'sibi
852 1043 910 1115 pro
937 1043 972 1096 se
998 1021 1113 1116 Kpou,
1142 1023 1176 1096 et
1202 1021 1387 1095 Pereeslau
1415 1043 1473 1115 pro
1499 1019 1673 1096 Mscaisleo

144 1143 270 1238 nepote.
298 1141 391 1238 Quod
417 1143 555 1217 audiens
580 1141 777 1216 Mseaislaus
805 1142 1000 1237 indignatus
1027 1142 1176 1218 dicebat:
1214 1143 1283 1218 Neo
1311 1165 1372 1238 ego
1399 1143 1525 1218 habebo
1552 1145 1672 1219 Perea·

143 1265 227 1355 slew,
258 1285 318 1340 nso
343 1265 383 1338 tu
409 1265 524 1360 Kpou,
552 1267 588 1339 et
614 1265 752 1340 recessit
778 1286 853 1339 oum
880 1264 1004 1339 militie
1031 1289 1099 1341 sue.
1154 1265 1245 1360 Quod
1281 1265 1431 1340 videntes
1465 1287 1578 1341 omnes
1612 1264 1674 1339 elii

144 1386 296 1482 fugiunt,
324 1389 358 1462 ot
384 1387 554 1482 Poloucny
579 1409 634 1462 eos
661 1387 846 1481 persecuti,
883 1388 996 1482 plmes
1027 1387 1179 1462 occidunt
1195 1385 1222 1483 ³)
1259 1389 1319 1462 aut
1353 1387 1511 1482 capiunt,
1549 1385 1671 1462 caetori

141 1509 386 1604 disperguntur.
432 1509 477 1583 m
503 1508 716 1584 Roscnislaus
743 1509 835 1604 fugit
862 1508 898 1582 in
926 1509 1142 1598 Smolansko,
1171 1513 1206 1584 st
1231 1509 1426 1584 blsonisleus
1441 1509 1469 1604 ⁴)
1495 1510 1529 1583 et
1557 1509 1670 1582 Suan-

141 1631 290 1706 thoslaus
317 1629 600 1706 Wsneuoldouicn
614 1630 642 1725 5)
669 1631 851 1726 procedunt
877 1630 1046 1726 fugientes
1073 1631 1108 1704 in
1136 1631 1251 1724 Kpou.
1279 1631 1324 1704 Et
1351 1631 1471 1726 ceptus
1488 1631 1541 1706 est
1560 1631 1673 1705 Suan-

141 1753 291 1828 thoslaus
325 1751 609 1828 Wsnewuldouica
623 1752 652 1847 6)
683 1775 704 1827 a
730 1753 918 1843 Polouoeis,
955 1756 991 1828 et
1024 1752 1219 1828 Mecaisluus
1233 1753 1260 1848 ⁷)
1296 1753 1404 1829 euasit
1439 1755 1474 1828 ct
1509 1753 1603 1828 venit
1637 1751 1673 1826 in

141 1875 332 1965 Pereeslaw,
360 1877 396 1950 ot
421 1876 594 1969 assumpte
620 1897 723 1950 uxore
750 1897 810 1948 sua
836 1875 930 1949 vadit
957 1875 992 1948 in
1018 1876 1180 1950 annslro.
1227 1875 1433 1971 Kporionses
1460 1877 1571 1949 entem
1598 1875 1674 1970 plu·
1709 1911 1711 1916 v

141 1996 259 2071 rimum
286 1996 476 2092 aggravati,
505 1996 647 2070 mittunt
674 1999 709 2072 et
734 1997 900 2092 recipiunt
928 1997 1112 2071 Iszaslaum
1140 1997 1175 2070 in
1201 1999 1315 2093 Kyou,
1344 1997 1402 2089 qui
1429 1998 1518 2074 locat
1543 1995 1676 2090 Hleb⁸)

110 2099 112 2106 ’
141 2119 172 2194 in
199 2119 404 2211 Pereaslau,
442 2119 620 2194 Polemonis
648 2119 860 2214 patrantibus
874 2119 903 2213 9)
930 2121 1039 2194 multa
1064 2120 1154 2194 mala
1180 2119 1267 2195 circa
1293 2121 1490 2212 Pereesleu,
1519 2119 1676 2196 ecclesias

136 2241 403 2318 comburentibus
430 2243 531 2336 etque
556 2242 668 2317 uillae.
714 2241 927 2338 Postheec¹⁰)
955 2241 1117 2338 Georgius
1143 2243 1237 2317 uenit
1262 2265 1377 2319 uersus
1404 2241 1509 2339 Kyom
1536 2243 1570 2317 et
1598 2243 1674 2336 post

138 2364 262 2438 multos
287 2365 452 2438 mactatus
480 2363 579 2440 cessit
605 2364 669 2438 sibi
690 2364 732 2458 ¹¹)
760 2365 929 2438 Iszeslens
948 2367 988 2439 de
1007 2365 1121 2460 Kpou,
1150 2367 1185 2439 et
1211 2366 1298 2441 sedit
1320 2365 1483 2460 Georgius
1509 2364 1546 2438 in
1571 2363 1677 2459 Kyou

137 2487 211 2561 sede
237 2508 301 2560 sna
326 2485 428 2578 avita,
458 2489 493 2562 et
519 2485 693 2561 distribuit
714 2485 756 2581 ¹²)
784 2486 936 2582 regiones
965 2487 1052 2562 inter
1078 2487 1185 2562 lilios:
1213 2486 1366 2564 Andreae
1392 2489 1451 2564 dat
1468 2485 1676 2576 Wisnobrod,

136 2607 294 2684 Bornisch
321 2609 449 2701 Turou,
477 2609 567 2684 Hlob
588 2607 630 2702 ”)
658 2609 855 2701 Poreesleu,
884 2612 918 2684 et
945 2608 1154 2687 Wasailkoni
1181 2611 1316 2708 Porsnp.

590 3057 795 3174 nunes
830 2992 1054 3172 nonrm
1121 3058 1224 3172 rao.

308 3345 504 3419 wladislaus
532 3347 607 3419 exul
633 3363 750 3438 parans
778 3345 809 3418 in
836 3346 973 3438 patriam
1001 3345 1146 3433 reditum,
1175 3345 1207 3418 in
1234 3344 1348 3419 itinero
1375 3346 1517 3420 noritur.

240 3587 297 3663 Ad
320 3587 466 3683 patriam
493 3589 527 3664 et
554 3587 767 3684 Principatns
795 3611 871 3663 suos
898 3612 941 3664 ex
967 3588 1134 3680 diuturno,
1164 3589 1424 3681 calamitosoque
1451 3588 1565 3680 exilio,
1594 3589 1681 3682 quod

136 3710 172 3785 in
197 3710 382 3786 Almaniao
418 3711 485 3785 oris
504 3709 546 3806 ”)
582 3712 680 3786 annis
713 3711 872 3786 tredecim
908 3734 983 3787 enm
1019 3713 1159 3808 coniuge
1194 3714 1228 3786 et
1254 3711 1370 3788 liboris
1395 3711 1484 3807 stipa
1509 3711 1621 3786 aliena
1646 3713 1682 3786 et

136 3833 290 3928 precario
326 3833 461 3923 uirens,
489 3833 697 3908 Wladislaus
733 3835 931 3909 Polonorum
963 3835 1041 3908 Dux
1077 3834 1283 3929 pertulerat,
1320 3829 1408 3928 quos
1438 3834 1501 3908 sibi
1532 3831 1681 3907 ‘fratrum

136 3954 336 4050 benignitas
362 3955 460 4029 iuxta
486 3955 601 4030 foedus
624 3978 697 4029 oum
716 3955 884 4030 Friderico
903 3956 1041 4032 Caesare
1068 3955 1173 4031 ictum
1199 3955 1422 4031 restituendos
1449 3955 1681 4051 spoponderat,

136 4099 346 4169 reversurus,
375 4099 479 4168 arma,
508 4100 620 4169 aquea,
649 4079 893 4174 quadrigasque
919 4077 954 4154 et
980 4078 1210 4154 subvectiones
1237 4081 1402 4170 caeteros,
1432 4079 1553 4172 quibus
1579 4077 1681 4152 sarei-

137 4222 199 4276 nae
226 4199 354 4276 deferri
390 4202 544 4294 possent,
584 4203 619 4275 et
654 4200 853 4276 reversionis
879 4201 914 4274 in
941 4200 1086 4295 patriam
1114 4205 1149 4275 et
1174 4199 1429 4277 cohabitationis
1465 4199 1684 4275 dominiorum

137 4322 281 4418 cupidus
311 4321 531 4417 expediebat:
560 4345 635 4397 oum
663 4322 799 4398 interim
825 4324 967 4418 languor
994 4323 1213 4418 gravissimus
1240 4323 1339 4398 illurn
1366 4321 1551 4418 occuparit,
1581 4343 1684 4414 aquo

136 4424 359 4520 hebdomadis
384 4443 515 4538 aliquot
541 4445 875 4536 cneocaesaream
902 4446 1015 4519 Nonas
1041 4445 1132 4519 Iunii
1160 4445 1284 4520 mensis
1303 4445 1347 4540 ¹⁶)
1374 4445 1509 4520 tandem
1537 4444 1685 4519 animam

134 4567 290 4657 exhalat,
322 4568 358 4640 et
384 4565 419 4639 in
446 4564 655 4640 Aldembnrk
682 4567 806 4662 accipit
832 4567 1052 4662 sepulturam.
1081 4567 1185 4661 Quem
1212 4567 1345 4660 quidem
1372 4568 1482 4642 locum
1500 4567 1534 4641 et
1552 4585 1685 4641 consors

135 4709 196 4763 sua
222 4687 377 4764 cristina
403 4710 592 4781 usquequo
619 4689 699 4764 latis
725 4689 913 4784 intercepta
938 4692 1002 4778 est,
1032 4688 1188 4764 incoluit:
1217 4689 1312 4765 cuins
1339 4688 1479 4765 consilia
1497 4691 1532 4764 et
1550 4709 1685 4783 persua-

135 4809 247 4884 siones
275 4809 489 4886 Wladislans
525 4812 678 4902 secutus,
716 4812 850 4905 propria
886 4809 1052 4904 perdidit,
1091 4811 1148 4904 qui
1175 4833 1337 4906 usurpare
1362 4810 1535 4886 nitebatur
1561 4809 1683 4899 aliena,

135 4932 355 5027 primumque
381 4933 472 5023 exul,
502 4931 619 5007 deinde
646 4936 680 5008 et
707 4932 814 5008 hostis
852 4932 982 5028 patriae
1017 4932 1154 5008 babitus
1187 4936 1257 5022 est;
1303 4932 1444 5008 aculus
1480 4931 1686 5028 possessione

244 5141 270 5220 ¹)
294 5143 469 5203 Bielawicza
496 5142 566 5203 Ood.
589 5145 680 5204 Roar.
705 5139 733 5220 ⁹)
750 5143 846 5203 Oleolr
863 5144 921 5203 Ed.
945 5144 1040 5204 Debr.
1065 5141 1091 5221 ³)
1108 5151 1159 5204 aut
1181 5144 1317 5204 occidunt
1344 5142 1414 5202 θοοῦ.
1437 5143 1529 5203 Roar.
1554 5137 1580 5219 ⁴)
1595 5141 1685 5201 Msci-

136 5249 215 5308 olaus
246 5262 321 5308 rere
351 5247 412 5307 Ed.
442 5247 534 5307 Debr.
579 5243 612 5324 ⁶)
634 5247 898 5308 Wszenoldorowie
929 5249 987 5308 Ed.
1017 5249 1109 5308 Βοῦν.
1153 5244 1182 5323 ⁰)
1203 5247 1468 5308 Wszenoldorowic
1497 5247 1556 5307 Ed.
1591 5247 1685 5306 Debr.

140 5351 351 5428 ²)Mscislaus
381 5361 450 5412 vero
480 5353 540 5412 Ed.
571 5353 663 5412 Βοῦν.
703 5350 843 5430 ⁸)Oleclr
874 5353 933 5412 Ed.
966 5353 1058 5414 Debr.
1097 5349 1124 5433 ⁹)
1146 5353 1253 5412 ibidem
1283 5353 1467 5427 patrantibus
1495 5351 1566 5412 Uod.
1593 5352 1685 5412 Βονν.

141 5453 182 5534 ”)
203 5457 325 5517 Deinde
355 5457 415 5518 Ed.
437 5457 530 5518 Debr.
574 5454 612 5534 ¹¹)
634 5459 679 5516 illi
704 5455 774 5518 (lod.
798 5459 888 5518 Βονν.
939 5455 979 5535 ¹²)
1002 5459 1152 5518 distribuit
1172 5459 1202 5516 in
1224 5459 1284 5522 vita
1315 5457 1374 5519 Ed.
1396 5455 1491 5520 Debr.
1534 5452 1573 5540 ¹³)
1596 5455 1687 5524 Olacb

140 5561 198 5624 Ed·
222 5563 322 5624 Debr.
367 5557 407 5629 ¹⁴)
430 5563 617 5626 inarmonia
643 5561 713 5624 Cod.
737 5563 829 5626 Roar.
873 5559 911 5646 ¹⁵)
935 5563 1001 5626 Iulii
1024 5563 1083 5624 Ed.
1106 5563 1200 5622 Βοῦν.
