<?xml version="1.0" encoding="UTF-8"?>
<!DOCTYPE html PUBLIC "-//W3C//DTD XHTML 1.0 Transitional//EN"
    "http://www.w3.org/TR/xhtml1/DTD/xhtml1-transitional.dtd">
<html xmlns="http://www.w3.org/1999/xhtml" xml:lang="en" lang="en">
 <head>
  <title>
</title>
<meta http-equiv="Content-Type" content="text/html;charset=utf-8" />
  <meta name='ocr-system' content='tesseract 3.04.00' />
  <meta name='ocr-capabilities' content='ocr_page ocr_carea ocr_par ocr_line ocrx_word'/>
</head>
<body>
  <div class='ocr_page' id='page_1' title='image "./operaomnia02paulgoog_0172.png"; bbox 0 0 4172 6278; ppageno 0'>
   <div class='ocr_carea' id='block_1_1' title="bbox 325 511 1874 610">
    <p class='ocr_par' dir='ltr' id='par_1_1' title="bbox 325 511 1874 610">
     <span class='ocr_line' id='line_1_1' title="bbox 325 511 1874 610; baseline -0.001 -18"><span class='ocrx_word' id='word_1_1' title='bbox 325 519 397 592; x_wconf 82' lang='lat'>156</span> <span class='ocrx_word' id='word_1_2' title='bbox 951 537 1063 588; x_wconf 82' lang='lat' dir='ltr'>nnana</span> <span class='ocrx_word' id='word_1_3' title='bbox 1090 535 1242 590; x_wconf 73' lang='lat' dir='ltr'>saxeus.</span> <span class='ocrx_word' id='word_1_4' title='bbox 1589 513 1656 610; x_wconf 86' lang='grc' dir='ltr'>(Α.</span> <span class='ocrx_word' id='word_1_5' title='bbox 1677 511 1874 610; x_wconf 80' lang='grc' dir='ltr'>Β.1200.)</span> 
     </span>
    </p>
   </div>
   <div class='ocr_carea' id='block_1_2' title="bbox 323 720 1873 818">
    <p class='ocr_par' dir='ltr' id='par_1_2' title="bbox 323 720 1873 818">
     <span class='ocr_line' id='line_1_2' title="bbox 323 720 1873 818; baseline -0.003 -18"><span class='ocrx_word' id='word_1_6' title='bbox 323 723 458 800; x_wconf 87' lang='lat' dir='ltr'>Ottonis</span> <span class='ocrx_word' id='word_1_7' title='bbox 478 724 502 818; x_wconf 89' lang='lat'>¹)</span> <span class='ocrx_word' id='word_1_8' title='bbox 528 721 665 799; x_wconf 85' lang='lat' dir='ltr'>Maioris</span> <span class='ocrx_word' id='word_1_9' title='bbox 691 721 851 797; x_wconf 91' lang='lat' dir='ltr'>Poloniae</span> <span class='ocrx_word' id='word_1_10' title='bbox 877 722 1026 798; x_wconf 90' lang='lat' dir='ltr'>Ducibus</span> <span class='ocrx_word' id='word_1_11' title='bbox 1061 721 1290 812; x_wconf 86' lang='lat' dir='ltr'>instantibus,</span> <span class='ocrx_word' id='word_1_12' title='bbox 1328 721 1434 798; x_wconf 88' lang='lat' dir='ltr'>frater</span> <span class='ocrx_word' id='word_1_13' title='bbox 1459 721 1627 797; x_wconf 88' lang='lat' dir='ltr'>Henrious</span> <span class='ocrx_word' id='word_1_14' title='bbox 1653 720 1764 797; x_wconf 88' lang='lat' dir='ltr'>dictus</span> <span class='ocrx_word' id='word_1_15' title='bbox 1789 721 1873 796; x_wconf 89' lang='lat' dir='ltr'>Kie-</span> 
     </span>
    </p>
   </div>
   <div class='ocr_carea' id='block_1_3' title="bbox 175 843 1874 938">
    <p class='ocr_par' dir='ltr' id='par_1_3' title="bbox 175 843 1874 938">
     <span class='ocr_line' id='line_1_3' title="bbox 175 843 1874 938; baseline -0.002 -19"><span class='ocrx_word' id='word_1_16' title='bbox 175 910 179 919; x_wconf 91' lang='lat'>.</span> <span class='ocrx_word' id='word_1_17' title='bbox 323 845 404 922; x_wconf 87' lang='lat' dir='ltr'>tlica</span> <span class='ocrx_word' id='word_1_18' title='bbox 431 845 559 920; x_wconf 83' lang='lat' dir='ltr'>ordinis</span> <span class='ocrx_word' id='word_1_19' title='bbox 584 844 763 934; x_wconf 87' lang='lat' dir='ltr'>llinorum,</span> <span class='ocrx_word' id='word_1_20' title='bbox 794 843 829 917; x_wconf 92' lang='lat' dir='ltr'>in</span> <span class='ocrx_word' id='word_1_21' title='bbox 858 843 1057 919; x_wconf 87' lang='lat' dir='ltr'>monasterio</span> <span class='ocrx_word' id='word_1_22' title='bbox 1079 844 1107 938; x_wconf 76' lang='lat'>²)</span> <span class='ocrx_word' id='word_1_23' title='bbox 1135 843 1252 920; x_wconf 86' lang='lat' dir='ltr'>Sancti</span> <span class='ocrx_word' id='word_1_24' title='bbox 1279 843 1392 920; x_wconf 89' lang='lat' dir='ltr'>Iacobi</span> <span class='ocrx_word' id='word_1_25' title='bbox 1419 844 1510 938; x_wconf 90' lang='lat' dir='ltr'>apud</span> <span class='ocrx_word' id='word_1_26' title='bbox 1536 843 1794 919; x_wconf 86' lang='lat' dir='ltr'>Wratisluuiam</span> <span class='ocrx_word' id='word_1_27' title='bbox 1820 865 1874 917; x_wconf 93' lang='lat' dir='ltr'>or·</span> 
     </span>
    </p>
   </div>
   <div class='ocr_carea' id='block_1_4' title="bbox 324 963 1878 1666">
    <p class='ocr_par' dir='ltr' id='par_1_4' title="bbox 324 963 1878 1426">
     <span class='ocr_line' id='line_1_4' title="bbox 325 963 1874 1061; baseline -0.002 -20"><span class='ocrx_word' id='word_1_28' title='bbox 325 967 436 1042; x_wconf 90' lang='lat' dir='ltr'>dinem</span> <span class='ocrx_word' id='word_1_29' title='bbox 463 967 646 1061; x_wconf 88' lang='lat' dir='ltr'>professus,</span> <span class='ocrx_word' id='word_1_30' title='bbox 676 988 720 1038; x_wconf 84' lang='lat' dir='ltr'>ex</span> <span class='ocrx_word' id='word_1_31' title='bbox 748 967 844 1060; x_wconf 89' lang='lat' dir='ltr'>patre</span> <span class='ocrx_word' id='word_1_32' title='bbox 870 965 1052 1040; x_wconf 77' lang='lat' dir='ltr'>Theodrico</span> <span class='ocrx_word' id='word_1_33' title='bbox 1079 966 1171 1040; x_wconf 89' lang='lat' dir='ltr'>Duce</span> <span class='ocrx_word' id='word_1_34' title='bbox 1197 963 1384 1040; x_wconf 90' lang='lat' dir='ltr'>Brennensi</span> <span class='ocrx_word' id='word_1_35' title='bbox 1409 966 1445 1040; x_wconf 90' lang='lat' dir='ltr'>et</span> <span class='ocrx_word' id='word_1_36' title='bbox 1470 963 1625 1039; x_wconf 81' lang='lat' dir='ltr'>Eudonia</span> <span class='ocrx_word' id='word_1_37' title='bbox 1650 964 1793 1040; x_wconf 89' lang='lat' dir='ltr'>Ducissa</span> <span class='ocrx_word' id='word_1_38' title='bbox 1810 966 1874 1039; x_wconf 91' lang='lat' dir='ltr'>Po·</span> 
     </span>
     <span class='ocr_line' id='line_1_5' title="bbox 324 1085 1876 1182; baseline -0.003 -19"><span class='ocrx_word' id='word_1_39' title='bbox 324 1088 436 1163; x_wconf 89' lang='lat' dir='ltr'>loniae</span> <span class='ocrx_word' id='word_1_40' title='bbox 462 1088 609 1182; x_wconf 89' lang='lat' dir='ltr'>genitus,</span> <span class='ocrx_word' id='word_1_41' title='bbox 638 1087 720 1161; x_wconf 91' lang='lat' dir='ltr'>licet</span> <span class='ocrx_word' id='word_1_42' title='bbox 746 1087 897 1162; x_wconf 89' lang='lat' dir='ltr'>renitens</span> <span class='ocrx_word' id='word_1_43' title='bbox 913 1086 952 1180; x_wconf 61' lang='grc'>8),</span> <span class='ocrx_word' id='word_1_44' title='bbox 981 1109 1041 1181; x_wconf 90' lang='lat' dir='ltr'>per</span> <span class='ocrx_word' id='word_1_45' title='bbox 1067 1086 1304 1162; x_wconf 90' lang='lat' dir='ltr'>Innocentium</span> <span class='ocrx_word' id='word_1_46' title='bbox 1330 1089 1459 1181; x_wconf 90' lang='lat' dir='ltr'>Papam</span> <span class='ocrx_word' id='word_1_47' title='bbox 1484 1085 1636 1177; x_wconf 89' lang='lat' dir='ltr'>tertium,</span> <span class='ocrx_word' id='word_1_48' title='bbox 1660 1089 1722 1160; x_wconf 87' lang='lat' dir='ltr'>aut</span> <span class='ocrx_word' id='word_1_49' title='bbox 1739 1095 1779 1160; x_wconf 90' lang='lat' dir='ltr'>nt</span> <span class='ocrx_word' id='word_1_50' title='bbox 1796 1085 1876 1160; x_wconf 88' lang='lat' dir='ltr'>aliis</span> 
     </span>
     <span class='ocr_line' id='line_1_6' title="bbox 325 1206 1878 1306; baseline -0.001 -22"><span class='ocrx_word' id='word_1_51' title='bbox 325 1212 456 1306; x_wconf 82' lang='lat' dir='ltr'>placet,</span> <span class='ocrx_word' id='word_1_52' title='bbox 499 1231 558 1303; x_wconf 90' lang='lat' dir='ltr'>per</span> <span class='ocrx_word' id='word_1_53' title='bbox 592 1207 777 1282; x_wconf 84' lang='lat' dir='ltr'>Martinam</span> <span class='ocrx_word' id='word_1_54' title='bbox 817 1209 975 1299; x_wconf 90' lang='lat' dir='ltr'>quartum</span> <span class='ocrx_word' id='word_1_55' title='bbox 1011 1207 1184 1302; x_wconf 82' lang='lat' dir='ltr'>provisus,</span> <span class='ocrx_word' id='word_1_56' title='bbox 1221 1207 1391 1284; x_wconf 87' lang='lat' dir='ltr'>Meraniae</span> <span class='ocrx_word' id='word_1_57' title='bbox 1426 1206 1600 1302; x_wconf 72' lang='lat' dir='ltr'><strong>Principes</strong></span> <span class='ocrx_word' id='word_1_58' title='bbox 1624 1206 1651 1301; x_wconf 75' lang='lat'>⁴)</span> <span class='ocrx_word' id='word_1_59' title='bbox 1687 1207 1878 1303; x_wconf 84' lang='lat' dir='ltr'>propinqua</span> 
     </span>
     <span class='ocr_line' id='line_1_7' title="bbox 326 1327 1458 1426; baseline -0.004 -19"><span class='ocrx_word' id='word_1_60' title='bbox 326 1330 526 1426; x_wconf 88' lang='lat' dir='ltr'>cognatione</span> <span class='ocrx_word' id='word_1_61' title='bbox 554 1331 589 1404; x_wconf 92' lang='lat' dir='ltr'>et</span> <span class='ocrx_word' id='word_1_62' title='bbox 615 1331 749 1404; x_wconf 87' lang='lat' dir='ltr'>beatam</span> <span class='ocrx_word' id='word_1_63' title='bbox 776 1327 958 1423; x_wconf 88' lang='lat' dir='ltr'>Heduigim</span> <span class='ocrx_word' id='word_1_64' title='bbox 985 1329 1093 1422; x_wconf 90' lang='lat' dir='ltr'>gradu</span> <span class='ocrx_word' id='word_1_65' title='bbox 1119 1329 1222 1404; x_wconf 92' lang='lat' dir='ltr'>tertio</span> <span class='ocrx_word' id='word_1_66' title='bbox 1248 1329 1458 1423; x_wconf 80' lang='lat' dir='ltr'>contingens</span> 
     </span>
    </p>

    <p class='ocr_par' dir='ltr' id='par_1_5' title="bbox 327 1448 1878 1666">
     <span class='ocr_line' id='line_1_8' title="bbox 430 1448 1878 1544; baseline -0.002 -18"><span class='ocrx_word' id='word_1_67' title='bbox 430 1453 526 1526; x_wconf 87' lang='lat' dir='ltr'>Nono</span> <span class='ocrx_word' id='word_1_68' title='bbox 562 1451 746 1524; x_wconf 70' lang='lat' dir='ltr'>delendas,</span> <span class='ocrx_word' id='word_1_69' title='bbox 767 1449 854 1524; x_wconf 88' lang='lat' dir='ltr'>Maii</span> <span class='ocrx_word' id='word_1_70' title='bbox 888 1450 974 1524; x_wconf 89' lang='lat' dir='ltr'>Bela</span> <span class='ocrx_word' id='word_1_71' title='bbox 1008 1451 1248 1544; x_wconf 88' lang='lat' dir='ltr'>Hungarorum</span> <span class='ocrx_word' id='word_1_72' title='bbox 1272 1449 1300 1542; x_wconf 89' lang='lat'>⁵)</span> <span class='ocrx_word' id='word_1_73' title='bbox 1326 1451 1423 1540; x_wconf 86' lang='lat' dir='ltr'>Rex,</span> <span class='ocrx_word' id='word_1_74' title='bbox 1460 1471 1537 1524; x_wconf 89' lang='lat' dir='ltr'>cum</span> <span class='ocrx_word' id='word_1_75' title='bbox 1571 1449 1671 1524; x_wconf 92' lang='lat' dir='ltr'>annis</span> <span class='ocrx_word' id='word_1_76' title='bbox 1706 1448 1816 1525; x_wconf 87' lang='lat' dir='ltr'>tribus</span> <span class='ocrx_word' id='word_1_77' title='bbox 1843 1452 1878 1526; x_wconf 94' lang='lat' dir='ltr'>et</span> 
     </span>
     <span class='ocr_line' id='line_1_9' title="bbox 327 1569 1877 1666; baseline 0 -20"><span class='ocrx_word' id='word_1_78' title='bbox 327 1571 453 1666; x_wconf 86' lang='lat' dir='ltr'>uiginti</span> <span class='ocrx_word' id='word_1_79' title='bbox 479 1572 667 1664; x_wconf 77' lang='lat' dir='ltr'>regnasset,</span> <span class='ocrx_word' id='word_1_80' title='bbox 696 1569 840 1644; x_wconf 91' lang='lat' dir='ltr'>moritur</span> <span class='ocrx_word' id='word_1_81' title='bbox 867 1571 902 1644; x_wconf 86' lang='lat' dir='ltr'>et</span> <span class='ocrx_word' id='word_1_82' title='bbox 930 1569 966 1644; x_wconf 93' lang='lat' dir='ltr'>in</span> <span class='ocrx_word' id='word_1_83' title='bbox 992 1570 1083 1645; x_wconf 81' lang='lat' dir='ltr'>Alba</span> <span class='ocrx_word' id='word_1_84' title='bbox 1108 1570 1234 1665; x_wconf 79' lang='lat' dir='ltr'>Regali</span> <span class='ocrx_word' id='word_1_85' title='bbox 1260 1571 1442 1665; x_wconf 90' lang='lat' dir='ltr'>sepelitur;</span> <span class='ocrx_word' id='word_1_86' title='bbox 1480 1569 1534 1645; x_wconf 90' lang='lat' dir='ltr'>cui</span> <span class='ocrx_word' id='word_1_87' title='bbox 1561 1569 1751 1648; x_wconf 89' lang='lat' dir='ltr'>filiuseius</span> <span class='ocrx_word' id='word_1_88' title='bbox 1777 1573 1877 1646; x_wconf 86' lang='lat' dir='ltr'>Eme·</span> 
     </span>
    </p>
   </div>
   <div class='ocr_carea' id='block_1_5' title="bbox 191 1690 1879 1788">
    <p class='ocr_par' dir='ltr' id='par_1_6' title="bbox 191 1690 1879 1788">
     <span class='ocr_line' id='line_1_10' title="bbox 191 1690 1879 1788; baseline 0 -22"><span class='ocrx_word' id='word_1_89' title='bbox 191 1781 194 1788; x_wconf 24' lang='grc'>1</span> <span class='ocrx_word' id='word_1_90' title='bbox 328 1691 419 1768; x_wconf 86' lang='lat' dir='ltr'>ricus</span> <span class='ocrx_word' id='word_1_91' title='bbox 454 1691 636 1782; x_wconf 88' lang='lat' dir='ltr'>successit,</span> <span class='ocrx_word' id='word_1_92' title='bbox 673 1690 841 1766; x_wconf 90' lang='lat' dir='ltr'>communi</span> <span class='ocrx_word' id='word_1_93' title='bbox 877 1693 912 1765; x_wconf 91' lang='lat' dir='ltr'>et</span> <span class='ocrx_word' id='word_1_94' title='bbox 950 1691 1111 1766; x_wconf 89' lang='lat' dir='ltr'>conformi</span> <span class='ocrx_word' id='word_1_95' title='bbox 1147 1693 1377 1786; x_wconf 88' lang='lat' dir='ltr'>praelatorum</span> <span class='ocrx_word' id='word_1_96' title='bbox 1403 1693 1438 1767; x_wconf 90' lang='lat' dir='ltr'>ct</span> <span class='ocrx_word' id='word_1_97' title='bbox 1464 1693 1625 1766; x_wconf 89' lang='lat' dir='ltr'>baronum</span> <span class='ocrx_word' id='word_1_98' title='bbox 1652 1713 1815 1766; x_wconf 77' lang='lat' dir='ltr'>censensu</span> <span class='ocrx_word' id='word_1_99' title='bbox 1842 1691 1879 1766; x_wconf 92' lang='lat' dir='ltr'>in</span> 
     </span>
    </p>
   </div>
   <div class='ocr_carea' id='block_1_6' title="bbox 329 1812 1420 1908">
    <p class='ocr_par' dir='ltr' id='par_1_7' title="bbox 329 1812 1420 1908">
     <span class='ocr_line' id='line_1_11' title="bbox 329 1812 1420 1908; baseline -0.001 -20"><span class='ocrx_word' id='word_1_100' title='bbox 329 1813 451 1888; x_wconf 90' lang='lat' dir='ltr'>solium</span> <span class='ocrx_word' id='word_1_101' title='bbox 479 1815 659 1907; x_wconf 89' lang='lat' dir='ltr'>paternum</span> <span class='ocrx_word' id='word_1_102' title='bbox 685 1813 833 1903; x_wconf 84' lang='lat' dir='ltr'>euectus,</span> <span class='ocrx_word' id='word_1_103' title='bbox 862 1813 917 1888; x_wconf 90' lang='lat' dir='ltr'>sed</span> <span class='ocrx_word' id='word_1_104' title='bbox 945 1834 1049 1908; x_wconf 85' lang='lat' dir='ltr'>paruo</span> <span class='ocrx_word' id='word_1_105' title='bbox 1075 1812 1233 1908; x_wconf 85' lang='lat' dir='ltr'>regnauit</span> <span class='ocrx_word' id='word_1_106' title='bbox 1259 1815 1420 1906; x_wconf 88' lang='lat' dir='ltr'>tempore.</span> 
     </span>
    </p>
   </div>
   <div class='ocr_carea' id='block_1_7' title="bbox 785 2143 1431 2288">
    <p class='ocr_par' dir='ltr' id='par_1_8' title="bbox 785 2143 1431 2288">
     <span class='ocr_line' id='line_1_12' title="bbox 785 2143 1431 2288; baseline -0.003 -3"><span class='ocrx_word' id='word_1_107' title='bbox 785 2143 992 2286; x_wconf 81' lang='lat' dir='ltr'>nunus</span> <span class='ocrx_word' id='word_1_108' title='bbox 1027 2172 1252 2288; x_wconf 83' lang='lat' dir='ltr'>oomni</span> <span class='ocrx_word' id='word_1_109' title='bbox 1286 2173 1431 2287; x_wconf 82' lang='lat' dir='ltr'>nsoo.</span> 
     </span>
    </p>
   </div>
   <div class='ocr_carea' id='block_1_8' title="bbox 331 2421 1883 2740">
    <p class='ocr_par' dir='ltr' id='par_1_9' title="bbox 331 2421 1883 2740">
     <span class='ocr_line' id='line_1_13' title="bbox 331 2421 1882 2513; baseline 0.001 -17"><span class='ocrx_word' id='word_1_110' title='bbox 331 2421 534 2512; x_wconf 62' lang='lat' dir='ltr'>ncczrlaur</span> <span class='ocrx_word' id='word_1_111' title='bbox 560 2421 712 2494; x_wconf 80' lang='lat' dir='ltr'>delerem</span> <span class='ocrx_word' id='word_1_112' title='bbox 739 2425 876 2495; x_wconf 83' lang='lat' dir='ltr'>matrem</span> <span class='ocrx_word' id='word_1_113' title='bbox 902 2422 1077 2495; x_wconf 76' lang='lat' dir='ltr'>luctisonis</span> <span class='ocrx_word' id='word_1_114' title='bbox 1104 2427 1201 2513; x_wconf 83' lang='lat' dir='ltr'>rogat</span> <span class='ocrx_word' id='word_1_115' title='bbox 1227 2427 1262 2497; x_wconf 84' lang='lat' dir='ltr'>et</span> <span class='ocrx_word' id='word_1_116' title='bbox 1288 2424 1456 2512; x_wconf 78' lang='lat' dir='ltr'>domatur,</span> <span class='ocrx_word' id='word_1_117' title='bbox 1491 2428 1529 2497; x_wconf 85' lang='lat' dir='ltr'>ut</span> <span class='ocrx_word' id='word_1_118' title='bbox 1554 2424 1618 2496; x_wconf 82' lang='lat' dir='ltr'>ulti</span> <span class='ocrx_word' id='word_1_119' title='bbox 1644 2424 1686 2496; x_wconf 85' lang='lat' dir='ltr'>ad</span> <span class='ocrx_word' id='word_1_120' title='bbox 1712 2425 1815 2498; x_wconf 75' lang='lat' dir='ltr'>uitam</span> <span class='ocrx_word' id='word_1_121' title='bbox 1842 2424 1882 2497; x_wconf 84' lang='lat' dir='ltr'>do</span> 
     </span>
     <span class='ocr_line' id='line_1_14' title="bbox 331 2541 1883 2636; baseline 0.002 -20"><span class='ocrx_word' id='word_1_122' title='bbox 331 2542 514 2616; x_wconf 76' lang='lat' dir='ltr'>loretello</span> <span class='ocrx_word' id='word_1_123' title='bbox 549 2541 764 2616; x_wconf 83' lang='lat' dir='ltr'>conscendat:</span> <span class='ocrx_word' id='word_1_124' title='bbox 804 2547 838 2617; x_wconf 86' lang='lat' dir='ltr'>et</span> <span class='ocrx_word' id='word_1_125' title='bbox 874 2562 913 2616; x_wconf 85' lang='lat' dir='ltr'>ea</span> <span class='ocrx_word' id='word_1_126' title='bbox 940 2545 1180 2634; x_wconf 83' lang='lat' dir='ltr'>consentiente,</span> <span class='ocrx_word' id='word_1_127' title='bbox 1216 2563 1255 2618; x_wconf 81' lang='lat' dir='ltr'>aa</span> <span class='ocrx_word' id='word_1_128' title='bbox 1291 2546 1325 2618; x_wconf 88' lang='lat' dir='ltr'>in</span> <span class='ocrx_word' id='word_1_129' title='bbox 1360 2543 1595 2620; x_wconf 76' lang='lat' dir='ltr'>Sandomlriam</span> <span class='ocrx_word' id='word_1_130' title='bbox 1630 2545 1817 2636; x_wconf 74' lang='lat' dir='ltr'>resedente,</span> <span class='ocrx_word' id='word_1_131' title='bbox 1843 2545 1883 2620; x_wconf 79' lang='lat' dir='ltr'>rt</span> 
     </span>
     <span class='ocr_line' id='line_1_15' title="bbox 1014 2665 1193 2740; baseline 0.011 -2"><span class='ocrx_word' id='word_1_132' title='bbox 1014 2665 1193 2740; x_wconf 79' lang='lat' dir='ltr'>lonrrclu</span> 
     </span>
    </p>
   </div>
   <div class='ocr_carea' id='block_1_9' title="bbox 436 2853 1885 3004">
    <p class='ocr_par' dir='ltr' id='par_1_10' title="bbox 436 2853 1885 3004">
     <span class='ocr_line' id='line_1_16' title="bbox 436 2853 1885 3004; baseline 0.002 -24"><span class='ocrx_word' id='word_1_133' title='bbox 436 2853 627 2980; x_wconf 76' lang='lat' dir='ltr'>cataniensi</span> <span class='ocrx_word' id='word_1_134' title='bbox 653 2903 788 2980; x_wconf 84' lang='lat' dir='ltr'>Ducatu</span> <span class='ocrx_word' id='word_1_135' title='bbox 814 2904 939 2981; x_wconf 89' lang='lat' dir='ltr'>iniuste</span> <span class='ocrx_word' id='word_1_136' title='bbox 976 2929 1036 3001; x_wconf 91' lang='lat' dir='ltr'>per</span> <span class='ocrx_word' id='word_1_137' title='bbox 1071 2907 1360 3004; x_wconf 56' lang='lat' dir='ltr'>Mpeealronemb</span> <span class='ocrx_word' id='word_1_138' title='bbox 1395 2906 1515 2983; x_wconf 88' lang='lat' dir='ltr'>Senem</span> <span class='ocrx_word' id='word_1_139' title='bbox 1552 2906 1690 2984; x_wconf 84' lang='lat' dir='ltr'>Maioris</span> <span class='ocrx_word' id='word_1_140' title='bbox 1725 2907 1885 2984; x_wconf 89' lang='lat' dir='ltr'>Poloniae</span> 
     </span>
    </p>
   </div>
   <div class='ocr_carea' id='block_1_10' title="bbox 333 3027 1890 4935">
    <p class='ocr_par' dir='ltr' id='par_1_11' title="bbox 333 3027 1890 4935">
     <span class='ocr_line' id='line_1_17' title="bbox 333 3027 1884 3138; baseline 0.001 -37"><span class='ocrx_word' id='word_1_141' title='bbox 333 3030 459 3102; x_wconf 89' lang='lat' dir='ltr'>Ducem</span> <span class='ocrx_word' id='word_1_142' title='bbox 494 3027 675 3120; x_wconf 87' lang='lat' dir='ltr'>occupato,</span> <span class='ocrx_word' id='word_1_143' title='bbox 712 3029 932 3122; x_wconf 82' lang='lat' dir='ltr'>Myocaslaus</span> <span class='ocrx_word' id='word_1_144' title='bbox 955 3027 1028 3124; x_wconf 90' lang='lat' dir='ltr'>ipse</span> <span class='ocrx_word' id='word_1_145' title='bbox 1055 3029 1098 3103; x_wconf 89' lang='lat' dir='ltr'>ad</span> <span class='ocrx_word' id='word_1_146' title='bbox 1125 3030 1353 3124; x_wconf 88' lang='lat' dir='ltr'>occupandum</span> <span class='ocrx_word' id='word_1_147' title='bbox 1379 3027 1823 3138; x_wconf 74' lang='lat' dir='ltr'>cauriensemmucatum</span> <span class='ocrx_word' id='word_1_148' title='bbox 1848 3031 1884 3105; x_wconf 95' lang='lat' dir='ltr'>et</span> 
     </span>
     <span class='ocr_line' id='line_1_18' title="bbox 333 3146 1882 3244; baseline 0.001 -22"><span class='ocrx_word' id='word_1_149' title='bbox 333 3149 535 3224; x_wconf 90' lang='lat' dir='ltr'>Polonorum</span> <span class='ocrx_word' id='word_1_150' title='bbox 569 3146 799 3222; x_wconf 80' lang='lat' dir='ltr'>Monarchiam</span> <span class='ocrx_word' id='word_1_151' title='bbox 835 3148 986 3224; x_wconf 89' lang='lat' dir='ltr'>animum</span> <span class='ocrx_word' id='word_1_152' title='bbox 1021 3151 1226 3244; x_wconf 87' lang='lat' dir='ltr'>conatusque</span> <span class='ocrx_word' id='word_1_153' title='bbox 1260 3171 1375 3225; x_wconf 91' lang='lat' dir='ltr'>omnes</span> <span class='ocrx_word' id='word_1_154' title='bbox 1409 3149 1577 3241; x_wconf 81' lang='lat' dir='ltr'>intendit,</span> <span class='ocrx_word' id='word_1_155' title='bbox 1611 3151 1646 3224; x_wconf 92' lang='lat' dir='ltr'>et</span> <span class='ocrx_word' id='word_1_156' title='bbox 1673 3149 1753 3243; x_wconf 87' lang='lat' dir='ltr'>quia</span> <span class='ocrx_word' id='word_1_157' title='bbox 1778 3173 1882 3241; x_wconf 86' lang='lat' dir='ltr'>arma,</span> 
     </span>
     <span class='ocr_line' id='line_1_19' title="bbox 334 3267 1883 3366; baseline 0.001 -23"><span class='ocrx_word' id='word_1_158' title='bbox 334 3269 457 3361; x_wconf 89' lang='lat' dir='ltr'>quibus</span> <span class='ocrx_word' id='word_1_159' title='bbox 475 3267 510 3342; x_wconf 93' lang='lat' dir='ltr'>id</span> <span class='ocrx_word' id='word_1_160' title='bbox 529 3267 674 3362; x_wconf 89' lang='lat' dir='ltr'>primum</span> <span class='ocrx_word' id='word_1_161' title='bbox 702 3268 837 3360; x_wconf 85' lang='lat' dir='ltr'>assequi</span> <span class='ocrx_word' id='word_1_162' title='bbox 863 3271 1011 3360; x_wconf 88' lang='lat' dir='ltr'>uolebat,</span> <span class='ocrx_word' id='word_1_163' title='bbox 1038 3271 1150 3346; x_wconf 91' lang='lat' dir='ltr'>minus</span> <span class='ocrx_word' id='word_1_164' title='bbox 1170 3271 1223 3344; x_wconf 94' lang='lat' dir='ltr'>illi</span> <span class='ocrx_word' id='word_1_165' title='bbox 1243 3293 1400 3366; x_wconf 86' lang='lat' dir='ltr'>prospere</span> <span class='ocrx_word' id='word_1_166' title='bbox 1426 3273 1608 3362; x_wconf 77' lang='lat' dir='ltr'>cesserant,</span> <span class='ocrx_word' id='word_1_167' title='bbox 1637 3273 1715 3346; x_wconf 85' lang='lat' dir='ltr'>astu</span> <span class='ocrx_word' id='word_1_168' title='bbox 1732 3272 1767 3345; x_wconf 91' lang='lat' dir='ltr'>et</span> <span class='ocrx_word' id='word_1_169' title='bbox 1785 3271 1883 3362; x_wconf 90' lang='lat' dir='ltr'>dolis,</span> 
     </span>
     <span class='ocr_line' id='line_1_20' title="bbox 335 3388 1884 3486; baseline 0.001 -22"><span class='ocrx_word' id='word_1_170' title='bbox 335 3411 422 3481; x_wconf 89' lang='lat' dir='ltr'>quae</span> <span class='ocrx_word' id='word_1_171' title='bbox 449 3388 603 3464; x_wconf 90' lang='lat' dir='ltr'>omnibus</span> <span class='ocrx_word' id='word_1_172' title='bbox 629 3389 733 3463; x_wconf 90' lang='lat' dir='ltr'>armis</span> <span class='ocrx_word' id='word_1_173' title='bbox 760 3390 952 3484; x_wconf 87' lang='lat' dir='ltr'>potentiora</span> <span class='ocrx_word' id='word_1_174' title='bbox 977 3390 1133 3466; x_wconf 86' lang='lat' dir='ltr'>existunt</span> <span class='ocrx_word' id='word_1_175' title='bbox 1155 3392 1196 3486; x_wconf 76' lang='grc'>7),</span> <span class='ocrx_word' id='word_1_176' title='bbox 1225 3395 1339 3486; x_wconf 86' lang='lat' dir='ltr'>sperat</span> <span class='ocrx_word' id='word_1_177' title='bbox 1365 3413 1401 3467; x_wconf 88' lang='lat' dir='ltr'>se</span> <span class='ocrx_word' id='word_1_178' title='bbox 1427 3391 1518 3466; x_wconf 88' lang='lat' dir='ltr'>haud</span> <span class='ocrx_word' id='word_1_179' title='bbox 1554 3390 1653 3466; x_wconf 91' lang='lat' dir='ltr'>dubie</span> <span class='ocrx_word' id='word_1_180' title='bbox 1688 3393 1846 3468; x_wconf 81' lang='lat' dir='ltr'>comeant</span> <span class='ocrx_word' id='word_1_181' title='bbox 1870 3433 1884 3446; x_wconf 95' lang='lat'>·</span> 
     </span>
     <span class='ocr_line' id='line_1_21' title="bbox 334 3509 1886 3608; baseline 0.001 -24"><span class='ocrx_word' id='word_1_182' title='bbox 334 3533 422 3584; x_wconf 90' lang='lat' dir='ltr'>rum.</span> <span class='ocrx_word' id='word_1_183' title='bbox 466 3510 650 3586; x_wconf 80' lang='lat' dir='ltr'>Falconem</span> <span class='ocrx_word' id='word_1_184' title='bbox 683 3509 799 3600; x_wconf 89' lang='lat' dir='ltr'>itaque</span> <span class='ocrx_word' id='word_1_185' title='bbox 834 3511 1027 3606; x_wconf 88' lang='lat' dir='ltr'>episcopum</span> <span class='ocrx_word' id='word_1_186' title='bbox 1060 3514 1096 3586; x_wconf 93' lang='lat' dir='ltr'>et</span> <span class='ocrx_word' id='word_1_187' title='bbox 1122 3511 1297 3590; x_wconf 88' lang='lat' dir='ltr'>Nicolaum</span> <span class='ocrx_word' id='word_1_188' title='bbox 1334 3535 1532 3607; x_wconf 90' lang='lat' dir='ltr'>germanum</span> <span class='ocrx_word' id='word_1_189' title='bbox 1567 3513 1658 3605; x_wconf 90' lang='lat' dir='ltr'>eius,</span> <span class='ocrx_word' id='word_1_190' title='bbox 1695 3512 1886 3608; x_wconf 85' lang='lat' dir='ltr'>palatinum</span> 
     </span>
     <span class='ocr_line' id='line_1_22' title="bbox 335 3630 1887 3729; baseline 0.001 -23"><span class='ocrx_word' id='word_1_191' title='bbox 335 3630 598 3721; x_wconf 79' lang='lat' dir='ltr'>Orccoriensem,</span> <span class='ocrx_word' id='word_1_192' title='bbox 627 3632 843 3724; x_wconf 89' lang='lat' dir='ltr'>caeterosque</span> <span class='ocrx_word' id='word_1_193' title='bbox 861 3631 963 3726; x_wconf 91' lang='lat' dir='ltr'>primi</span> <span class='ocrx_word' id='word_1_194' title='bbox 990 3631 1116 3706; x_wconf 88' lang='lat' dir='ltr'>ordinis</span> <span class='ocrx_word' id='word_1_195' title='bbox 1143 3634 1179 3708; x_wconf 92' lang='lat' dir='ltr'>et</span> <span class='ocrx_word' id='word_1_196' title='bbox 1205 3632 1385 3727; x_wconf 86' lang='lat' dir='ltr'>dignitatis</span> <span class='ocrx_word' id='word_1_197' title='bbox 1411 3633 1511 3724; x_wconf 86' lang='lat' dir='ltr'>uiros,</span> <span class='ocrx_word' id='word_1_198' title='bbox 1539 3635 1613 3707; x_wconf 91' lang='lat' dir='ltr'>tum</span> <span class='ocrx_word' id='word_1_199' title='bbox 1632 3655 1691 3729; x_wconf 91' lang='lat' dir='ltr'>per</span> <span class='ocrx_word' id='word_1_200' title='bbox 1709 3656 1745 3708; x_wconf 89' lang='lat' dir='ltr'>se</span> <span class='ocrx_word' id='word_1_201' title='bbox 1763 3655 1887 3728; x_wconf 84' lang='lat' dir='ltr'>magna</span> 
     </span>
     <span class='ocr_line' id='line_1_23' title="bbox 335 3751 1885 3848; baseline 0.001 -22"><span class='ocrx_word' id='word_1_202' title='bbox 335 3751 505 3842; x_wconf 89' lang='lat' dir='ltr'>comitate,</span> <span class='ocrx_word' id='word_1_203' title='bbox 533 3753 606 3826; x_wconf 92' lang='lat' dir='ltr'>tum</span> <span class='ocrx_word' id='word_1_204' title='bbox 626 3775 684 3845; x_wconf 91' lang='lat' dir='ltr'>per</span> <span class='ocrx_word' id='word_1_205' title='bbox 702 3751 819 3826; x_wconf 90' lang='lat' dir='ltr'>literae</span> <span class='ocrx_word' id='word_1_206' title='bbox 837 3755 873 3828; x_wconf 92' lang='lat' dir='ltr'>et</span> <span class='ocrx_word' id='word_1_207' title='bbox 895 3752 1032 3828; x_wconf 90' lang='lat' dir='ltr'>nuntios</span> <span class='ocrx_word' id='word_1_208' title='bbox 1054 3753 1150 3828; x_wconf 90' lang='lat' dir='ltr'>varia</span> <span class='ocrx_word' id='word_1_209' title='bbox 1176 3753 1358 3848; x_wconf 87' lang='lat' dir='ltr'>largitione</span> <span class='ocrx_word' id='word_1_210' title='bbox 1385 3754 1561 3846; x_wconf 89' lang='lat' dir='ltr'>sollicitat,</span> <span class='ocrx_word' id='word_1_211' title='bbox 1590 3757 1757 3846; x_wconf 90' lang='lat' dir='ltr'>quatenus</span> <span class='ocrx_word' id='word_1_212' title='bbox 1774 3754 1885 3846; x_wconf 93' lang='lat' dir='ltr'>illum,</span> 
     </span>
     <span class='ocr_line' id='line_1_24' title="bbox 335 3871 1886 3970; baseline 0.001 -24"><span class='ocrx_word' id='word_1_213' title='bbox 335 3871 418 3946; x_wconf 88' lang='lat' dir='ltr'>filiis</span> <span class='ocrx_word' id='word_1_214' title='bbox 452 3872 651 3966; x_wconf 88' lang='lat' dir='ltr'>praesertim</span> <span class='ocrx_word' id='word_1_215' title='bbox 679 3871 845 3946; x_wconf 86' lang='lat' dir='ltr'>Karimiri</span> <span class='ocrx_word' id='word_1_216' title='bbox 872 3872 986 3965; x_wconf 89' lang='lat' dir='ltr'>Ducis,</span> <span class='ocrx_word' id='word_1_217' title='bbox 1020 3874 1184 3950; x_wconf 85' lang='lat' dir='ltr'>Lestoone</span> <span class='ocrx_word' id='word_1_218' title='bbox 1220 3876 1255 3948; x_wconf 91' lang='lat' dir='ltr'>et</span> <span class='ocrx_word' id='word_1_219' title='bbox 1288 3875 1461 3966; x_wconf 79' lang='lat' dir='ltr'>dunrado,</span> <span class='ocrx_word' id='word_1_220' title='bbox 1498 3876 1646 3949; x_wconf 92' lang='lat' dir='ltr'>nondum</span> <span class='ocrx_word' id='word_1_221' title='bbox 1682 3875 1886 3970; x_wconf 84' lang='lat' dir='ltr'>epheborum</span> 
     </span>
     <span class='ocr_line' id='line_1_25' title="bbox 335 3992 1887 4090; baseline 0 -22"><span class='ocrx_word' id='word_1_222' title='bbox 335 3995 481 4068; x_wconf 87' lang='lat' dir='ltr'>aetatem</span> <span class='ocrx_word' id='word_1_223' title='bbox 506 3992 534 4086; x_wconf 72' lang='grc'>8)</span> <span class='ocrx_word' id='word_1_224' title='bbox 569 3993 809 4068; x_wconf 80' lang='lat' dir='ltr'>excedentibus</span> <span class='ocrx_word' id='word_1_225' title='bbox 831 3995 880 4088; x_wconf 74' lang='lat'>⁹),</span> <span class='ocrx_word' id='word_1_226' title='bbox 918 3994 953 4068; x_wconf 95' lang='lat' dir='ltr'>in</span> <span class='ocrx_word' id='word_1_227' title='bbox 990 3995 1192 4070; x_wconf 91' lang='lat' dir='ltr'>Polonornm</span> <span class='ocrx_word' id='word_1_228' title='bbox 1218 3996 1434 4070; x_wconf 83' lang='lat' dir='ltr'>Monarcham</span> <span class='ocrx_word' id='word_1_229' title='bbox 1469 3998 1663 4088; x_wconf 87' lang='lat' dir='ltr'>assumant,</span> <span class='ocrx_word' id='word_1_230' title='bbox 1691 4017 1887 4090; x_wconf 87' lang='lat' dir='ltr'>prosperam</span> 
     </span>
     <span class='ocr_line' id='line_1_26' title="bbox 336 4113 1889 4206; baseline 0 -18"><span class='ocrx_word' id='word_1_231' title='bbox 336 4116 371 4188; x_wconf 93' lang='lat' dir='ltr'>et</span> <span class='ocrx_word' id='word_1_232' title='bbox 397 4113 620 4206; x_wconf 88' lang='lat' dir='ltr'>tranquillum</span> <span class='ocrx_word' id='word_1_233' title='bbox 648 4113 754 4188; x_wconf 88' lang='lat' dir='ltr'>vitam</span> <span class='ocrx_word' id='word_1_234' title='bbox 781 4116 844 4188; x_wconf 90' lang='lat' dir='ltr'>sub</span> <span class='ocrx_word' id='word_1_235' title='bbox 879 4114 974 4190; x_wconf 92' lang='lat' dir='ltr'>illius</span> <span class='ocrx_word' id='word_1_236' title='bbox 1002 4115 1129 4191; x_wconf 90' lang='lat' dir='ltr'>ditione</span> <span class='ocrx_word' id='word_1_237' title='bbox 1156 4115 1277 4190; x_wconf 89' lang='lat' dir='ltr'>acturi.</span> <span class='ocrx_word' id='word_1_238' title='bbox 1332 4117 1457 4192; x_wconf 87' lang='lat' dir='ltr'>Verum</span> <span class='ocrx_word' id='word_1_239' title='bbox 1483 4139 1559 4192; x_wconf 89' lang='lat' dir='ltr'>cum</span> <span class='ocrx_word' id='word_1_240' title='bbox 1585 4115 1714 4191; x_wconf 88' lang='lat' dir='ltr'>animos</span> <span class='ocrx_word' id='word_1_241' title='bbox 1740 4116 1889 4192; x_wconf 84' lang='lat' dir='ltr'>virorum</span> 
     </span>
     <span class='ocr_line' id='line_1_27' title="bbox 336 4233 1889 4332; baseline 0.001 -24"><span class='ocrx_word' id='word_1_242' title='bbox 336 4233 530 4309; x_wconf 92' lang='lat' dir='ltr'>huiusmodi</span> <span class='ocrx_word' id='word_1_243' title='bbox 556 4233 735 4308; x_wconf 89' lang='lat' dir='ltr'>blanditiis</span> <span class='ocrx_word' id='word_1_244' title='bbox 761 4257 957 4330; x_wconf 86' lang='lat' dir='ltr'>expugnare</span> <span class='ocrx_word' id='word_1_245' title='bbox 985 4260 1052 4311; x_wconf 91' lang='lat' dir='ltr'>non</span> <span class='ocrx_word' id='word_1_246' title='bbox 1079 4239 1211 4331; x_wconf 90' lang='lat' dir='ltr'>posset,</span> <span class='ocrx_word' id='word_1_247' title='bbox 1249 4236 1374 4330; x_wconf 88' lang='lat' dir='ltr'>quippo</span> <span class='ocrx_word' id='word_1_248' title='bbox 1400 4259 1526 4332; x_wconf 83' lang='lat' dir='ltr'>magna</span> <span class='ocrx_word' id='word_1_249' title='bbox 1552 4237 1719 4312; x_wconf 88' lang='lat' dir='ltr'>charitate</span> <span class='ocrx_word' id='word_1_250' title='bbox 1745 4235 1889 4332; x_wconf 91' lang='lat' dir='ltr'>pupillis</span> 
     </span>
     <span class='ocr_line' id='line_1_28' title="bbox 337 4354 1889 4452; baseline 0.001 -23"><span class='ocrx_word' id='word_1_251' title='bbox 337 4355 512 4449; x_wconf 88' lang='lat' dir='ltr'>affecti¹⁰),</span> <span class='ocrx_word' id='word_1_252' title='bbox 541 4354 705 4448; x_wconf 88' lang='lat' dir='ltr'>quidquid</span> <span class='ocrx_word' id='word_1_253' title='bbox 733 4378 792 4449; x_wconf 92' lang='lat' dir='ltr'>per</span> <span class='ocrx_word' id='word_1_254' title='bbox 818 4357 1043 4452; x_wconf 82' lang='lat' dir='ltr'>Myecaslaum</span> <span class='ocrx_word' id='word_1_255' title='bbox 1071 4357 1191 4432; x_wconf 83' lang='lat' dir='ltr'>Senem</span> <span class='ocrx_word' id='word_1_256' title='bbox 1218 4357 1456 4452; x_wconf 87' lang='lat' dir='ltr'>ingerebatur,</span> <span class='ocrx_word' id='word_1_257' title='bbox 1494 4357 1605 4432; x_wconf 90' lang='lat' dir='ltr'>surdis</span> <span class='ocrx_word' id='word_1_258' title='bbox 1632 4358 1770 4432; x_wconf 87' lang='lat' dir='ltr'>auribus</span> <span class='ocrx_word' id='word_1_259' title='bbox 1797 4357 1889 4432; x_wconf 86' lang='lat' dir='ltr'>exci-</span> 
     </span>
     <span class='ocr_line' id='line_1_29' title="bbox 338 4476 1889 4571; baseline 0.001 -21"><span class='ocrx_word' id='word_1_260' title='bbox 338 4476 488 4570; x_wconf 92' lang='lat' dir='ltr'>piebant,</span> <span class='ocrx_word' id='word_1_261' title='bbox 517 4477 559 4550; x_wconf 89' lang='lat' dir='ltr'>ad</span> <span class='ocrx_word' id='word_1_262' title='bbox 587 4479 729 4550; x_wconf 89' lang='lat' dir='ltr'>matrem</span> <span class='ocrx_word' id='word_1_263' title='bbox 756 4499 935 4571; x_wconf 90' lang='lat' dir='ltr'>puerorum</span> <span class='ocrx_word' id='word_1_264' title='bbox 961 4477 1139 4553; x_wconf 86' lang='lat' dir='ltr'>Dncissam</span> <span class='ocrx_word' id='word_1_265' title='bbox 1165 4479 1332 4554; x_wconf 88' lang='lat' dir='ltr'>Helenam</span> <span class='ocrx_word' id='word_1_266' title='bbox 1359 4477 1526 4553; x_wconf 79' lang='lat' dir='ltr'>Karimiri</span> <span class='ocrx_word' id='word_1_267' title='bbox 1553 4479 1707 4554; x_wconf 89' lang='lat' dir='ltr'>relictam</span> <span class='ocrx_word' id='word_1_268' title='bbox 1734 4499 1770 4552; x_wconf 91' lang='lat' dir='ltr'>so</span> <span class='ocrx_word' id='word_1_269' title='bbox 1797 4479 1889 4553; x_wconf 89' lang='lat' dir='ltr'>totus</span> 
     </span>
     <span class='ocr_line' id='line_1_30' title="bbox 338 4595 1889 4692; baseline 0.001 -22"><span class='ocrx_word' id='word_1_270' title='bbox 338 4595 514 4686; x_wconf 85' lang='lat' dir='ltr'>conuertit,</span> <span class='ocrx_word' id='word_1_271' title='bbox 544 4595 645 4670; x_wconf 80' lang='lat' dir='ltr'>facile</span> <span class='ocrx_word' id='word_1_272' title='bbox 672 4619 812 4691; x_wconf 87' lang='lat' dir='ltr'>sperans</span> <span class='ocrx_word' id='word_1_273' title='bbox 839 4601 1133 4690; x_wconf 82' lang='lat' dir='ltr'>(quemadmodum</span> <span class='ocrx_word' id='word_1_274' title='bbox 1159 4599 1334 4692; x_wconf 86' lang='lat' dir='ltr'>successit)</span> <span class='ocrx_word' id='word_1_275' title='bbox 1361 4599 1432 4672; x_wconf 91' lang='lat' dir='ltr'>suis</span> <span class='ocrx_word' id='word_1_276' title='bbox 1455 4620 1491 4672; x_wconf 92' lang='lat' dir='ltr'>se</span> <span class='ocrx_word' id='word_1_277' title='bbox 1519 4599 1766 4673; x_wconf 81' lang='lat' dir='ltr'>calliditatibus</span> <span class='ocrx_word' id='word_1_278' title='bbox 1792 4599 1889 4673; x_wconf 88' lang='lat' dir='ltr'>illam</span> 
     </span>
     <span class='ocr_line' id='line_1_31' title="bbox 338 4717 1889 4813; baseline 0.001 -23"><span class='ocrx_word' id='word_1_279' title='bbox 338 4717 381 4791; x_wconf 91' lang='lat' dir='ltr'>ad</span> <span class='ocrx_word' id='word_1_280' title='bbox 416 4719 497 4791; x_wconf 89' lang='lat' dir='ltr'>vota</span> <span class='ocrx_word' id='word_1_281' title='bbox 532 4739 593 4792; x_wconf 90' lang='lat' dir='ltr'>sua</span> <span class='ocrx_word' id='word_1_282' title='bbox 630 4717 869 4794; x_wconf 87' lang='lat' dir='ltr'>inclinaturam</span> <span class='ocrx_word' id='word_1_283' title='bbox 889 4719 963 4813; x_wconf 86' lang='lat'>¹¹):</span> <span class='ocrx_word' id='word_1_284' title='bbox 1009 4719 1208 4794; x_wconf 89' lang='lat' dir='ltr'>reiiciebant</span> <span class='ocrx_word' id='word_1_285' title='bbox 1242 4718 1368 4794; x_wconf 90' lang='lat' dir='ltr'>etenim</span> <span class='ocrx_word' id='word_1_286' title='bbox 1403 4718 1439 4792; x_wconf 94' lang='lat' dir='ltr'>in</span> <span class='ocrx_word' id='word_1_287' title='bbox 1475 4719 1572 4793; x_wconf 91' lang='lat' dir='ltr'>illam</span> <span class='ocrx_word' id='word_1_288' title='bbox 1609 4721 1769 4809; x_wconf 91' lang='lat' dir='ltr'>barones,</span> <span class='ocrx_word' id='word_1_289' title='bbox 1806 4740 1889 4812; x_wconf 89' lang='lat' dir='ltr'>quos</span> 
     </span>
     <span class='ocr_line' id='line_1_32' title="bbox 338 4837 1890 4935; baseline 0.001 -24"><span class='ocrx_word' id='word_1_290' title='bbox 338 4837 548 4932; x_wconf 80' lang='lat' dir='ltr'>llpecaelaus</span> <span class='ocrx_word' id='word_1_291' title='bbox 575 4860 672 4932; x_wconf 89' lang='lat' dir='ltr'>prece</span> <span class='ocrx_word' id='word_1_292' title='bbox 699 4841 760 4913; x_wconf 91' lang='lat' dir='ltr'>aut</span> <span class='ocrx_word' id='word_1_293' title='bbox 787 4839 896 4934; x_wconf 89' lang='lat' dir='ltr'>pretio</span> <span class='ocrx_word' id='word_1_294' title='bbox 923 4841 1186 4933; x_wconf 73' lang='lat' dir='ltr'>permutaverat,</span> <span class='ocrx_word' id='word_1_295' title='bbox 1207 4839 1260 4914; x_wconf 88' lang='lat' dir='ltr'>sui</span> <span class='ocrx_word' id='word_1_296' title='bbox 1278 4861 1460 4915; x_wconf 89' lang='lat' dir='ltr'>consensus</span> <span class='ocrx_word' id='word_1_297' title='bbox 1487 4840 1699 4917; x_wconf 89' lang='lat' dir='ltr'>facultatem.</span> <span class='ocrx_word' id='word_1_298' title='bbox 1728 4838 1890 4935; x_wconf 86' lang='lat' dir='ltr'>Suggerit</span> 
     </span>
    </p>
   </div>
   <div class='ocr_carea' id='block_1_11' title="bbox 339 5045 1890 5335">
    <p class='ocr_par' dir='ltr' id='par_1_12' title="bbox 339 5045 1890 5335">
     <span class='ocr_line' id='line_1_33' title="bbox 447 5045 1890 5127; baseline 0.001 -19"><span class='ocrx_word' id='word_1_299' title='bbox 447 5045 470 5124; x_wconf 87' lang='lat'>¹)</span> <span class='ocrx_word' id='word_1_300' title='bbox 493 5053 582 5122; x_wconf 88' lang='lat' dir='ltr'>atque</span> <span class='ocrx_word' id='word_1_301' title='bbox 605 5049 713 5108; x_wconf 87' lang='lat' dir='ltr'>Ottone</span> <span class='ocrx_word' id='word_1_302' title='bbox 747 5047 817 5110; x_wconf 80' lang='lat' dir='ltr'>Ood.</span> <span class='ocrx_word' id='word_1_303' title='bbox 841 5049 933 5108; x_wconf 65' lang='grc' dir='ltr'><em>Βοῦν.</em></span> <span class='ocrx_word' id='word_1_304' title='bbox 980 5045 1006 5125; x_wconf 71' lang='lat'>⁹)</span> <span class='ocrx_word' id='word_1_305' title='bbox 1029 5049 1199 5108; x_wconf 87' lang='lat' dir='ltr'>monasterii</span> <span class='ocrx_word' id='word_1_306' title='bbox 1230 5049 1289 5107; x_wconf 81' lang='lat' dir='ltr'>Ed.</span> <span class='ocrx_word' id='word_1_307' title='bbox 1312 5049 1407 5109; x_wconf 86' lang='lat' dir='ltr'>Dobr.</span> <span class='ocrx_word' id='word_1_308' title='bbox 1455 5045 1633 5127; x_wconf 83' lang='lat' dir='ltr'>³)renitens</span> <span class='ocrx_word' id='word_1_309' title='bbox 1663 5050 1781 5123; x_wconf 88' lang='lat' dir='ltr'>eligitur</span> <span class='ocrx_word' id='word_1_310' title='bbox 1819 5046 1890 5110; x_wconf 76' lang='lat' dir='ltr'>coa.</span> 
     </span>
     <span class='ocr_line' id='line_1_34' title="bbox 339 5147 1890 5232; baseline -0.001 -21"><span class='ocrx_word' id='word_1_311' title='bbox 339 5152 432 5211; x_wconf 76' lang='lat' dir='ltr'>Rosr.</span> <span class='ocrx_word' id='word_1_312' title='bbox 478 5147 506 5231; x_wconf 85' lang='lat'>⁴)</span> <span class='ocrx_word' id='word_1_313' title='bbox 528 5153 679 5213; x_wconf 88' lang='lat' dir='ltr'>Moraviae</span> <span class='ocrx_word' id='word_1_314' title='bbox 700 5154 840 5226; x_wconf 88' lang='lat' dir='ltr'>Princeps</span> <span class='ocrx_word' id='word_1_315' title='bbox 870 5153 931 5211; x_wconf 83' lang='lat' dir='ltr'>Ed.</span> <span class='ocrx_word' id='word_1_316' title='bbox 955 5152 1049 5212; x_wconf 86' lang='lat' dir='ltr'>Dobr.</span> <span class='ocrx_word' id='word_1_317' title='bbox 1096 5148 1122 5232; x_wconf 70' lang='grc'>5)</span> <span class='ocrx_word' id='word_1_318' title='bbox 1144 5151 1312 5225; x_wconf 84' lang='lat' dir='ltr'>Hungariae</span> <span class='ocrx_word' id='word_1_319' title='bbox 1338 5149 1409 5213; x_wconf 82' lang='lat' dir='ltr'>Ood.</span> <span class='ocrx_word' id='word_1_320' title='bbox 1433 5153 1525 5214; x_wconf 73' lang='lat' dir='ltr'>Roas.</span> <span class='ocrx_word' id='word_1_321' title='bbox 1571 5149 1598 5228; x_wconf 68' lang='grc' dir='ltr'>ο)</span> <span class='ocrx_word' id='word_1_322' title='bbox 1620 5153 1793 5212; x_wconf 88' lang='lat' dir='ltr'>Miecslaum</span> <span class='ocrx_word' id='word_1_323' title='bbox 1818 5151 1890 5214; x_wconf 78' lang='lat' dir='ltr'>coa.</span> 
     </span>
     <span class='ocr_line' id='line_1_35' title="bbox 339 5250 1888 5335; baseline -0.001 -21"><span class='ocrx_word' id='word_1_324' title='bbox 339 5255 430 5314; x_wconf 63' lang='grc' dir='ltr'><em>Βοῦν.</em></span> <span class='ocrx_word' id='word_1_325' title='bbox 477 5250 503 5334; x_wconf 81' lang='lat'>⁷)</span> <span class='ocrx_word' id='word_1_326' title='bbox 525 5273 600 5329; x_wconf 88' lang='lat' dir='ltr'>quae</span> <span class='ocrx_word' id='word_1_327' title='bbox 623 5258 749 5315; x_wconf 91' lang='lat' dir='ltr'>omniurn</span> <span class='ocrx_word' id='word_1_328' title='bbox 772 5272 917 5316; x_wconf 89' lang='lat' dir='ltr'>armorum</span> <span class='ocrx_word' id='word_1_329' title='bbox 939 5257 1100 5329; x_wconf 86' lang='lat' dir='ltr'>potentiam</span> <span class='ocrx_word' id='word_1_330' title='bbox 1124 5257 1295 5328; x_wconf 85' lang='lat' dir='ltr'>extinguunt</span> <span class='ocrx_word' id='word_1_331' title='bbox 1324 5256 1384 5324; x_wconf 72' lang='lat' dir='ltr'>Ed.</span> <span class='ocrx_word' id='word_1_332' title='bbox 1406 5256 1500 5316; x_wconf 90' lang='lat' dir='ltr'>Dobr.</span> <span class='ocrx_word' id='word_1_333' title='bbox 1547 5251 1574 5335; x_wconf 77' lang='grc'>8)</span> <span class='ocrx_word' id='word_1_334' title='bbox 1596 5271 1687 5316; x_wconf 90' lang='lat' dir='ltr'>annos</span> <span class='ocrx_word' id='word_1_335' title='bbox 1710 5255 1770 5314; x_wconf 81' lang='lat' dir='ltr'>Ed.</span> <span class='ocrx_word' id='word_1_336' title='bbox 1793 5255 1888 5316; x_wconf 74' lang='lat' dir='ltr'>Dobr.</span> 
     </span>
    </p>
   </div>
   <div class='ocr_carea' id='block_1_12' title="bbox 340 5353 2007 5443">
    <p class='ocr_par' dir='ltr' id='par_1_13' title="bbox 340 5353 2007 5443">
     <span class='ocr_line' id='line_1_36' title="bbox 340 5353 2007 5443; baseline 0.004 -27"><span class='ocrx_word' id='word_1_337' title='bbox 340 5353 600 5434; x_wconf 69' lang='lat' dir='ltr'>⁹lexeedentibus</span> <span class='ocrx_word' id='word_1_338' title='bbox 623 5361 758 5426; x_wconf 82' lang='lat' dir='ltr'>alienatis</span> <span class='ocrx_word' id='word_1_339' title='bbox 785 5357 857 5427; x_wconf 78' lang='lat' dir='ltr'>coa.</span> <span class='ocrx_word' id='word_1_340' title='bbox 880 5361 972 5426; x_wconf 69' lang='lat' dir='ltr'>Roas.</span> <span class='ocrx_word' id='word_1_341' title='bbox 1022 5357 1065 5438; x_wconf 90' lang='lat'>¹⁰)</span> <span class='ocrx_word' id='word_1_342' title='bbox 1088 5376 1158 5443; x_wconf 82' lang='lat' dir='ltr'>erga</span> <span class='ocrx_word' id='word_1_343' title='bbox 1179 5359 1306 5442; x_wconf 87' lang='lat' dir='ltr'>pupillos</span> <span class='ocrx_word' id='word_1_344' title='bbox 1329 5359 1426 5431; x_wconf 80' lang='lat' dir='ltr'>effecti</span> <span class='ocrx_word' id='word_1_345' title='bbox 1448 5359 1508 5432; x_wconf 77' lang='lat' dir='ltr'>Ed.</span> <span class='ocrx_word' id='word_1_346' title='bbox 1527 5359 1622 5418; x_wconf 88' lang='lat' dir='ltr'>Dobr.</span> <span class='ocrx_word' id='word_1_347' title='bbox 1671 5355 1711 5436; x_wconf 88' lang='lat'>¹¹)</span> <span class='ocrx_word' id='word_1_348' title='bbox 1732 5358 1890 5436; x_wconf 73' lang='lat' dir='ltr'>inclinatu-</span> <span class='ocrx_word' id='word_1_349' title='bbox 2006 5397 2007 5400; x_wconf 61' lang='lat'><em>=</em></span> 
     </span>
    </p>
   </div>
   <div class='ocr_carea' id='block_1_13' title="bbox 339 5459 619 5531">
    <p class='ocr_par' dir='ltr' id='par_1_14' title="bbox 339 5459 619 5531">
     <span class='ocr_line' id='line_1_37' title="bbox 339 5459 619 5531; baseline 0.011 -3"><span class='ocrx_word' id='word_1_350' title='bbox 339 5478 402 5528; x_wconf 78' lang='lat' dir='ltr'>unu</span> <span class='ocrx_word' id='word_1_351' title='bbox 430 5459 501 5531; x_wconf 75' lang='lat' dir='ltr'>dod·</span> <span class='ocrx_word' id='word_1_352' title='bbox 525 5463 619 5531; x_wconf 63' lang='lat' dir='ltr'>aona</span> 
     </span>
    </p>
   </div>
   <div class='ocr_carea' id='block_1_14' title="bbox 0 0 2112 6276">
    <p class='ocr_par' dir='ltr' id='par_1_15' title="bbox 0 0 2112 6276">
     <span class='ocr_line' id='line_1_38' title="bbox 0 0 2112 6276; baseline 0 0"><span class='ocrx_word' id='word_1_353' title='bbox 0 0 2112 6276; x_wconf 95' lang='lat' dir='ltr'> </span> 
     </span>
    </p>
   </div>
  </div>
 </body>
</html>
