4208 6282
436 537 483 611 86
1057 558 1168 610 ursus
1193 557 1344 612 sunaus.
1707 535 1768 632 (Α.
1789 535 1834 642 D
1854 539 1961 633 1174.)

435 745 596 842 gratuitis
622 746 774 837 abutens,
804 744 1006 820 multifarias
1032 745 1232 838 exactiones,
1265 745 1432 821 calumnia
1458 747 1492 822 et
1518 745 1697 840 iniquitate
1721 747 1843 822 oblitas
1863 748 1897 842 ¹),
1925 747 1961 822 in

435 867 584 943 subditos
610 867 701 944 visus
727 870 780 944 est
806 868 1029 964 congessisse:
1066 868 1107 942 ad
1134 869 1220 963 quod
1246 893 1312 943 non
1339 870 1445 944 solum
1483 869 1614 964 proprio
1641 871 1809 946 ferebatur
1835 871 1960 961 ardore,

435 991 492 1066 sed
518 991 619 1066 etiam
645 1012 874 1086 perversorum
901 991 1174 1083 consiliariorum,
1203 994 1237 1068 et
1263 992 1438 1088 signanter
1464 991 1601 1067 Heurici
1627 993 1667 1066 de
1685 992 1850 1088 Kyetlicz,
1878 991 1963 1066 uilla

434 1136 536 1208 propa
562 1112 722 1188 Budissiu
736 1112 765 1208 a)
791 1112 868 1206 sita,
906 1113 963 1206 qui
995 1113 1142 1189 omniurn
1177 1136 1312 1188 suarum
1346 1113 1513 1190 actionum
1549 1115 1691 1189 monitor
1717 1118 1752 1190 et
1778 1115 1963 1188 moderator

434 1238 517 1327 erat,
546 1235 738 1332 agitabatur
764 1235 993 1331 instigatione.
1033 1238 1097 1311 Pro
1124 1235 1252 1312 levibus
1279 1259 1410 1328 quoque
1448 1236 1557 1311 causis
1593 1239 1653 1312 aut
1667 1234 1694 1332 3)
1720 1235 1961 1332 transgressio·

435 1358 545 1450 nibus,
573 1357 643 1433 ursi
670 1362 730 1435 aut
755 1359 919 1450 damulae,
943 1361 1003 1434 aut
1029 1359 1169 1434 alicuius
1196 1357 1360 1435 siluestris
1386 1358 1542 1434 animalis
1568 1359 1810 1451 interfectione,
1841 1381 1962 1454 poena·
2085 1395 2087 1402 ⁴

435 1481 593 1576 tantum)
620 1483 689 1555 tam
717 1480 880 1556 militares
898 1503 997 1576 qnam
1016 1483 1175 1577 agrestes
1204 1484 1239 1556 et
1265 1481 1354 1556 omni
1381 1481 1507 1576 pietate
1532 1483 1693 1578 relegata,
1721 1480 1963 1574 substanciam)

436 1625 548 1678 eorum
575 1625 634 1698 per
659 1603 794 1678 ducales
828 1603 1064 1680 ministeriales
1101 1603 1223 1699 partim
1260 1603 1294 1677 in
1330 1603 1481 1680 ducalem
1515 1602 1642 1696 fiscum,
1680 1603 1865 1700 partimin
1893 1603 1962 1698 pri·

437 1729 530 1804 ratos
555 1747 635 1801 usus
661 1725 943 1818 distrahebantur,
980 1725 1188 1821 querelisque
1223 1729 1436 1822 gravatorum
1463 1727 1506 1801 ad
1532 1748 1568 1800 se
1595 1727 1746 1822 perlatis,
1775 1729 1833 1801 aut
1860 1725 1963 1801 incle-

437 1848 582 1924 mentius
607 1849 686 1922 Dux
710 1848 916 1944 Myeonslaus
943 1849 1124 1944 respondit,
1152 1851 1211 1923 aut
1238 1849 1280 1922 ad
1307 1849 1465 1924 clamores
1493 1848 1686 1923 miserorum
1708 1870 1803 1924 aures
1829 1849 1963 1924 obtura-

435 1972 498 2046 vit.
525 1970 621 2045 Nihil
647 1969 788 2065 deniqne
815 1971 903 2066 apud
931 1969 1029 2046 illum
1055 1973 1090 2046 et
1116 1993 1192 2046 suos
1211 1973 1283 2046 erat
1300 1973 1463 2063 sanctum,
1491 1971 1542 2045 nil
1568 1993 1720 2063 aequum,
1748 1971 1798 2045 nil
1824 1969 1963 2061 iustum,
2092 1965 2093 1970 ‘

437 2095 486 2170 nil
512 2094 660 2186 charum,
697 2093 830 2189 praeter
865 2093 1040 2189 pecuniam
1067 2096 1102 2169 st
1126 2115 1283 2169 munera:
1320 2094 1378 2169 sed
1393 2093 1421 2188 6)
1456 2092 1617 2189 religione
1652 2092 1764 2168 divina
1798 2094 1963 2188 neglecta,

436 2217 572 2311 iureque
598 2214 709 2291 diviuo
735 2218 770 2292 et
795 2216 939 2291 humano
971 2218 1139 2310 quassato,
1177 2219 1211 2291 et
1238 2216 1383 2292 turbatis
1417 2212 1632 2311 Principatus
1658 2215 1709 2290 sui
1736 2215 1806 2289 tam
1833 2213 1966 2288 iudiciis

437 2361 548 2432 quamv
564 2337 694 2431 officiis,
732 2339 843 2415 omnis
877 2339 921 2414 ad
954 2340 1141 2433 quaestum,
1178 2341 1447 2433 commodumque
1477 2361 1574 2414 suum
1609 2339 1759 2414 dumlern
1785 2339 1967 2414 senabatur

437 2463 571 2555 reform,
598 2461 698 2557 longe
725 2460 919 2536 deteriorem
946 2484 981 2538 se
1007 2483 1119 2537 senem
1146 2484 1245 2554 quam
1273 2461 1423 2537 iuvenem
1450 2483 1552 2557 agens
1567 2460 1607 2556 ⁷).
1634 2460 1794 2554 Nihilque
1821 2461 1863 2534 ad
1889 2481 1967 2554 pro·

437 2585 562 2660 fectum
588 2584 680 2658 aetas
705 2581 759 2657 illi
786 2585 991 2678 processerat
1006 2583 1045 2678 ⁸),
1082 2586 1217 2658 exactor
1243 2605 1373 2675 avarus,
1402 2583 1538 2679 punitor
1563 2581 1717 2674 crudelis,
1745 2604 1851 2674 neque
1877 2581 1967 2656 enirn

438 2705 514 2797 quis
540 2704 601 2780 illo
618 2727 667 2780 oa
683 2707 883 2800 tempestate
909 2705 997 2782 inter
1019 2705 1192 2800 Principes
1218 2705 1376 2781 Poloniae
1401 2705 1546 2801 amplius
1572 2704 1727 2801 manauit
1751 2702 1967 2799 prouinciam,

437 2849 544 2923 nequa
570 2829 776 2905 commentus
801 2829 854 2904 est
879 2827 1067 2904 callidiores
1102 2827 1144 2902 ad
1175 2827 1391 2923 expilandum
1427 2829 1579 2904 torturas
1616 2827 1852 2918 innocentium,
1867 2825 1968 2922 ,siaa

490 3227 686 3307 merirum
713 3231 782 3306 Rex
807 3231 977 3306 boloniae
1002 3231 1110 3323 aegro
1138 3233 1173 3305 et
1198 3229 1287 3323 rogia
1314 3229 1471 3322 dignitate
1497 3249 1552 3324 por
1571 3231 1737 3304 daesarun
1764 3229 1917 3322 privatur.

542 3474 774 3551 (brandeorum
801 3475 836 3550 et
861 3475 973 3550 labore
999 3476 1100 3568 atque
1127 3475 1237 3550 aetate
1272 3493 1407 3568 grauem
1444 3471 1668 3549 Wladislaum
1695 3469 1875 3547 Bohemiae
1902 3471 1972 3548 Re-

441 3621 517 3694 gem
544 3597 733 3674 Friderious
758 3596 955 3692 Imperator,
992 3596 1084 3672 curia
1110 3595 1146 3671 in
1172 3594 1428 3690 unremuurgu
1455 3593 1590 3685 indicta,
1626 3593 1868 3696 instigantibus
1894 3617 1974 3668 eum

441 3717 619 3797 baronibus
643 3718 835 3811 Bohemiae‚
873 3719 993 3811 quibus
1019 3717 1168 3814 regimen
1195 3717 1376 3793 Wladislai
1402 3717 1536 3791 fastidio
1562 3717 1644 3809 erat,
1672 3717 1835 3812 albegno
1861 3717 1973 3791 Bohe-

442 3838 527 3918 ruiae
553 3841 689 3937 deponit
728 3844 762 3916 et
788 3840 995 3916 sobieslaum
1029 3843 1153 3916 Ducem
1188 3839 1376 3932 Bohemiae‚
1416 3863 1513 3933 quem
1548 3839 1620 3934 ipse
1656 3837 1864 3916 Wladislaus
1895 3839 1975 3913 Rex

442 3965 539 4039 annis
565 3963 707 4040 sedecim
733 3965 879 4059 captum,
908 3987 949 4039 ne
974 3986 1027 4038 res
1054 3963 1090 4037 iu
1116 3963 1276 4039 Bobemia
1302 3965 1449 4056 novaret,
1478 3962 1643 4052 tenumat,
1676 3983 1735 4036 suo
1762 3961 1856 4035 iussu
1882 3961 1974 4036 rela-

441 4090 569 4178 xatum,
597 4083 754 4162 Bohemis
789 4085 942 4182 praeficit
967 4087 1109 4178 Ducem,
1146 4085 1254 4181 regali
1285 4085 1467 4176 Bohemos,
1504 4107 1546 4159 ne
1572 4083 1730 4158 adversus
1757 4105 1792 4158 ae
1818 4083 1975 4158 calcitra-

442 4211 528 4300 rent,
557 4207 694 4303 privans
719 4207 853 4284 honore.
880 4209 1089 4284 Wladislaus
1115 4209 1226 4282 autem
1251 4207 1431 4283 Bohemiae
1457 4207 1532 4281 Rex
1554 4205 1589 4279 in
1606 4205 1766 4281 Bohemia
1792 4205 1978 4281 consistere

443 4332 580 4427 propter
606 4329 823 4422 Sobieslaum,
856 4347 953 4424 quem
980 4330 1077 4405 annis
1103 4332 1155 4405 tot
1181 4330 1330 4406 vinctum
1356 4330 1523 4420 tenuerat,
1559 4351 1656 4422 quem
1683 4352 1813 4421 quoque
1839 4350 1979 4405 caecare

444 4452 673 4544 constituerat,
711 4475 753 4527 ne
780 4451 977 4527 iniuriarum
1014 4475 1136 4528 memor
1163 4453 1197 4526 in
1225 4473 1259 4527 se
1287 4451 1414 4545 aliquid
1449 4451 1586 4547 gravius
1620 4449 1878 4546 consuleretur,
1911 4475 1980 4525 non

445 4595 557 4665 ausus,
586 4573 621 4648 in
648 4573 839 4649 Almaniam
866 4575 1030 4666 secedens,
1060 4577 1177 4669 quarto
1204 4577 1280 4670 post
1305 4573 1685 4666 oeconomumque
1712 4573 1828 4666 quinto
1855 4572 1980 4648 Galen-

444 4698 504 4771 des
529 4696 703 4772 Februarii
730 4696 869 4772 moritur
895 4701 929 4774 et
955 4697 990 4771 in
1016 4697 1140 4772 blissen
1167 4695 1327 4792 sepelitur
1335 4718 1344 4784 ;
1382 4695 1482 4778 filius,
1501 4695 1636 4790 insuper
1662 4694 1842 4770 Wladislai
1869 4695 1981 4791 Regis

445 4818 643 4911 Frideriom,
672 4819 767 4914 patre
795 4821 933 4912 mortuo,
973 4819 1132 4896 Sobieslai
1160 4822 1371 4915 conspectum
1397 4819 1535 4911 veritus,
1572 4815 1732 4894 Friderioi
1758 4817 1982 4912 Imperatoris

446 4940 572 5017 curiam
598 4939 708 5016 exulis
735 4963 824 5016 more
851 4944 1061 5036 sequebatur.

555 5219 578 5299 ¹)
601 5222 757 5282 calumnias
779 5222 932 5297 iniquitate
947 5222 1048 5296 plenas
1073 5219 1142 5284 Ood.
1165 5222 1256 5282 Reor.
1295 5217 1323 5300 Ω)
1345 5219 1521 5281 Budnischin
1548 5217 1618 5280 θοοῦ.
1642 5219 1732 5280 Rosr.
1754 5217 1902 5294 Budrysin
1919 5220 1982 5278 Ed.

446 5326 540 5387 Βοῦν.
564 5322 636 5404 ³)et
657 5328 717 5388 Ed.
739 5327 832 5388 Βοῦν.
864 5322 890 5404 ⁴)
905 5327 1098 5402 puniebantur
1122 5321 1193 5386 δοῦ.
1216 5327 1307 5388 Roar.
1340 5322 1366 5402 ⁶)
1381 5327 1458 5387 bona
1480 5325 1539 5386 Ed.
1560 5325 1653 5385 Βοῦν.
1686 5320 1771 5401 ⁶)ac
1791 5322 1861 5384 θοοῦ.
1884 5323 1983 5384 Rosr.

450 5428 612 5508 ⁷)gerens.
633 5431 702 5496 coa
724 5432 815 5495 Roas.
855 5429 1053 5512 ⁸>profuerat
1081 5431 1140 5496 Ed.
1163 5431 1256 5493 Βοῦν.
1294 5426 1321 5512 ⁹)
1343 5431 1522 5505 Noremberg
1551 5429 1610 5494 Ed.
1632 5429 1724 5492 Βοῦν.
1765 5425 1807 5508 ¹⁰)
1833 5433 1985 5494 statueret

454 5533 523 5604 Coa.
545 5535 635 5602 coar.
