<?xml version="1.0" encoding="UTF-8"?>
<!DOCTYPE html PUBLIC "-//W3C//DTD XHTML 1.0 Transitional//EN"
    "http://www.w3.org/TR/xhtml1/DTD/xhtml1-transitional.dtd">
<html xmlns="http://www.w3.org/1999/xhtml" xml:lang="en" lang="en">
 <head>
  <title>
</title>
<meta http-equiv="Content-Type" content="text/html;charset=utf-8" />
  <meta name='ocr-system' content='tesseract 3.04.00' />
  <meta name='ocr-capabilities' content='ocr_page ocr_carea ocr_par ocr_line ocrx_word'/>
</head>
<body>
  <div class='ocr_page' id='page_1' title='image "./operaomnia02paulgoog_0555.png"; bbox 0 0 4192 6272; ppageno 0'>
   <div class='ocr_carea' id='block_1_1' title="bbox 194 403 1742 549">
    <p class='ocr_par' dir='ltr' id='par_1_1' title="bbox 194 403 1742 549">
     <span class='ocr_line' id='line_1_1' title="bbox 194 403 1742 549; baseline 0 -20"><span class='ocrx_word' id='word_1_1' title='bbox 194 403 256 549; x_wconf 62' lang='lat' dir='ltr'>(A.</span> <span class='ocrx_word' id='word_1_2' title='bbox 277 451 324 528; x_wconf 85' lang='lat' dir='ltr'>D.</span> <span class='ocrx_word' id='word_1_3' title='bbox 345 451 465 548; x_wconf 82' lang='grc'>1298.)</span> <span class='ocrx_word' id='word_1_4' title='bbox 802 475 914 526; x_wconf 78' lang='lat' dir='ltr'>umes</span> <span class='ocrx_word' id='word_1_5' title='bbox 939 473 1124 528; x_wconf 81' lang='lat' dir='ltr'>ocrnvus.</span> <span class='ocrx_word' id='word_1_6' title='bbox 1668 455 1742 530; x_wconf 83' lang='lat'>539</span> 
     </span>
    </p>
   </div>
   <div class='ocr_carea' id='block_1_2' title="bbox 188 659 1833 2324">
    <p class='ocr_par' dir='ltr' id='par_1_2' title="bbox 188 659 1833 2324">
     <span class='ocr_line' id='line_1_2' title="bbox 189 659 1739 758; baseline 0.001 -21"><span class='ocrx_word' id='word_1_7' title='bbox 189 663 310 758; x_wconf 88' lang='lat' dir='ltr'>gentes</span> <span class='ocrx_word' id='word_1_8' title='bbox 336 682 426 752; x_wconf 89' lang='lat' dir='ltr'>sues,</span> <span class='ocrx_word' id='word_1_9' title='bbox 455 682 540 754; x_wconf 84' lang='lat' dir='ltr'>ques</span> <span class='ocrx_word' id='word_1_10' title='bbox 567 661 767 755; x_wconf 79' lang='lat' dir='ltr'>praedurum</span> <span class='ocrx_word' id='word_1_11' title='bbox 794 662 828 736; x_wconf 93' lang='lat' dir='ltr'>et</span> <span class='ocrx_word' id='word_1_12' title='bbox 855 661 1040 755; x_wconf 90' lang='lat' dir='ltr'>spoliorum</span> <span class='ocrx_word' id='word_1_13' title='bbox 1068 659 1268 735; x_wconf 74' lang='lat' dir='ltr'><strong>assiduitate</strong></span> <span class='ocrx_word' id='word_1_14' title='bbox 1296 661 1360 736; x_wconf 87' lang='lat' dir='ltr'>sibi</span> <span class='ocrx_word' id='word_1_15' title='bbox 1389 662 1566 753; x_wconf 80' lang='lat' dir='ltr'>illexerat,</span> <span class='ocrx_word' id='word_1_16' title='bbox 1595 664 1739 738; x_wconf 86' lang='lat' dir='ltr'>lecesso-</span> 
     </span>
     <span class='ocr_line' id='line_1_3' title="bbox 193 780 1744 876; baseline 0.001 -20"><span class='ocrx_word' id='word_1_17' title='bbox 193 783 261 856; x_wconf 88' lang='lat' dir='ltr'>bet.</span> <span class='ocrx_word' id='word_1_18' title='bbox 289 780 572 857; x_wconf 81' lang='lat' dir='ltr'>Animaduertens</span> <span class='ocrx_word' id='word_1_19' title='bbox 598 783 713 856; x_wconf 86' lang='lat' dir='ltr'>eutem</span> <span class='ocrx_word' id='word_1_20' title='bbox 741 780 869 856; x_wconf 84' lang='lat' dir='ltr'>Slosiue</span> <span class='ocrx_word' id='word_1_21' title='bbox 897 780 1072 876; x_wconf 73' lang='lat' dir='ltr'>Principes</span> <span class='ocrx_word' id='word_1_22' title='bbox 1098 782 1139 856; x_wconf 94' lang='lat' dir='ltr'>de</span> <span class='ocrx_word' id='word_1_23' title='bbox 1164 781 1238 856; x_wconf 88' lang='lat' dir='ltr'>eius</span> <span class='ocrx_word' id='word_1_24' title='bbox 1266 781 1300 856; x_wconf 91' lang='lat' dir='ltr'>in</span> <span class='ocrx_word' id='word_1_25' title='bbox 1328 783 1485 876; x_wconf 87' lang='lat' dir='ltr'>Regnum</span> <span class='ocrx_word' id='word_1_26' title='bbox 1512 783 1671 858; x_wconf 85' lang='lat' dir='ltr'>Polonieo</span> <span class='ocrx_word' id='word_1_27' title='bbox 1689 805 1744 858; x_wconf 85' lang='lat' dir='ltr'>os·</span> 
     </span>
     <span class='ocr_line' id='line_1_4' title="bbox 190 900 1740 997; baseline 0.001 -20"><span class='ocrx_word' id='word_1_28' title='bbox 190 900 382 997; x_wconf 89' lang='lat' dir='ltr'>sumptione</span> <span class='ocrx_word' id='word_1_29' title='bbox 408 903 517 978; x_wconf 84' lang='lat' dir='ltr'>fecere</span> <span class='ocrx_word' id='word_1_30' title='bbox 544 901 652 992; x_wconf 90' lang='lat' dir='ltr'>iocos,</span> <span class='ocrx_word' id='word_1_31' title='bbox 681 903 816 976; x_wconf 79' lang='lat' dir='ltr'>fabulas</span> <span class='ocrx_word' id='word_1_32' title='bbox 842 903 878 976; x_wconf 91' lang='lat' dir='ltr'>ot</span> <span class='ocrx_word' id='word_1_33' title='bbox 904 901 1087 977; x_wconf 84' lang='lat' dir='ltr'>derisiones</span> <span class='ocrx_word' id='word_1_34' title='bbox 1115 904 1186 976; x_wconf 90' lang='lat' dir='ltr'>tem</span> <span class='ocrx_word' id='word_1_35' title='bbox 1213 925 1257 977; x_wconf 84' lang='lat' dir='ltr'>ex</span> <span class='ocrx_word' id='word_1_36' title='bbox 1283 902 1432 993; x_wconf 88' lang='lat' dir='ltr'>Polonie,</span> <span class='ocrx_word' id='word_1_37' title='bbox 1460 925 1562 996; x_wconf 88' lang='lat' dir='ltr'>quern</span> <span class='ocrx_word' id='word_1_38' title='bbox 1581 927 1624 978; x_wconf 85' lang='lat' dir='ltr'>ex</span> <span class='ocrx_word' id='word_1_39' title='bbox 1642 906 1740 978; x_wconf 90' lang='lat' dir='ltr'>Hun-</span> 
     </span>
     <span class='ocr_line' id='line_1_5' title="bbox 192 1015 1744 1120; baseline 0.002 -23"><span class='ocrx_word' id='word_1_40' title='bbox 192 1023 305 1119; x_wconf 87' lang='lat' dir='ltr'>geris,</span> <span class='ocrx_word' id='word_1_41' title='bbox 334 1022 392 1116; x_wconf 90' lang='lat' dir='ltr'>qui</span> <span class='ocrx_word' id='word_1_42' title='bbox 419 1045 532 1098; x_wconf 89' lang='lat' dir='ltr'>secum</span> <span class='ocrx_word' id='word_1_43' title='bbox 558 1023 750 1098; x_wconf 78' lang='lat' dir='ltr'>voluntarie</span> <span class='ocrx_word' id='word_1_44' title='bbox 787 1022 1001 1113; x_wconf 77' lang='lat' dir='ltr'>militabant,</span> <span class='ocrx_word' id='word_1_45' title='bbox 1029 1025 1065 1098; x_wconf 92' lang='lat' dir='ltr'>et</span> <span class='ocrx_word' id='word_1_46' title='bbox 1091 1045 1174 1115; x_wconf 91' lang='lat' dir='ltr'>quos</span> <span class='ocrx_word' id='word_1_47' title='bbox 1201 1025 1255 1117; x_wconf 87' lang='lat' dir='ltr'>(ut</span> <span class='ocrx_word' id='word_1_48' title='bbox 1282 1023 1532 1119; x_wconf 83' lang='lat' dir='ltr'>praemisimus)</span> <span class='ocrx_word' id='word_1_49' title='bbox 1552 1015 1744 1120; x_wconf 85' lang='lat' dir='ltr'>&#39;spoliorum</span> 
     </span>
     <span class='ocr_line' id='line_1_6' title="bbox 191 1143 1741 1242; baseline 0.002 -24"><span class='ocrx_word' id='word_1_50' title='bbox 191 1143 395 1240; x_wconf 78' lang='lat' dir='ltr'>impunitate</span> <span class='ocrx_word' id='word_1_51' title='bbox 421 1144 547 1235; x_wconf 76' lang='lat' dir='ltr'>elebat,</span> <span class='ocrx_word' id='word_1_52' title='bbox 576 1143 665 1218; x_wconf 87' lang='lat' dir='ltr'>iusto</span> <span class='ocrx_word' id='word_1_53' title='bbox 692 1144 832 1218; x_wconf 87' lang='lat' dir='ltr'>collecto</span> <span class='ocrx_word' id='word_1_54' title='bbox 859 1143 1030 1235; x_wconf 83' lang='lat' dir='ltr'>exercitu,</span> <span class='ocrx_word' id='word_1_55' title='bbox 1060 1145 1177 1219; x_wconf 87' lang='lat' dir='ltr'>contre</span> <span class='ocrx_word' id='word_1_56' title='bbox 1204 1145 1347 1219; x_wconf 86' lang='lat' dir='ltr'>Slesiem</span> <span class='ocrx_word' id='word_1_57' title='bbox 1374 1145 1527 1220; x_wconf 88' lang='lat' dir='ltr'>instituit</span> <span class='ocrx_word' id='word_1_58' title='bbox 1554 1146 1741 1242; x_wconf 80' lang='lat' dir='ltr'>expeditio·</span> 
     </span>
     <span class='ocr_line' id='line_1_7' title="bbox 190 1263 1741 1362; baseline -0.001 -21"><span class='ocrx_word' id='word_1_59' title='bbox 190 1289 288 1341; x_wconf 87' lang='lat' dir='ltr'>nem:</span> <span class='ocrx_word' id='word_1_60' title='bbox 316 1267 391 1340; x_wconf 92' lang='lat' dir='ltr'>tum</span> <span class='ocrx_word' id='word_1_61' title='bbox 418 1267 457 1338; x_wconf 94' lang='lat' dir='ltr'>ut</span> <span class='ocrx_word' id='word_1_62' title='bbox 482 1267 592 1340; x_wconf 85' lang='lat' dir='ltr'>Duces</span> <span class='ocrx_word' id='word_1_63' title='bbox 619 1263 748 1339; x_wconf 84' lang='lat' dir='ltr'>Slesiee</span> <span class='ocrx_word' id='word_1_64' title='bbox 779 1265 843 1340; x_wconf 86' lang='lat' dir='ltr'>sibi</span> <span class='ocrx_word' id='word_1_65' title='bbox 883 1267 1043 1358; x_wconf 77' lang='lat' dir='ltr'>tonqmm</span> <span class='ocrx_word' id='word_1_66' title='bbox 1081 1265 1187 1339; x_wconf 90' lang='lat' dir='ltr'>totius</span> <span class='ocrx_word' id='word_1_67' title='bbox 1213 1265 1325 1361; x_wconf 84' lang='lat' dir='ltr'>Regni</span> <span class='ocrx_word' id='word_1_68' title='bbox 1352 1265 1522 1356; x_wconf 88' lang='lat' dir='ltr'>Peloniee,</span> <span class='ocrx_word' id='word_1_69' title='bbox 1551 1265 1646 1342; x_wconf 90' lang='lat' dir='ltr'>cuius</span> <span class='ocrx_word' id='word_1_70' title='bbox 1674 1267 1741 1362; x_wconf 89' lang='lat' dir='ltr'>ipsi</span> 
     </span>
     <span class='ocr_line' id='line_1_8' title="bbox 189 1384 1739 1481; baseline -0.001 -19"><span class='ocrx_word' id='word_1_71' title='bbox 189 1387 311 1462; x_wconf 84' lang='lat' dir='ltr'>extent</span> <span class='ocrx_word' id='word_1_72' title='bbox 336 1386 505 1477; x_wconf 86' lang='lat' dir='ltr'>membre,</span> <span class='ocrx_word' id='word_1_73' title='bbox 534 1384 667 1460; x_wconf 89' lang='lat' dir='ltr'>domino</span> <span class='ocrx_word' id='word_1_74' title='bbox 695 1408 812 1480; x_wconf 87' lang='lat' dir='ltr'>perere</span> <span class='ocrx_word' id='word_1_75' title='bbox 840 1385 1033 1476; x_wconf 89' lang='lat' dir='ltr'>induceret,</span> <span class='ocrx_word' id='word_1_76' title='bbox 1062 1387 1136 1459; x_wconf 92' lang='lat' dir='ltr'>tum</span> <span class='ocrx_word' id='word_1_77' title='bbox 1163 1409 1205 1460; x_wconf 90' lang='lat' dir='ltr'>no</span> <span class='ocrx_word' id='word_1_78' title='bbox 1232 1407 1330 1460; x_wconf 89' lang='lat' dir='ltr'>suum</span> <span class='ocrx_word' id='word_1_79' title='bbox 1357 1389 1392 1462; x_wconf 90' lang='lat' dir='ltr'>et</span> <span class='ocrx_word' id='word_1_80' title='bbox 1419 1386 1573 1481; x_wconf 85' lang='lat' dir='ltr'>gentium</span> <span class='ocrx_word' id='word_1_81' title='bbox 1601 1409 1739 1461; x_wconf 89' lang='lat' dir='ltr'>suerum</span> 
     </span>
     <span class='ocr_line' id='line_1_9' title="bbox 192 1504 1742 1600; baseline 0.001 -20"><span class='ocrx_word' id='word_1_82' title='bbox 192 1507 340 1582; x_wconf 80' lang='lat' dir='ltr'>militaro</span> <span class='ocrx_word' id='word_1_83' title='bbox 365 1508 466 1580; x_wconf 90' lang='lat' dir='ltr'>robur</span> <span class='ocrx_word' id='word_1_84' title='bbox 493 1504 585 1600; x_wconf 88' lang='lat' dir='ltr'>pocis</span> <span class='ocrx_word' id='word_1_85' title='bbox 611 1506 789 1599; x_wconf 80' lang='lat' dir='ltr'>veluptate</span> <span class='ocrx_word' id='word_1_86' title='bbox 815 1506 1059 1600; x_wconf 80' lang='lat' dir='ltr'>languesceret.</span> <span class='ocrx_word' id='word_1_87' title='bbox 1088 1506 1233 1580; x_wconf 86' lang='lat' dir='ltr'>Slesiem</span> <span class='ocrx_word' id='word_1_88' title='bbox 1252 1507 1365 1581; x_wconf 85' lang='lat' dir='ltr'>eutem</span> <span class='ocrx_word' id='word_1_89' title='bbox 1383 1506 1567 1600; x_wconf 85' lang='lat' dir='ltr'>ingressus,</span> <span class='ocrx_word' id='word_1_90' title='bbox 1584 1507 1742 1582; x_wconf 83' lang='lat' dir='ltr'>iuniorem</span> 
     </span>
     <span class='ocr_line' id='line_1_10' title="bbox 190 1623 1742 1723; baseline 0 -21"><span class='ocrx_word' id='word_1_91' title='bbox 190 1627 322 1723; x_wconf 81' lang='lat' dir='ltr'>purtem</span> <span class='ocrx_word' id='word_1_92' title='bbox 349 1623 490 1702; x_wconf 80' lang='lat' dir='ltr'>aestatis</span> <span class='ocrx_word' id='word_1_93' title='bbox 517 1625 590 1699; x_wconf 92' lang='lat' dir='ltr'>illic</span> <span class='ocrx_word' id='word_1_94' title='bbox 616 1627 816 1722; x_wconf 79' lang='lat' dir='ltr'>absumpsit,</span> <span class='ocrx_word' id='word_1_95' title='bbox 845 1628 879 1701; x_wconf 93' lang='lat' dir='ltr'>et</span> <span class='ocrx_word' id='word_1_96' title='bbox 907 1626 1036 1700; x_wconf 84' lang='lat' dir='ltr'>Slesioe</span> <span class='ocrx_word' id='word_1_97' title='bbox 1063 1627 1254 1700; x_wconf 87' lang='lat' dir='ltr'>Ducetuum</span> <span class='ocrx_word' id='word_1_98' title='bbox 1290 1626 1455 1721; x_wconf 86' lang='lat' dir='ltr'>plurimes</span> <span class='ocrx_word' id='word_1_99' title='bbox 1488 1649 1563 1701; x_wconf 89' lang='lat' dir='ltr'>oros</span> <span class='ocrx_word' id='word_1_100' title='bbox 1599 1626 1678 1722; x_wconf 90' lang='lat' dir='ltr'>igne</span> <span class='ocrx_word' id='word_1_101' title='bbox 1706 1630 1742 1702; x_wconf 88' lang='lat' dir='ltr'>et</span> 
     </span>
     <span class='ocr_line' id='line_1_11' title="bbox 189 1745 1738 1842; baseline -0.002 -20"><span class='ocrx_word' id='word_1_102' title='bbox 189 1747 319 1842; x_wconf 87' lang='lat' dir='ltr'>spoliis,</span> <span class='ocrx_word' id='word_1_103' title='bbox 347 1745 545 1841; x_wconf 79' lang='lat' dir='ltr'>praesertim</span> <span class='ocrx_word' id='word_1_104' title='bbox 574 1748 688 1820; x_wconf 85' lang='lat' dir='ltr'>temen</span> <span class='ocrx_word' id='word_1_105' title='bbox 714 1747 883 1822; x_wconf 88' lang='lat' dir='ltr'>Ducetum</span> <span class='ocrx_word' id='word_1_106' title='bbox 909 1745 1220 1822; x_wconf 76' lang='lat' dir='ltr'>wratislaviensem</span> <span class='ocrx_word' id='word_1_107' title='bbox 1250 1747 1389 1821; x_wconf 90' lang='lat' dir='ltr'>Honriei</span> <span class='ocrx_word' id='word_1_108' title='bbox 1418 1747 1541 1821; x_wconf 85' lang='lat' dir='ltr'>rnortui</span> <span class='ocrx_word' id='word_1_109' title='bbox 1577 1747 1738 1838; x_wconf 80' lang='lat' dir='ltr'>uastauit,</span> 
     </span>
     <span class='ocr_line' id='line_1_12' title="bbox 188 1865 1741 1970; baseline -0.001 -28"><span class='ocrx_word' id='word_1_110' title='bbox 188 1868 301 1943; x_wconf 88' lang='lat' dir='ltr'>ultum</span> <span class='ocrx_word' id='word_1_111' title='bbox 327 1866 370 1940; x_wconf 89' lang='lat' dir='ltr'>iri</span> <span class='ocrx_word' id='word_1_112' title='bbox 398 1866 536 1960; x_wconf 90' lang='lat' dir='ltr'>cupiens</span> <span class='ocrx_word' id='word_1_113' title='bbox 565 1865 735 1970; x_wconf 85' lang='lat' dir='ltr'>iniurium,</span> <span class='ocrx_word' id='word_1_114' title='bbox 764 1889 866 1958; x_wconf 83' lang='lat' dir='ltr'>quem</span> <span class='ocrx_word' id='word_1_115' title='bbox 906 1866 970 1940; x_wconf 88' lang='lat' dir='ltr'>sibi</span> <span class='ocrx_word' id='word_1_116' title='bbox 1011 1867 1202 1960; x_wconf 84' lang='lat' dir='ltr'>praedictus</span> <span class='ocrx_word' id='word_1_117' title='bbox 1241 1866 1410 1941; x_wconf 87' lang='lat' dir='ltr'>Henricus</span> <span class='ocrx_word' id='word_1_118' title='bbox 1445 1866 1741 1944; x_wconf 86' lang='lat' dir='ltr'>Wretisluriensis</span> 
     </span>
     <span class='ocr_line' id='line_1_13' title="bbox 188 1986 1742 2082; baseline -0.001 -20"><span class='ocrx_word' id='word_1_119' title='bbox 188 1990 267 2062; x_wconf 84' lang='lat' dir='ltr'>Dux</span> <span class='ocrx_word' id='word_1_120' title='bbox 295 1989 539 2082; x_wconf 90' lang='lat' dir='ltr'>postmortem</span> <span class='ocrx_word' id='word_1_121' title='bbox 566 1986 748 2061; x_wconf 84' lang='lat' dir='ltr'>Lestlronis</span> <span class='ocrx_word' id='word_1_122' title='bbox 788 1987 889 2082; x_wconf 81' lang='lat' dir='ltr'>Nigri</span> <span class='ocrx_word' id='word_1_123' title='bbox 929 1987 1081 2081; x_wconf 77' lang='lat' dir='ltr'>germani</span> <span class='ocrx_word' id='word_1_124' title='bbox 1122 1987 1187 2078; x_wconf 89' lang='lat' dir='ltr'>sui,</span> <span class='ocrx_word' id='word_1_125' title='bbox 1215 1987 1466 2062; x_wconf 82' lang='lat' dir='ltr'>Grecoriensem</span> <span class='ocrx_word' id='word_1_126' title='bbox 1506 1987 1679 2063; x_wconf 85' lang='lat' dir='ltr'>ciuitatem</span> <span class='ocrx_word' id='word_1_127' title='bbox 1706 1990 1742 2062; x_wconf 86' lang='lat' dir='ltr'>et</span> 
     </span>
     <span class='ocr_line' id='line_1_14' title="bbox 188 2107 1833 2204; baseline -0.001 -21"><span class='ocrx_word' id='word_1_128' title='bbox 188 2111 357 2183; x_wconf 85' lang='lat' dir='ltr'>Duoetum</span> <span class='ocrx_word' id='word_1_129' title='bbox 384 2109 586 2202; x_wconf 78' lang='lat' dir='ltr'>occupando,</span> <span class='ocrx_word' id='word_1_130' title='bbox 615 2107 834 2202; x_wconf 74' lang='lat' dir='ltr'>irrogaverat,</span> <span class='ocrx_word' id='word_1_131' title='bbox 863 2110 965 2200; x_wconf 86' lang='lat' dir='ltr'>etque</span> <span class='ocrx_word' id='word_1_132' title='bbox 998 2107 1155 2202; x_wconf 86' lang='lat' dir='ltr'>plurimis</span> <span class='ocrx_word' id='word_1_133' title='bbox 1190 2108 1343 2201; x_wconf 81' lang='lat' dir='ltr'>praedis,</span> <span class='ocrx_word' id='word_1_134' title='bbox 1372 2108 1491 2202; x_wconf 89' lang='lat' dir='ltr'>spoliis</span> <span class='ocrx_word' id='word_1_135' title='bbox 1527 2112 1562 2182; x_wconf 93' lang='lat' dir='ltr'>et</span> <span class='ocrx_word' id='word_1_136' title='bbox 1597 2107 1742 2204; x_wconf 83' lang='lat' dir='ltr'>captiuis</span> <span class='ocrx_word' id='word_1_137' title='bbox 1829 2191 1833 2196; x_wconf 55' lang='grc'><em>,</em></span> 
     </span>
     <span class='ocr_line' id='line_1_15' title="bbox 189 2227 1600 2324; baseline -0.004 -18"><span class='ocrx_word' id='word_1_138' title='bbox 189 2231 343 2323; x_wconf 78' lang='lat' dir='ltr'>onustus,</span> <span class='ocrx_word' id='word_1_139' title='bbox 372 2230 415 2306; x_wconf 83' lang='lat' dir='ltr'>ed</span> <span class='ocrx_word' id='word_1_140' title='bbox 442 2228 577 2324; x_wconf 86' lang='lat' dir='ltr'>proprie</span> <span class='ocrx_word' id='word_1_141' title='bbox 603 2250 678 2303; x_wconf 85' lang='lat' dir='ltr'>cum</span> <span class='ocrx_word' id='word_1_142' title='bbox 706 2229 796 2303; x_wconf 92' lang='lat' dir='ltr'>omni</span> <span class='ocrx_word' id='word_1_143' title='bbox 824 2251 883 2303; x_wconf 89' lang='lat' dir='ltr'>sno</span> <span class='ocrx_word' id='word_1_144' title='bbox 912 2229 1063 2304; x_wconf 85' lang='lat' dir='ltr'>exercitu</span> <span class='ocrx_word' id='word_1_145' title='bbox 1090 2227 1192 2303; x_wconf 89' lang='lat' dir='ltr'>rediit</span> <span class='ocrx_word' id='word_1_146' title='bbox 1218 2251 1322 2303; x_wconf 85' lang='lat' dir='ltr'>sunus</span> <span class='ocrx_word' id='word_1_147' title='bbox 1348 2228 1383 2304; x_wconf 89' lang='lat' dir='ltr'>et</span> <span class='ocrx_word' id='word_1_148' title='bbox 1410 2228 1600 2304; x_wconf 92' lang='lat' dir='ltr'>incolumis.</span> 
     </span>
    </p>
   </div>
   <div class='ocr_carea' id='block_1_3' title="bbox 186 2590 1740 2926">
    <p class='ocr_par' dir='ltr' id='par_1_3' title="bbox 186 2590 1740 2926">
     <span class='ocr_line' id='line_1_16' title="bbox 186 2590 1740 2684; baseline -0.001 -18"><span class='ocrx_word' id='word_1_149' title='bbox 186 2593 358 2666; x_wconf 73' lang='lat' dir='ltr'>telesinus</span> <span class='ocrx_word' id='word_1_150' title='bbox 385 2590 637 2666; x_wconf 80' lang='lat' dir='ltr'>Ssidnicsonsls</span> <span class='ocrx_word' id='word_1_151' title='bbox 663 2594 735 2665; x_wconf 79' lang='lat' dir='ltr'>nox</span> <span class='ocrx_word' id='word_1_152' title='bbox 753 2591 899 2666; x_wconf 80' lang='lat' dir='ltr'>dnnrsdo</span> <span class='ocrx_word' id='word_1_153' title='bbox 926 2591 1135 2682; x_wconf 78' lang='lat' dir='ltr'>dlogcriensl</span> <span class='ocrx_word' id='word_1_154' title='bbox 1162 2591 1241 2663; x_wconf 82' lang='lat' dir='ltr'>ltnol</span> <span class='ocrx_word' id='word_1_155' title='bbox 1268 2592 1390 2664; x_wconf 81' lang='lat' dir='ltr'>tellum</span> <span class='ocrx_word' id='word_1_156' title='bbox 1418 2591 1552 2664; x_wconf 87' lang='lat' dir='ltr'>indicit:</span> <span class='ocrx_word' id='word_1_157' title='bbox 1589 2593 1675 2684; x_wconf 83' lang='lat' dir='ltr'>qnod</span> <span class='ocrx_word' id='word_1_158' title='bbox 1701 2597 1740 2664; x_wconf 86' lang='lat' dir='ltr'>st</span> 
     </span>
     <span class='ocr_line' id='line_1_17' title="bbox 187 2711 1739 2808; baseline 0 -22"><span class='ocrx_word' id='word_1_159' title='bbox 187 2714 366 2808; x_wconf 76' lang='lat' dir='ltr'>sopiretur,</span> <span class='ocrx_word' id='word_1_160' title='bbox 395 2711 560 2786; x_wconf 80' lang='lat' dir='ltr'>dunrsrlos</span> <span class='ocrx_word' id='word_1_161' title='bbox 587 2712 635 2785; x_wconf 90' lang='lat' dir='ltr'>illl</span> <span class='ocrx_word' id='word_1_162' title='bbox 663 2712 727 2784; x_wconf 90' lang='lat' dir='ltr'>due</span> <span class='ocrx_word' id='word_1_163' title='bbox 755 2711 873 2804; x_wconf 82' lang='lat' dir='ltr'>oppidu</span> <span class='ocrx_word' id='word_1_164' title='bbox 908 2713 1074 2801; x_wconf 88' lang='lat' dir='ltr'>restituit,</span> <span class='ocrx_word' id='word_1_165' title='bbox 1102 2712 1189 2784; x_wconf 85' lang='lat' dir='ltr'>circs</span> <span class='ocrx_word' id='word_1_166' title='bbox 1224 2731 1307 2804; x_wconf 84' lang='lat' dir='ltr'>quse</span> <span class='ocrx_word' id='word_1_167' title='bbox 1343 2711 1407 2784; x_wconf 86' lang='lat' dir='ltr'>duc</span> <span class='ocrx_word' id='word_1_168' title='bbox 1440 2715 1553 2786; x_wconf 82' lang='lat' dir='ltr'>cestre</span> <span class='ocrx_word' id='word_1_169' title='bbox 1580 2714 1678 2804; x_wconf 87' lang='lat' dir='ltr'>erigit</span> <span class='ocrx_word' id='word_1_170' title='bbox 1704 2715 1739 2786; x_wconf 88' lang='lat' dir='ltr'>ct</span> 
     </span>
     <span class='ocr_line' id='line_1_18' title="bbox 707 2833 1228 2926; baseline 0 -20"><span class='ocrx_word' id='word_1_171' title='bbox 707 2833 791 2906; x_wconf 84' lang='lat' dir='ltr'>sllss</span> <span class='ocrx_word' id='word_1_172' title='bbox 818 2833 971 2908; x_wconf 86' lang='lat' dir='ltr'>ciritstes</span> <span class='ocrx_word' id='word_1_173' title='bbox 998 2851 1089 2906; x_wconf 83' lang='lat' dir='ltr'>nure</span> <span class='ocrx_word' id='word_1_174' title='bbox 1117 2833 1228 2926; x_wconf 82' lang='lat' dir='ltr'>cingit.</span> 
     </span>
    </p>
   </div>
   <div class='ocr_carea' id='block_1_4' title="bbox 182 3070 1740 5102">
    <p class='ocr_par' dir='ltr' id='par_1_4' title="bbox 182 3070 1740 5102">
     <span class='ocr_line' id='line_1_19' title="bbox 290 3070 1740 3149; baseline 0.002 -3"><span class='ocrx_word' id='word_1_175' title='bbox 290 3072 385 3146; x_wconf 82' lang='lat' dir='ltr'>Varii</span> <span class='ocrx_word' id='word_1_176' title='bbox 412 3071 516 3148; x_wconf 86' lang='lat' dir='ltr'>etiem</span> <span class='ocrx_word' id='word_1_177' title='bbox 556 3070 800 3148; x_wconf 85' lang='lat' dir='ltr'>dissensionum</span> <span class='ocrx_word' id='word_1_178' title='bbox 837 3072 873 3148; x_wconf 90' lang='lat' dir='ltr'>et</span> <span class='ocrx_word' id='word_1_179' title='bbox 899 3072 1019 3148; x_wconf 90' lang='lat' dir='ltr'>deinde</span> <span class='ocrx_word' id='word_1_180' title='bbox 1058 3073 1223 3149; x_wconf 88' lang='lat' dir='ltr'>bellorum</span> <span class='ocrx_word' id='word_1_181' title='bbox 1264 3073 1376 3148; x_wconf 91' lang='lat' dir='ltr'>motus</span> <span class='ocrx_word' id='word_1_182' title='bbox 1416 3072 1505 3149; x_wconf 89' lang='lat' dir='ltr'>inter</span> <span class='ocrx_word' id='word_1_183' title='bbox 1544 3074 1740 3149; x_wconf 82' lang='lat' dir='ltr'>Boleslaum</span> 
     </span>
     <span class='ocr_line' id='line_1_20' title="bbox 186 3193 1739 3289; baseline -0.001 -17"><span class='ocrx_word' id='word_1_184' title='bbox 186 3194 466 3272; x_wconf 82' lang='lat' dir='ltr'>Suidniczensem</span> <span class='ocrx_word' id='word_1_185' title='bbox 492 3195 528 3269; x_wconf 92' lang='lat' dir='ltr'>et</span> <span class='ocrx_word' id='word_1_186' title='bbox 554 3193 746 3268; x_wconf 76' lang='lat' dir='ltr'>Gunrsdum</span> <span class='ocrx_word' id='word_1_187' title='bbox 785 3193 1061 3289; x_wconf 76' lang='lat' dir='ltr'>Glogouiensem,</span> <span class='ocrx_word' id='word_1_188' title='bbox 1089 3197 1199 3270; x_wconf 87' lang='lat' dir='ltr'>Duces</span> <span class='ocrx_word' id='word_1_189' title='bbox 1240 3194 1370 3270; x_wconf 91' lang='lat' dir='ltr'>suborti</span> <span class='ocrx_word' id='word_1_190' title='bbox 1407 3196 1498 3268; x_wconf 70' lang='lat' dir='ltr'>Sunt.</span> <span class='ocrx_word' id='word_1_191' title='bbox 1544 3197 1623 3268; x_wconf 87' lang='lat' dir='ltr'>Dux</span> <span class='ocrx_word' id='word_1_192' title='bbox 1650 3195 1739 3270; x_wconf 92' lang='lat' dir='ltr'>enim</span> 
     </span>
     <span class='ocr_line' id='line_1_21' title="bbox 185 3315 1738 3411; baseline -0.001 -19"><span class='ocrx_word' id='word_1_193' title='bbox 185 3315 442 3392; x_wconf 84' lang='lat' dir='ltr'>Swidniczensis</span> <span class='ocrx_word' id='word_1_194' title='bbox 469 3315 662 3407; x_wconf 84' lang='lat' dir='ltr'>Bolesleus,</span> <span class='ocrx_word' id='word_1_195' title='bbox 692 3317 833 3392; x_wconf 87' lang='lat' dir='ltr'>moleste</span> <span class='ocrx_word' id='word_1_196' title='bbox 860 3316 971 3392; x_wconf 84' lang='lat' dir='ltr'>ferens</span> <span class='ocrx_word' id='word_1_197' title='bbox 1011 3339 1210 3411; x_wconf 82' lang='lat' dir='ltr'>germanum</span> <span class='ocrx_word' id='word_1_198' title='bbox 1250 3339 1348 3390; x_wconf 91' lang='lat' dir='ltr'>suum</span> <span class='ocrx_word' id='word_1_199' title='bbox 1387 3315 1572 3390; x_wconf 90' lang='lat' dir='ltr'>Henricum</span> <span class='ocrx_word' id='word_1_200' title='bbox 1611 3318 1738 3393; x_wconf 89' lang='lat' dir='ltr'>Ducem</span> 
     </span>
     <span class='ocr_line' id='line_1_22' title="bbox 185 3435 1739 3534; baseline -0.003 -20"><span class='ocrx_word' id='word_1_201' title='bbox 185 3437 447 3534; x_wconf 83' lang='lat' dir='ltr'>Legnienenscm</span> <span class='ocrx_word' id='word_1_202' title='bbox 474 3438 510 3510; x_wconf 89' lang='lat' dir='ltr'>et</span> <span class='ocrx_word' id='word_1_203' title='bbox 536 3435 852 3512; x_wconf 87' lang='lat' dir='ltr'>Wretisleviensem</span> <span class='ocrx_word' id='word_1_204' title='bbox 892 3437 1104 3531; x_wconf 81' lang='lat' dir='ltr'>captiuitatis</span> <span class='ocrx_word' id='word_1_205' title='bbox 1140 3437 1305 3511; x_wconf 93' lang='lat' dir='ltr'>molestiis</span> <span class='ocrx_word' id='word_1_206' title='bbox 1340 3439 1501 3510; x_wconf 82' lang='lat' dir='ltr'>veretum</span> <span class='ocrx_word' id='word_1_207' title='bbox 1536 3438 1572 3511; x_wconf 91' lang='lat' dir='ltr'>et</span> <span class='ocrx_word' id='word_1_208' title='bbox 1606 3437 1739 3511; x_wconf 81' lang='lat' dir='ltr'>extinc-</span> 
     </span>
     <span class='ocr_line' id='line_1_23' title="bbox 184 3555 1736 3651; baseline -0.001 -18"><span class='ocrx_word' id='word_1_209' title='bbox 184 3561 270 3650; x_wconf 86' lang='lat' dir='ltr'>tum,</span> <span class='ocrx_word' id='word_1_210' title='bbox 297 3560 333 3632; x_wconf 93' lang='lat' dir='ltr'>et</span> <span class='ocrx_word' id='word_1_211' title='bbox 359 3555 502 3632; x_wconf 80' lang='lat' dir='ltr'>notabili</span> <span class='ocrx_word' id='word_1_212' title='bbox 528 3556 682 3650; x_wconf 86' lang='lat' dir='ltr'>portione</span> <span class='ocrx_word' id='word_1_213' title='bbox 709 3559 860 3632; x_wconf 87' lang='lat' dir='ltr'>Ducetus</span> <span class='ocrx_word' id='word_1_214' title='bbox 887 3556 1179 3633; x_wconf 85' lang='lat' dir='ltr'>Wretisleriensis</span> <span class='ocrx_word' id='word_1_215' title='bbox 1215 3558 1377 3648; x_wconf 84' lang='lat' dir='ltr'>exutum,</span> <span class='ocrx_word' id='word_1_216' title='bbox 1406 3577 1565 3651; x_wconf 86' lang='lat' dir='ltr'>guerrero</span> <span class='ocrx_word' id='word_1_217' title='bbox 1586 3557 1609 3651; x_wconf 87' lang='lat'>¹)</span> <span class='ocrx_word' id='word_1_218' title='bbox 1637 3557 1736 3632; x_wconf 90' lang='lat' dir='ltr'>illum</span> 
     </span>
     <span class='ocr_line' id='line_1_24' title="bbox 184 3675 1737 3779; baseline 0 -26"><span class='ocrx_word' id='word_1_219' title='bbox 184 3677 304 3772; x_wconf 87' lang='lat' dir='ltr'>coepit</span> <span class='ocrx_word' id='word_1_220' title='bbox 330 3676 605 3751; x_wconf 71' lang='lat' dir='ltr'>detrectatione</span> <span class='ocrx_word' id='word_1_221' title='bbox 632 3677 725 3772; x_wconf 77' lang='lat' dir='ltr'>pacis</span> <span class='ocrx_word' id='word_1_222' title='bbox 751 3677 973 3772; x_wconf 90' lang='lat' dir='ltr'>interpositis,</span> <span class='ocrx_word' id='word_1_223' title='bbox 1001 3678 1066 3752; x_wconf 92' lang='lat' dir='ltr'>duo</span> <span class='ocrx_word' id='word_1_224' title='bbox 1094 3677 1227 3772; x_wconf 86' lang='lat' dir='ltr'>oppido,</span> <span class='ocrx_word' id='word_1_225' title='bbox 1256 3675 1416 3779; x_wconf 84' lang='lat' dir='ltr'>uidelicet</span> <span class='ocrx_word' id='word_1_226' title='bbox 1441 3678 1592 3770; x_wconf 81' lang='lat' dir='ltr'>Hepnou</span> <span class='ocrx_word' id='word_1_227' title='bbox 1619 3679 1654 3753; x_wconf 93' lang='lat' dir='ltr'>et</span> <span class='ocrx_word' id='word_1_228' title='bbox 1672 3679 1737 3753; x_wconf 93' lang='lat' dir='ltr'>Bo-</span> 
     </span>
     <span class='ocr_line' id='line_1_25' title="bbox 182 3796 1736 3894; baseline -0.001 -20"><span class='ocrx_word' id='word_1_229' title='bbox 182 3799 299 3876; x_wconf 84' lang='lat' dir='ltr'>leslou</span> <span class='ocrx_word' id='word_1_230' title='bbox 324 3797 425 3871; x_wconf 92' lang='lat' dir='ltr'>illum</span> <span class='ocrx_word' id='word_1_231' title='bbox 451 3796 631 3872; x_wconf 88' lang='lat' dir='ltr'>restituere</span> <span class='ocrx_word' id='word_1_232' title='bbox 658 3797 842 3894; x_wconf 77' lang='lat' dir='ltr'>compulit:</span> <span class='ocrx_word' id='word_1_233' title='bbox 871 3800 906 3873; x_wconf 89' lang='lat' dir='ltr'>et</span> <span class='ocrx_word' id='word_1_234' title='bbox 932 3799 1098 3873; x_wconf 84' lang='lat' dir='ltr'>Boloslerr</span> <span class='ocrx_word' id='word_1_235' title='bbox 1125 3798 1261 3890; x_wconf 88' lang='lat' dir='ltr'>quidem</span> <span class='ocrx_word' id='word_1_236' title='bbox 1287 3821 1349 3892; x_wconf 90' lang='lat' dir='ltr'>pro</span> <span class='ocrx_word' id='word_1_237' title='bbox 1374 3821 1410 3873; x_wconf 91' lang='lat' dir='ltr'>se</span> <span class='ocrx_word' id='word_1_238' title='bbox 1428 3798 1463 3872; x_wconf 90' lang='lat' dir='ltr'>et</span> <span class='ocrx_word' id='word_1_239' title='bbox 1482 3798 1564 3871; x_wconf 89' lang='lat' dir='ltr'>liliis</span> <span class='ocrx_word' id='word_1_240' title='bbox 1581 3798 1736 3891; x_wconf 92' lang='lat' dir='ltr'>retinuit,</span> 
     </span>
     <span class='ocr_line' id='line_1_26' title="bbox 184 3917 1736 4015; baseline -0.001 -20"><span class='ocrx_word' id='word_1_241' title='bbox 184 3921 220 3996; x_wconf 88' lang='lat' dir='ltr'>et</span> <span class='ocrx_word' id='word_1_242' title='bbox 246 3919 282 3994; x_wconf 91' lang='lat' dir='ltr'>in</span> <span class='ocrx_word' id='word_1_243' title='bbox 310 3917 468 3993; x_wconf 87' lang='lat' dir='ltr'>districtu</span> <span class='ocrx_word' id='word_1_244' title='bbox 494 3917 566 3994; x_wconf 90' lang='lat' dir='ltr'>eius</span> <span class='ocrx_word' id='word_1_245' title='bbox 593 3920 742 3993; x_wconf 83' lang='lat' dir='ltr'>cestrum</span> <span class='ocrx_word' id='word_1_246' title='bbox 768 3919 957 3994; x_wconf 85' lang='lat' dir='ltr'>Klicndorff</span> <span class='ocrx_word' id='word_1_247' title='bbox 981 3920 1091 3994; x_wconf 86' lang='lat' dir='ltr'>erexit</span> <span class='ocrx_word' id='word_1_248' title='bbox 1104 3941 1113 4007; x_wconf 92' lang='lat'>;</span> <span class='ocrx_word' id='word_1_249' title='bbox 1150 3919 1361 4015; x_wconf 80' lang='lat' dir='ltr'>Heynouiem</span> <span class='ocrx_word' id='word_1_250' title='bbox 1397 3941 1475 3994; x_wconf 83' lang='lat' dir='ltr'>uero</span> <span class='ocrx_word' id='word_1_251' title='bbox 1502 3920 1616 4013; x_wconf 88' lang='lat' dir='ltr'>pueris</span> <span class='ocrx_word' id='word_1_252' title='bbox 1643 3921 1736 3995; x_wconf 90' lang='lat' dir='ltr'>Hen-</span> 
     </span>
     <span class='ocr_line' id='line_1_27' title="bbox 185 4038 1737 4130; baseline 0.001 -16"><span class='ocrx_word' id='word_1_253' title='bbox 185 4040 247 4116; x_wconf 88' lang='lat' dir='ltr'>rici</span> <span class='ocrx_word' id='word_1_254' title='bbox 273 4039 376 4113; x_wconf 89' lang='lat' dir='ltr'>Ducis</span> <span class='ocrx_word' id='word_1_255' title='bbox 401 4038 706 4130; x_wconf 86' lang='lat' dir='ltr'>Wretislerieneis,</span> <span class='ocrx_word' id='word_1_256' title='bbox 734 4040 852 4114; x_wconf 79' lang='lat' dir='ltr'>fratris</span> <span class='ocrx_word' id='word_1_257' title='bbox 879 4039 942 4128; x_wconf 87' lang='lat' dir='ltr'>sui,</span> <span class='ocrx_word' id='word_1_258' title='bbox 969 4041 1138 4116; x_wconf 82' lang='lat' dir='ltr'>seruerit:</span> <span class='ocrx_word' id='word_1_259' title='bbox 1175 4040 1210 4113; x_wconf 93' lang='lat' dir='ltr'>in</span> <span class='ocrx_word' id='word_1_260' title='bbox 1237 4039 1331 4114; x_wconf 89' lang='lat' dir='ltr'>cuius</span> <span class='ocrx_word' id='word_1_261' title='bbox 1358 4039 1462 4114; x_wconf 86' lang='lat' dir='ltr'>etiem</span> <span class='ocrx_word' id='word_1_262' title='bbox 1488 4039 1656 4116; x_wconf 90' lang='lat' dir='ltr'>limitibus</span> <span class='ocrx_word' id='word_1_263' title='bbox 1683 4064 1737 4116; x_wconf 86' lang='lat' dir='ltr'>co-</span> 
     </span>
     <span class='ocr_line' id='line_1_28' title="bbox 184 4159 1737 4255; baseline -0.001 -20"><span class='ocrx_word' id='word_1_264' title='bbox 184 4162 294 4236; x_wconf 88' lang='lat' dir='ltr'>strnm</span> <span class='ocrx_word' id='word_1_265' title='bbox 320 4160 506 4234; x_wconf 84' lang='lat' dir='ltr'>Kocuouou</span> <span class='ocrx_word' id='word_1_266' title='bbox 532 4160 736 4235; x_wconf 85' lang='lat' dir='ltr'>construxit.</span> <span class='ocrx_word' id='word_1_267' title='bbox 781 4161 922 4235; x_wconf 79' lang='lat' dir='ltr'>Iustitia</span> <span class='ocrx_word' id='word_1_268' title='bbox 962 4162 1075 4236; x_wconf 87' lang='lat' dir='ltr'>eutem</span> <span class='ocrx_word' id='word_1_269' title='bbox 1112 4161 1147 4236; x_wconf 88' lang='lat' dir='ltr'>et</span> <span class='ocrx_word' id='word_1_270' title='bbox 1175 4159 1340 4234; x_wconf 83' lang='lat' dir='ltr'>modestis</span> <span class='ocrx_word' id='word_1_271' title='bbox 1365 4181 1443 4234; x_wconf 91' lang='lat' dir='ltr'>suos</span> <span class='ocrx_word' id='word_1_272' title='bbox 1470 4163 1506 4234; x_wconf 90' lang='lat' dir='ltr'>et</span> <span class='ocrx_word' id='word_1_273' title='bbox 1532 4163 1693 4255; x_wconf 86' lang='lat' dir='ltr'>nepotum</span> <span class='ocrx_word' id='word_1_274' title='bbox 1709 4161 1737 4255; x_wconf 50' lang='grc' dir='ltr'>Ἰ)</span> 
     </span>
     <span class='ocr_line' id='line_1_29' title="bbox 184 4279 1737 4376; baseline -0.001 -20"><span class='ocrx_word' id='word_1_275' title='bbox 184 4279 402 4375; x_wconf 87' lang='lat' dir='ltr'>Principetus</span> <span class='ocrx_word' id='word_1_276' title='bbox 428 4281 634 4375; x_wconf 81' lang='lat' dir='ltr'>gubernans,</span> <span class='ocrx_word' id='word_1_277' title='bbox 663 4281 726 4354; x_wconf 88' lang='lat' dir='ltr'>sub</span> <span class='ocrx_word' id='word_1_278' title='bbox 752 4281 844 4356; x_wconf 84' lang='lat' dir='ltr'>breui</span> <span class='ocrx_word' id='word_1_279' title='bbox 871 4283 1023 4376; x_wconf 92' lang='lat' dir='ltr'>tempore</span> <span class='ocrx_word' id='word_1_280' title='bbox 1050 4301 1193 4376; x_wconf 78' lang='lat' dir='ltr'>magnos</span> <span class='ocrx_word' id='word_1_281' title='bbox 1219 4302 1299 4374; x_wconf 87' lang='lat' dir='ltr'>opes</span> <span class='ocrx_word' id='word_1_282' title='bbox 1324 4279 1483 4354; x_wconf 77' lang='lat' dir='ltr'>habuisse</span> <span class='ocrx_word' id='word_1_283' title='bbox 1509 4281 1656 4355; x_wconf 90' lang='lat' dir='ltr'>creditus</span> <span class='ocrx_word' id='word_1_284' title='bbox 1673 4284 1737 4355; x_wconf 91' lang='lat' dir='ltr'>est:</span> 
     </span>
     <span class='ocr_line' id='line_1_30' title="bbox 185 4398 1737 4496; baseline -0.001 -20"><span class='ocrx_word' id='word_1_285' title='bbox 185 4401 273 4480; x_wconf 84' lang='lat' dir='ltr'>undo</span> <span class='ocrx_word' id='word_1_286' title='bbox 299 4401 410 4475; x_wconf 85' lang='lat' dir='ltr'>cestro</span> <span class='ocrx_word' id='word_1_287' title='bbox 435 4401 472 4475; x_wconf 87' lang='lat' dir='ltr'>et</span> <span class='ocrx_word' id='word_1_288' title='bbox 497 4398 653 4475; x_wconf 79' lang='lat' dir='ltr'>civitates</span> <span class='ocrx_word' id='word_1_289' title='bbox 679 4401 836 4495; x_wconf 82' lang='lat' dir='ltr'>Bregem,</span> <span class='ocrx_word' id='word_1_290' title='bbox 865 4403 1046 4496; x_wconf 80' lang='lat' dir='ltr'>Nyempcz,</span> <span class='ocrx_word' id='word_1_291' title='bbox 1067 4401 1225 4476; x_wconf 76' lang='lat' dir='ltr'>erocum</span> <span class='ocrx_word' id='word_1_292' title='bbox 1244 4399 1348 4476; x_wconf 89' lang='lat' dir='ltr'>muris</span> <span class='ocrx_word' id='word_1_293' title='bbox 1366 4399 1573 4475; x_wconf 83' lang='lat' dir='ltr'>notabilibus</span> <span class='ocrx_word' id='word_1_294' title='bbox 1591 4401 1737 4496; x_wconf 85' lang='lat' dir='ltr'>erigens,</span> 
     </span>
     <span class='ocr_line' id='line_1_31' title="bbox 184 4519 1738 4616; baseline -0.001 -19"><span class='ocrx_word' id='word_1_295' title='bbox 184 4520 362 4616; x_wconf 80' lang='lat' dir='ltr'>proecipus</span> <span class='ocrx_word' id='word_1_296' title='bbox 388 4519 476 4595; x_wconf 93' lang='lat' dir='ltr'>inter</span> <span class='ocrx_word' id='word_1_297' title='bbox 503 4521 614 4594; x_wconf 88' lang='lat' dir='ltr'>Duces</span> <span class='ocrx_word' id='word_1_298' title='bbox 641 4519 779 4595; x_wconf 88' lang='lat' dir='ltr'>illerum</span> <span class='ocrx_word' id='word_1_299' title='bbox 806 4522 956 4616; x_wconf 86' lang='lat' dir='ltr'>portium</span> <span class='ocrx_word' id='word_1_300' title='bbox 984 4522 1191 4610; x_wconf 63' lang='lat' dir='ltr'>hebetatum</span> <span class='ocrx_word' id='word_1_301' title='bbox 1232 4522 1320 4596; x_wconf 92' lang='lat' dir='ltr'>unde</span> <span class='ocrx_word' id='word_1_302' title='bbox 1357 4523 1392 4595; x_wconf 90' lang='lat' dir='ltr'>et</span> <span class='ocrx_word' id='word_1_303' title='bbox 1430 4521 1513 4595; x_wconf 79' lang='lat' dir='ltr'>lluci</span> <span class='ocrx_word' id='word_1_304' title='bbox 1556 4521 1738 4597; x_wconf 86' lang='lat' dir='ltr'>Bohemiue</span> 
     </span>
     <span class='ocr_line' id='line_1_32' title="bbox 183 4639 1736 4738; baseline -0.003 -18"><span class='ocrx_word' id='word_1_305' title='bbox 183 4641 395 4732; x_wconf 86' lang='lat' dir='ltr'>Wencesleo,</span> <span class='ocrx_word' id='word_1_306' title='bbox 423 4639 524 4715; x_wconf 89' lang='lat' dir='ltr'>terrie</span> <span class='ocrx_word' id='word_1_307' title='bbox 550 4640 621 4714; x_wconf 88' lang='lat' dir='ltr'>suis</span> <span class='ocrx_word' id='word_1_308' title='bbox 647 4641 873 4718; x_wconf 80' lang='lat' dir='ltr'>uastationem</span> <span class='ocrx_word' id='word_1_309' title='bbox 901 4641 1096 4734; x_wconf 82' lang='lat' dir='ltr'>minitanti,</span> <span class='ocrx_word' id='word_1_310' title='bbox 1134 4642 1340 4738; x_wconf 86' lang='lat' dir='ltr'>congregato</span> <span class='ocrx_word' id='word_1_311' title='bbox 1376 4640 1631 4736; x_wconf 87' lang='lat' dir='ltr'>Principetuum</span> <span class='ocrx_word' id='word_1_312' title='bbox 1660 4664 1736 4716; x_wconf 91' lang='lat' dir='ltr'>suo·</span> 
     </span>
     <span class='ocr_line' id='line_1_33' title="bbox 183 4759 1737 4857; baseline -0.001 -19"><span class='ocrx_word' id='word_1_313' title='bbox 183 4784 260 4838; x_wconf 91' lang='lat' dir='ltr'>rum</span> <span class='ocrx_word' id='word_1_314' title='bbox 286 4759 448 4853; x_wconf 87' lang='lat' dir='ltr'>exercitu,</span> <span class='ocrx_word' id='word_1_315' title='bbox 477 4783 648 4837; x_wconf 84' lang='lat' dir='ltr'>occurrere</span> <span class='ocrx_word' id='word_1_316' title='bbox 674 4784 781 4856; x_wconf 87' lang='lat' dir='ltr'>nsque</span> <span class='ocrx_word' id='word_1_317' title='bbox 816 4763 859 4838; x_wconf 85' lang='lat' dir='ltr'>ed</span> <span class='ocrx_word' id='word_1_318' title='bbox 886 4763 996 4838; x_wconf 91' lang='lat' dir='ltr'>locum</span> <span class='ocrx_word' id='word_1_319' title='bbox 1036 4763 1246 4837; x_wconf 85' lang='lat' dir='ltr'>Lundishute</span> <span class='ocrx_word' id='word_1_320' title='bbox 1259 4760 1288 4857; x_wconf 73' lang='grc'>3)</span> <span class='ocrx_word' id='word_1_321' title='bbox 1328 4761 1506 4857; x_wconf 82' lang='lat' dir='ltr'>grediens,</span> <span class='ocrx_word' id='word_1_322' title='bbox 1526 4763 1570 4836; x_wconf 85' lang='lat' dir='ltr'>et</span> <span class='ocrx_word' id='word_1_323' title='bbox 1597 4783 1672 4836; x_wconf 93' lang='lat' dir='ltr'>cum</span> <span class='ocrx_word' id='word_1_324' title='bbox 1699 4785 1737 4837; x_wconf 91' lang='lat' dir='ltr'>eo</span> 
     </span>
     <span class='ocr_line' id='line_1_34' title="bbox 183 4881 1735 4986; baseline 0 -28"><span class='ocrx_word' id='word_1_325' title='bbox 183 4883 361 4960; x_wconf 87' lang='lat' dir='ltr'>decernere</span> <span class='ocrx_word' id='word_1_326' title='bbox 375 4881 404 4976; x_wconf 83' lang='lat'>⁴)</span> <span class='ocrx_word' id='word_1_327' title='bbox 430 4882 588 4976; x_wconf 86' lang='lat' dir='ltr'>peretum</span> <span class='ocrx_word' id='word_1_328' title='bbox 614 4904 650 4958; x_wconf 90' lang='lat' dir='ltr'>se</span> <span class='ocrx_word' id='word_1_329' title='bbox 677 4883 837 4960; x_wconf 88' lang='lat' dir='ltr'>ostendit.</span> <span class='ocrx_word' id='word_1_330' title='bbox 865 4884 917 4959; x_wconf 84' lang='lat' dir='ltr'>Ad</span> <span class='ocrx_word' id='word_1_331' title='bbox 945 4883 1119 4961; x_wconf 72' lang='lat' dir='ltr'>ciuitatem</span> <span class='ocrx_word' id='word_1_332' title='bbox 1155 4905 1294 4986; x_wconf 38' lang='lat' dir='ltr'>quoqne·</span> <span class='ocrx_word' id='word_1_333' title='bbox 1321 4881 1650 4974; x_wconf 82' lang='lat' dir='ltr'>Wretislsviensem,</span> <span class='ocrx_word' id='word_1_334' title='bbox 1683 4905 1735 4959; x_wconf 86' lang='lat' dir='ltr'>re·</span> 
     </span>
     <span class='ocr_line' id='line_1_35' title="bbox 182 5002 1734 5102; baseline -0.003 -18"><span class='ocrx_word' id='word_1_335' title='bbox 182 5003 364 5084; x_wconf 80' lang='lat' dir='ltr'>bullionem</span> <span class='ocrx_word' id='word_1_336' title='bbox 390 5002 456 5079; x_wconf 87' lang='lat' dir='ltr'>sibi</span> <span class='ocrx_word' id='word_1_337' title='bbox 482 5003 646 5098; x_wconf 78' lang='lat' dir='ltr'>tunquam</span> <span class='ocrx_word' id='word_1_338' title='bbox 673 5005 780 5082; x_wconf 88' lang='lat' dir='ltr'>tutori</span> <span class='ocrx_word' id='word_1_339' title='bbox 805 5008 967 5102; x_wconf 88' lang='lat' dir='ltr'>nepotum</span> <span class='ocrx_word' id='word_1_340' title='bbox 994 5005 1199 5098; x_wconf 89' lang='lat' dir='ltr'>molientem,</span> <span class='ocrx_word' id='word_1_341' title='bbox 1229 5027 1305 5081; x_wconf 91' lang='lat' dir='ltr'>eum</span> <span class='ocrx_word' id='word_1_342' title='bbox 1339 5003 1481 5080; x_wconf 71' lang='lat' dir='ltr'>nombili</span> <span class='ocrx_word' id='word_1_343' title='bbox 1509 5005 1661 5081; x_wconf 84' lang='lat' dir='ltr'>exercitu</span> <span class='ocrx_word' id='word_1_344' title='bbox 1680 5025 1734 5080; x_wconf 85' lang='lat' dir='ltr'>ec·</span> 
     </span>
    </p>
   </div>
   <div class='ocr_carea' id='block_1_5' title="bbox 187 5295 1736 5486">
    <p class='ocr_par' dir='ltr' id='par_1_5' title="bbox 187 5295 1736 5486">
     <span class='ocr_line' id='line_1_36' title="bbox 294 5295 1736 5382; baseline 0.003 -25"><span class='ocrx_word' id='word_1_345' title='bbox 294 5295 318 5374; x_wconf 88' lang='lat'>¹)</span> <span class='ocrx_word' id='word_1_346' title='bbox 339 5299 497 5360; x_wconf 76' lang='lat' dir='ltr'>molestare</span> <span class='ocrx_word' id='word_1_347' title='bbox 523 5295 595 5360; x_wconf 76' lang='lat' dir='ltr'>(lod.</span> <span class='ocrx_word' id='word_1_348' title='bbox 617 5299 711 5360; x_wconf 78' lang='lat' dir='ltr'>Resr.</span> <span class='ocrx_word' id='word_1_349' title='bbox 735 5295 762 5378; x_wconf 65' lang='grc' dir='ltr'>ς’)</span> <span class='ocrx_word' id='word_1_350' title='bbox 784 5305 923 5376; x_wconf 89' lang='lat' dir='ltr'>nepotum</span> <span class='ocrx_word' id='word_1_351' title='bbox 945 5317 1064 5364; x_wconf 89' lang='lat' dir='ltr'>sucrum</span> <span class='ocrx_word' id='word_1_352' title='bbox 1099 5299 1158 5363; x_wconf 82' lang='lat' dir='ltr'>Ed.</span> <span class='ocrx_word' id='word_1_353' title='bbox 1180 5300 1268 5378; x_wconf 73' lang='lat' dir='ltr'>urps.</span> <span class='ocrx_word' id='word_1_354' title='bbox 1299 5296 1327 5382; x_wconf 73' lang='grc'>3)</span> <span class='ocrx_word' id='word_1_355' title='bbox 1349 5299 1532 5363; x_wconf 82' lang='lat' dir='ltr'>Lmdishurh</span> <span class='ocrx_word' id='word_1_356' title='bbox 1557 5297 1628 5364; x_wconf 81' lang='lat' dir='ltr'>Ood.</span> <span class='ocrx_word' id='word_1_357' title='bbox 1655 5297 1736 5362; x_wconf 80' lang='lat' dir='ltr'>Oete.</span> 
     </span>
     <span class='ocr_line' id='line_1_37' title="bbox 187 5396 604 5486; baseline 0.002 -23"><span class='ocrx_word' id='word_1_358' title='bbox 187 5396 215 5486; x_wconf 87' lang='lat'>⁴)</span> <span class='ocrx_word' id='word_1_359' title='bbox 238 5400 390 5464; x_wconf 83' lang='lat' dir='ltr'>decertere</span> <span class='ocrx_word' id='word_1_360' title='bbox 416 5396 489 5464; x_wconf 77' lang='lat' dir='ltr'>Ocd.</span> <span class='ocrx_word' id='word_1_361' title='bbox 512 5401 604 5466; x_wconf 81' lang='lat' dir='ltr'>Rosr.</span> 
     </span>
    </p>
   </div>
   <div class='ocr_carea' id='block_1_6' title="bbox 0 0 2100 6272">
    <p class='ocr_par' dir='ltr' id='par_1_6' title="bbox 0 0 2100 6272">
     <span class='ocr_line' id='line_1_38' title="bbox 0 0 2100 6272; baseline 0 3"><span class='ocrx_word' id='word_1_362' title='bbox 0 0 2100 6272; x_wconf 95' lang='lat' dir='ltr'> </span> 
     </span>
    </p>
   </div>
  </div>
 </body>
</html>
