4208 6282
169 545 235 642 (Α.
256 543 302 620 Ι).
323 545 427 640 troo.)
774 569 886 620 nmen
912 569 1084 632 Qnmnns.
1651 554 1697 626 67

167 758 262 852 segni
282 756 493 854 indulgentia
519 756 743 833 dissimulauit
770 759 924 854 plectere,
953 758 1011 852 qui
1037 759 1105 834 Deo
1133 761 1167 833 61
1194 758 1271 836 1161
1289 759 1489 836 orthodoxae
1502 759 1702 838 ‘inferebant

167 880 322 973 ludibrio,
354 881 554 976 pooostores.

406 1248 537 1324 lolumi
564 1247 666 1340 prino
693 1248 869 1322 1166666661
896 1249 1137 1342 oroliopisoopo
1166 1249 1312 1324 66666111
1338 1251 1461 1324 Polme.

268 1493 436 1566 lohannes
462 1490 591 1586 primus
617 1491 702 1566 61166
728 1491 896 1566 Ionisluus
923 1492 1127 1567 [1666666616
1152 1491 1433 1588 arehiepisoopus,
1465 1493 1562 1567 annis
1589 1494 1700 1568 deoem

165 1622 201 1690 ot
226 1617 354 1710 septem
382 1613 557 1709 regiminis
583 1637 680 1690 onere
707 1615 852 1709 expleto,
890 1614 1030 1689 moritur
1060 1617 1094 1689 et
1121 1615 1156 1689 in
1184 1615 1369 1692 1166666661
1405 1615 1544 1690 66616616
1578 1615 1699 1711 666611-

165 1741 233 1812 tur.
274 1739 316 1834 16
341 1735 436 1812 66166
462 1737 572 1812 16666
598 1738 718 1812 Petrus
745 1736 924 1811 onnonious
950 1737 1164 1828 (1666666616,
1193 1761 1315 1832 genere
1341 1737 1463 1812 nobilis
1489 1739 1635 1812 Polonus
1660 1738 1701 1814 de

166 1861 263 1935 domo
290 1860 497 1956 86666666,
526 1883 585 1956 per
602 1858 796 1934 oleotionem
824 1860 1015 1934 oenoniosm
1043 1859 1211 1952 suooeseit,
1243 1863 1285 1934 eb
1299 1860 1489 1936 Alexandro
1515 1861 1607 1955 Pepo
1632 1861 1700 1934 ter-

164 1983 213 2058 tio
242 1982 405 2078 provisus,
441 2005 463 2058 6
496 1982 643 2058 Duoibus
677 1981 833 2056 Poloniee
868 1982 1022 2058 Bolesloo
1058 1981 1173 2077 Orispo
1208 1981 1415 2059 liruoouiensi
1451 1983 1486 2058 et
1516 1983 1700 2078 Mpeonsloo

164 2105 301 2181 lleioris
327 2104 484 2182 Polonioe
512 2103 718 2200 promotione
743 2105 777 2180 et
797 2103 821 2200 ¹)
847 2127 1008 2180 eonsensu
1034 2103 1209 2180 subnixus.

618 2465 824 2580 ANNUS
858 2466 1082 2579 DOMINI
1117 2465 1249 2580 111111.

161 2719 314 2794 lulloni
339 2718 470 2792 l’olonis
497 2718 655 2792 rebellent
681 2721 715 2790 61
743 2717 1007 2792 1616666666
1034 2715 1193 2790 lusoriae
1220 2719 1325 2790 urm
1352 2714 1699 2832 166111116616161661.

267 2960 363 3038 Fidei
399 2959 586 3056 divinisque
620 2960 717 3034 rebus
743 2981 764 3034 6
790 2959 1036 3034 Prothenorum
1071 2959 1173 3054 gente
1208 2955 1243 3032 in
1270 2937 1453 3034 Selueton's
1489 2957 1629 3032 dedeous
1663 2957 1699 3032 et

158 3083 400 3160 oontnnolian
435 3082 565 3158 nelarie
604 3081 751 3178 66661661
773 3081 921 3176 Ι11616116,
949 3081 1091 3158 terrenis
1117 3102 1247 3175 quoque
1273 3081 1382 3172 rebus,
1420 3100 1560 3174 querum
1593 3079 1699 3154 solum

148 3207 399 3302 ‚integritatem
425 3208 461 3280 et
487 3207 614 3281 616166
643 3205 819 3282 Boloelous
854 3205 1055 3280 Polonomm
1089 3205 1168 3280 Dux
1195 3202 1259 3278 sibi
1285 3203 1421 3278 rebutur
1447 3201 1611 3294 sulficere,
1640 3203 1698 3278 od-

157 3329 321 3405 diderunt
346 3327 510 3404 Prutheni
538 3325 874 3424 praeuaricationem:
911 3325 1066 3423 proprius
1094 3326 1219 3402 etenim
1254 3325 1377 3402 solutis
1404 3326 1438 3400 et
1464 3324 1543 3399 fidei
1569 3325 1700 3401 foedere

156 3453 299 3547 impune
326 3451 487 3546 disrupto,
516 3449 551 3524 in
580 3449 721 3526 maiores
748 3473 826 3524 mox
852 3471 954 3524 66666
981 3449 1273 3526 edexoutiendum
1299 3446 1526 3540 subiectionis,
1555 3447 1696 3523 servitu·

156 3575 274 3666 lisque
300 3573 429 3670 iugum,
458 3572 664 3648 dilabuntur.
704 3574 790 3648 Num
816 3572 964 3647 Boloslei
990 3573 1190 3648 Polonorum
1215 3569 1318 3648 Duois
1344 3570 1522 3666 praeieotis
1548 3569 1697 3664 vestige-

155 3698 207 3772 les
235 3717 358 3778 oeneus
383 3695 599 3790 exigentibus
625 3698 659 3770 et
686 3695 825 3786 tributo,
854 3717 920 3770 non
948 3695 1116 3790 denegent
1138 3695 1256 3783 solum,
1285 3693 1343 3768 sed
1361 3695 1395 3769 et
1413 3693 1596 3788 praefeotos
1622 3693 1698 3788 plu-

77 3875 81 3890 .
155 3820 254 3895 ribus
282 3817 415 3893 iniuriis
441 3819 587 3910 6166166,
625 3818 785 3910 quosdam
812 3817 914 3894 etium
941 3817 1073 3892 ultimis
1099 3816 1276 3914 snpplioiis
1303 3817 1466 3904 66666166,
1499 3837 1574 3888 666
1601 3815 1698 3890 1616-

155 3963 231 4018 eote
260 3963 282 4015 6
308 3940 431 4016 161166
457 3939 528 4014 6616
555 3939 721 4015 diseedere
754 3940 979 4034 oompellunt;
1016 3961 1123 4030 neque
1150 3938 1204 4012 his
1232 3937 1391 4028 66616611,
1429 3936 1697 4012 6661666666-

155 4063 239 4156 oitu,
271 4085 338 4138 non
364 4085 407 4138 ex
425 4061 581 4158 ingenuis
608 4063 727 4154 solum,
756 4061 813 4136 sed
840 4061 942 4137 61166
969 4084 1012 4137 ex
1030 4060 1219 4157 agrestibus
1241 4061 1441 4154 eomparato,
1469 4058 1504 4134 in
1522 4058 1697 4136 Ohelmen·

154 4208 226 4262 sem
243 4185 275 4281 ²)
301 4183 530 4279 6111666666
556 4186 664 4260 16666
699 4183 785 4258 nihil
811 4185 893 4258 tuno
919 4184 1041 4260 hostile
1068 4183 1202 4275 ueritus,
1235 4179 1424 4276 dilutiorib
1452 4204 1516 4275 quo
1542 4183 1698 4277 poterunt

154 4307 501 4398 oursudesoendunt,
531 4307 565 4381 61
592 4306 627 4379 16
646 4306 760 4401 plures
787 4306 887 4380 villos
913 4308 948 4381 et
968 4305 1089 4401 oppidu
1116 4305 1332 4402 populatione
1358 4302 1482 4398 possim
1510 4303 1697 4396 outonem),

154 4453 278 4527 peoora
304 4432 341 4504 et
366 4451 516 4522 quaeque
551 4428 823 4523 oonoupisoibilio
857 4428 1033 4523 diripiunt,
1073 4428 1235 4522 ooedeque
1262 4425 1388 4501 erudeli
1414 4426 1548 4521 petroio
1562 4424 1602 4520 ⁶),
1630 4425 1698 4501 fre·

154 4555 319 4646 quentem
346 4550 551 4646 ooptiuomm
579 4573 754 4626 numemm
780 4551 816 4626 in
843 4550 1039 4626 seruitutem
1066 4572 1162 4625 suem
1188 4549 1431 4644 transportant.
1464 4547 1565 4622 (iuius
1591 4547 1697 4622 oledis

153 4679 190 4750 et
216 4673 349 4748 fraudis
374 4672 530 4777 nuntium
558 4673 636 4746 dum
663 4663 837 4749 Boleslaus
864 4673 999 4768 crispus
1021 4673 1220 4748 Polonorum
1247 4672 1324 4745 Dux
1351 4669 1541 4764 eooepisset,
1569 4668 1696 4744 turnol-

153 4797 269 4873 tuorio
298 4818 387 4872 moro
405 4795 570 4871 militibus
589 4797 722 4888 ooootis,
751 4794 896 4892 petrium
914 4795 1129 4886 liberaturus,
1159 4792 1373 4889 pervioaoiter
1391 4791 1546 4884 6666611,
1566 4792 1696 4866 hostes·

153 4943 219 5016 que
247 4920 375 5016 proedo
401 4919 509 5014 66616,
538 4918 575 4992 16
601 4941 662 4993 666
688 4918 863 4994 divertisse
886 4918 1020 5009 oubilio,
1048 4939 1259 5014 eognosoens,
1288 4913 1476 4992 uehementi
1494 4914 1604 4990 dolore
1622 4936 1696 4990 oru-

63 5105 66 5114 .
152 5043 322 5134 61616166,
350 5043 386 5116 61
412 5042 610 5136 pergeretno
645 5043 758 5116 hostes
793 5040 935 5136 insequi,
964 5062 1046 5135 quos
1073 5039 1108 5114 in
1136 5039 1285 5135 paludes
1318 5037 1486 5129 siluasque
1521 5037 1696 5112 oonstubet

152 5187 226 5242 esse
254 5165 416 5259 dilapsos,
445 5185 488 5236 66
515 5163 724 5256 subsisteret,
752 5163 882 5238 oonsilii
910 5163 1005 5258 inops
1033 5162 1090 5238 diu
1117 5164 1229 5236 mente
1252 5183 1290 5236 66
1309 5159 1430 5256 spiritu
1457 5157 1696 5234 uilliotubotur.

264 5444 702 5525 1)6666616661666661161.
726 5445 821 5506 Dobr.v
852 5441 878 5523 ²)
895 5445 1063 5505 Culmenses
1090 5441 1160 5506 Ood.
1183 5445 1275 5506 Reor.
1307 5439 1334 5521 ³)
1350 5441 1484 5503 celeriori
1511 5439 1581 5503 (lod.
1605 5441 1697 5502 Rosr.

156 5547 183 5630 ⁴)
204 5557 326 5629 pomata
351 5549 423 5614 eod.
445 5552 538 5614 Rom.
577 5546 768 5629 11666661116
789 5549 849 5611 Ed.
872 5550 965 5613 Dobr.
