4162 6288
153 514 214 614 (Α.
234 515 285 594 D.
303 515 422 614 1263.)
764 542 877 596 arnna
903 543 1096 600 snrrrurrs.
1626 533 1700 606 387

149 724 229 821 pido
257 723 364 802 Skala
389 723 426 800 in
452 726 535 819 loco,
563 725 623 820 qui
650 725 805 805 Stonlcn
830 730 1052 826 recitabatur,
1081 755 1142 828 pro
1169 756 1253 810 noro
1285 735 1487 812 monasterio
1503 736 1527 831 ¹)
1562 735 1703 832 adiecto,

148 846 256 924 etiam
282 845 428 943 priorem
455 847 670 926 donationem
696 850 737 928 de
764 851 909 946 oppidis,
939 853 1044 945 rillis,
1073 854 1222 947 decimis,
1252 857 1403 949 lacubus,
1432 858 1587 934 censibus
1606 863 1641 936 et
1659 859 1702 934 li-

148 967 341 1046 bertatibus
367 969 505 1062 iactam,
534 970 630 1046 noris
656 971 847 1070 privilegiis
873 976 909 1050 ot
935 975 1056 1068 literis,
1086 977 1191 1052 Sexto
1218 980 1333 1054 Nonas
1359 979 1476 1056 llartii
1502 983 1593 1075 apud
1612 982 1701 1058 Kor-

147 1091 234 1183 cain,
263 1113 445 1188 germanae
471 1114 552 1168 suae
579 1093 754 1170 Salenses
780 1094 933 1191 Reginae
960 1097 1042 1172 olim
1068 1097 1253 1192 (lallaciae,
1278 1100 1433 1176 habiturn
1460 1103 1495 1178 et
1522 1103 1701 1197 professio·
1847 1097 1849 1101 ’

149 1235 227 1290 nem
254 1212 382 1290 ordinis
417 1214 453 1291 et
487 1215 685 1291 monasterii
720 1218 886 1312 praedicti
922 1219 1082 1312 sortitae,
1124 1222 1279 1315 precibus
1306 1222 1467 1316 devictus,
1500 1223 1640 1300 innorat
1666 1227 1702 1300 et

147 1334 340 1412 confirmat.
381 1336 429 1412 Et
455 1335 704 1414 incrassaturns
729 1339 874 1434 priorem
910 1341 1033 1432 dotem,
1070 1341 1189 1418 sillem
1215 1343 1425 1420 Zarnouicre
1459 1347 1494 1420 et
1520 1345 1588 1420 tria
1615 1346 1701 1422 telo·

148 1477 224 1550 raa,
262 1455 347 1536 item
376 1455 552 1536 ecclesiam
587 1459 778 1536 rentrosom
814 1481 890 1536 oum
926 1460 1065 1537 decinis
1100 1461 1136 1536 in
1167 1464 1386 1560 Zarnorrpeor
1401 1463 1430 1561 ²)
1456 1465 1510 1542 illi
1537 1465 1700 1542 annectit.

599 1817 808 1932 ANNUS
843 1817 1071 1933 DOMINI
1107 1819 1249 1936 1263.

225 2066 378 2142 titlrari
403 2067 533 2142 terior
560 2067 765 2160 praedentur,
793 2072 828 2144 et
855 2070 972 2162 ugare
999 2070 1179 2144 bracitoroe
1206 2071 1356 2144 irrideri
1384 2071 1417 2144 ir
1443 2071 1631 2148 basorirrr.

252 2310 383 2386 Noram
409 2307 651 2403 solenitatem,
680 2332 866 2405 moramque
893 2311 1187 2406 depraedationem
1214 2310 1368 2388 Rutbani
1396 2313 1431 2387 et
1447 2311 1613 2388 Lithuani
1630 2312 1699 2388 ter-

145 2431 194 2508 ris
220 2430 392 2508 Masurius
411 2453 498 2506 anno
515 2431 680 2526 superiori
707 2433 742 2507 et
769 2433 862 2508 clade
889 2433 980 2527 apud
1006 2433 1263 2529 Dlugoscyedle,
1292 2431 1366 2528 οὲ)
1393 2433 1603 2528 captivitate,
1624 2455 1699 2509 oae-

146 2555 256 2648 deque
280 2554 413 2630 Ducum
439 2555 475 2630 et
502 2553 714 2646 militarium,
743 2556 844 2648 atque
871 2554 990 2649 spoliis
1016 2557 1051 2629 et
1077 2554 1243 2630 incendiis
1269 2554 1431 2646 afflictae,
1464 2554 1607 2648 illaturi,
1637 2555 1700 2630 ite·

145 2697 222 2750 rum
259 2674 343 2749 illuc
378 2673 582 2764 adveniunt;
624 2675 683 2750 ssd
718 2676 797 2750 dnm
833 2675 1010 2752 desideriis
1045 2677 1080 2753 ot
1116 2675 1190 2771 spei
1226 2698 1340 2752 eorum
1377 2699 1444 2751 non
1483 2677 1701 2771 responderet

145 2796 343 2892 spoliorum,
371 2816 458 2891 quae
484 2819 519 2873 se
546 2797 781 2874 consecuturos
812 2819 879 2872 non
906 2796 1107 2872 dubitabant
1143 2797 1315 2890 (omnibus
1342 2796 1505 2892 superiori
1532 2820 1620 2874 anno
1647 2797 1701 2872 in·

145 2918 231 2996 colis
270 2917 439 2994 Maserius
474 2919 529 2996 rel
556 2919 592 2994 in
619 2919 819 2996 seruitutem
855 2919 1021 3012 abductis,
1058 2920 1113 2995 rel
1140 2918 1176 2993 in
1204 2920 1278 2994 loca
1303 2918 1473 2994 silvestria
1508 2920 1543 2994 ot
1569 2919 1702 2996 munita

146 3039 360 3136 cedentibus)
385 3040 543 3132 effectus,
572 3039 609 3114 in
636 3039 872 3116 castellaniam
906 3039 1154 3134 Loriczensem,
1194 3041 1236 3114 ad
1267 3039 1555 3135 archiepiscopum
1587 3040 1700 3125 ‚Gnes-

146 3185 287 3240 nensem
313 3161 553 3258 pertinentem,
590 3179 693 3254 quarn
724 3163 768 3236 ab
794 3161 1068 3257 exploratoribus
1103 3163 1138 3238 et
1173 3159 1363 3258 transfugis
1398 3161 1586 3238 didicerant
1612 3161 1701 3239 inte·

146 3307 245 3382 gram
271 3305 354 3376 esse,
382 3304 419 3359 se
446 3284 635 3360 conferunt.
672 3281 786 3374 Atque
813 3282 898 3358 illuc
924 3282 1054 3358 concito
1081 3284 1189 3378 gradu
1215 3283 1460 3378 pervenientes,
1488 3283 1560 3358 tam
1588 3282 1699 3376 villas,

147 3430 250 3506 qnam
277 3404 581 3500 archiepiscopales
617 3403 739 3496 curias,
776 3403 969 3480 hominibus
994 3405 1030 3479 et
1057 3404 1218 3480 iumentis
1244 3405 1417 3499 spoliatas,
1455 3403 1639 3479 incendunt
1665 3406 1700 3480 at

146 3528 229 3625 igne
255 3528 465 3620 consumunt,
494 3528 529 3602 et
555 3526 715 3622 praedam
742 3525 827 3600 satis
862 3525 1098 3621 multiplicem,
1136 3525 1268 3603 nemine
1304 3525 1530 3602 defensionem
1557 3526 1698 3619 ferente,

147 3648 183 3724 in
210 3653 320 3725 terras
347 3670 426 3724 suas
452 3647 694 3724 stomachando
720 3649 756 3724 et
781 3647 1002 3742 superbiendo
1029 3648 1182 3722 referunt
1195 3646 1234 3743 ⁴).
1262 3647 1388 3723 Eadem
1415 3669 1499 3742 pene
1516 3646 1619 3721 huius
1637 3670 1699 3722 an·

147 3771 183 3846 ni
210 3773 371 3846 Fratrum
397 3769 642 3846 Oruciferorum
669 3770 710 3845 de
736 3768 876 3843 Prussia
911 3767 978 3842 fuit
1015 3769 1160 3861 fortuna,
1199 3790 1282 3861 quos
1309 3768 1475 3843 Protheni
1502 3767 1637 3843 barbari
1663 3767 1700 3842 in

147 3897 259 3970 rastro
285 3892 530 3989 Weysembork
545 3890 574 3986 ⁵)
600 3890 767 3987 aggressi,
796 3890 833 3965 in
859 3888 1045 3965 Masoriam
1072 3893 1181 3964 castro
1208 3889 1310 3984 potiti
1337 3891 1455 3986 fugere
1478 3889 1699 3984 compellunt.

147 4014 237 4111 Quos
263 4013 345 4090 licet
371 4013 525 4108 persequi
557 4013 840 4108 perseverassent,
878 4013 969 4086 Duce
996 4014 1111 4086 tamen
1137 4033 1251 4086 eorum
1277 4012 1380 4107 Drap
1406 4012 1595 4102 vulnerato,
1624 4032 1700 4106 per·

147 4136 353 4216 secutionem
388 4133 564 4212 omittunt.
610 4134 768 4210 (taetrum
804 4133 924 4209 deinde
958 4133 1175 4228 Kraucnborg
1209 4133 1383 4226 accedunt,
1415 4133 1503 4228 quod
1530 4131 1701 4209 obsidione

147 4281 209 4354 per
227 4256 412 4334 triennium
430 4255 638 4350 continuata,
669 4255 848 4334 Fratribus
868 4253 1060 4350 arrodens,
1088 4253 1148 4348 qui
1175 4276 1219 4330 ex
1237 4253 1298 4330 illo
1316 4254 1485 4352 fugerant,
1506 4252 1698 4347 tmcidatis,

147 4379 362 4474 conquirunt.

291 4743 427 4839 lordag
453 4745 685 4822 titlrenorrrr
711 4745 781 4820 ltex
807 4762 827 4818 a
854 4744 925 4818 sris
952 4761 1008 4836 per
1035 4741 1173 4816 inridier
1200 4739 1363 4814 dormiere
1391 4739 1557 4814 occiditur.
1665 4757 1669 4772 ·

251 4987 504 5086 Propitiatrrus
530 4990 678 5066 clemens
703 4987 868 5064 Dominus
894 4985 1033 5062 Polonis
1059 4984 1096 5060 in
1122 4985 1214 5062 terra
1239 4980 1408 5058 illusoriae
1425 4977 1699 5073 consistentibus,

147 5109 336 5187 multifarie
362 5133 384 5186 a
410 5109 564 5186 barbaris
600 5110 690 5186 iusto
725 5132 786 5186 suo
813 5107 1032 5205 permittente
1060 5105 1201 5198 iudicio,
1229 5106 1271 5181 ob
1298 5102 1528 5198 multiplicate
1554 5103 1589 5177 et
1615 5123 1697 5176 nus·

257 5388 282 5470 1)
303 5390 482 5454 monasterio
513 5386 869 5465 cneocaesaream.
908 5383 937 5470 o)
959 5385 1145 5450 Zarnorricze
1174 5382 1246 5448 God.
1268 5385 1362 5448 Roer.
1400 5379 1429 5468 ³)
1451 5398 1508 5448 neo
1536 5397 1595 5446 noa
1629 5373 1701 5447 σοι).

149 5495 244 5564 aare.
285 5489 312 5576 ⁴)
334 5493 493 5562 abducunt.
519 5489 590 5559 coc.
614 5492 707 5556 Roer.
747 5489 775 5571 ὅ)
796 5492 1019 5569 Weyszerrbrrg
1041 5489 1102 5553 Ed.
1124 5485 1211 5569 Dipo.
