<?xml version="1.0" encoding="UTF-8"?>
<!DOCTYPE html PUBLIC "-//W3C//DTD XHTML 1.0 Transitional//EN"
    "http://www.w3.org/TR/xhtml1/DTD/xhtml1-transitional.dtd">
<html xmlns="http://www.w3.org/1999/xhtml" xml:lang="en" lang="en">
 <head>
  <title>
</title>
<meta http-equiv="Content-Type" content="text/html;charset=utf-8" />
  <meta name='ocr-system' content='tesseract 3.04.00' />
  <meta name='ocr-capabilities' content='ocr_page ocr_carea ocr_par ocr_line ocrx_word'/>
</head>
<body>
  <div class='ocr_page' id='page_1' title='image "./operaomnia02paulgoog_0060.png"; bbox 0 0 4246 6274; ppageno 0'>
   <div class='ocr_carea' id='block_1_1' title="bbox 434 545 1949 646">
    <p class='ocr_par' dir='ltr' id='par_1_1' title="bbox 434 545 1949 646">
     <span class='ocr_line' id='line_1_1' title="bbox 434 545 1949 646; baseline -0.001 -21"><span class='ocrx_word' id='word_1_1' title='bbox 434 556 483 626; x_wconf 89' lang='grc'>44</span> <span class='ocrx_word' id='word_1_2' title='bbox 1040 572 1150 623; x_wconf 82' lang='lat' dir='ltr'>arana</span> <span class='ocrx_word' id='word_1_3' title='bbox 1176 571 1344 633; x_wconf 81' lang='lat' dir='ltr'>qurnros.</span> <span class='ocrx_word' id='word_1_4' title='bbox 1687 545 1753 645; x_wconf 85' lang='grc' dir='ltr'>(Ἀ.</span> <span class='ocrx_word' id='word_1_5' title='bbox 1775 547 1820 641; x_wconf 86' lang='lat' dir='ltr'>D.</span> <span class='ocrx_word' id='word_1_6' title='bbox 1840 547 1949 646; x_wconf 84' lang='grc'><strong>1156.)</strong></span> 
     </span>
    </p>
   </div>
   <div class='ocr_carea' id='block_1_2' title="bbox 432 757 1961 3152">
    <p class='ocr_par' dir='ltr' id='par_1_2' title="bbox 432 757 1961 3152">
     <span class='ocr_line' id='line_1_2' title="bbox 432 757 1950 856; baseline 0 -23"><span class='ocrx_word' id='word_1_7' title='bbox 432 758 617 856; x_wconf 82' lang='lat' dir='ltr'>gentilibus</span> <span class='ocrx_word' id='word_1_8' title='bbox 642 757 761 834; x_wconf 88' lang='lat' dir='ltr'>ritibus</span> <span class='ocrx_word' id='word_1_9' title='bbox 787 757 1011 834; x_wconf 80' lang='lat' dir='ltr'>stercoribus</span> <span class='ocrx_word' id='word_1_10' title='bbox 1037 760 1211 834; x_wconf 87' lang='lat' dir='ltr'>tenebatur</span> <span class='ocrx_word' id='word_1_11' title='bbox 1237 757 1387 834; x_wconf 88' lang='lat' dir='ltr'>astricta.</span> <span class='ocrx_word' id='word_1_12' title='bbox 1432 759 1472 832; x_wconf 89' lang='lat' dir='ltr'>In</span> <span class='ocrx_word' id='word_1_13' title='bbox 1499 759 1618 853; x_wconf 90' lang='lat' dir='ltr'>oppido</span> <span class='ocrx_word' id='word_1_14' title='bbox 1650 758 1784 853; x_wconf 88' lang='lat' dir='ltr'>insuper</span> <span class='ocrx_word' id='word_1_15' title='bbox 1809 759 1950 833; x_wconf 90' lang='lat' dir='ltr'>Kaliscb</span> 
     </span>
     <span class='ocr_line' id='line_1_3' title="bbox 435 879 1950 981; baseline -0.003 -24"><span class='ocrx_word' id='word_1_16' title='bbox 435 881 636 957; x_wconf 82' lang='lat' dir='ltr'>Gnesnensis</span> <span class='ocrx_word' id='word_1_17' title='bbox 670 880 808 956; x_wconf 88' lang='lat' dir='ltr'>diocesis</span> <span class='ocrx_word' id='word_1_18' title='bbox 842 880 1014 956; x_wconf 88' lang='lat' dir='ltr'>ecclesiam</span> <span class='ocrx_word' id='word_1_19' title='bbox 1040 903 1082 955; x_wconf 84' lang='lat' dir='ltr'>ex</span> <span class='ocrx_word' id='word_1_20' title='bbox 1108 879 1229 955; x_wconf 88' lang='lat' dir='ltr'>dolatis</span> <span class='ocrx_word' id='word_1_21' title='bbox 1249 880 1431 981; x_wconf 74' lang='lat' dir='ltr'>¹lapidibus</span> <span class='ocrx_word' id='word_1_22' title='bbox 1458 881 1492 954; x_wconf 91' lang='lat' dir='ltr'>in</span> <span class='ocrx_word' id='word_1_23' title='bbox 1518 882 1673 956; x_wconf 81' lang='lat' dir='ltr'>honorem</span> <span class='ocrx_word' id='word_1_24' title='bbox 1699 880 1850 956; x_wconf 88' lang='lat' dir='ltr'>Doctoris</span> <span class='ocrx_word' id='word_1_25' title='bbox 1881 879 1950 955; x_wconf 86' lang='lat' dir='ltr'>divi</span> 
     </span>
     <span class='ocr_line' id='line_1_4' title="bbox 435 1002 1952 1098; baseline 0 -20"><span class='ocrx_word' id='word_1_26' title='bbox 435 1003 532 1078; x_wconf 88' lang='lat' dir='ltr'>Pauli</span> <span class='ocrx_word' id='word_1_27' title='bbox 559 1002 735 1096; x_wconf 86' lang='lat' dir='ltr'>fabricans,</span> <span class='ocrx_word' id='word_1_28' title='bbox 773 1003 996 1098; x_wconf 89' lang='lat' dir='ltr'>praepositum</span> <span class='ocrx_word' id='word_1_29' title='bbox 1023 1003 1058 1078; x_wconf 94' lang='lat' dir='ltr'>et</span> <span class='ocrx_word' id='word_1_30' title='bbox 1083 1003 1213 1095; x_wconf 79' lang='lat' dir='ltr'>aliquot</span> <span class='ocrx_word' id='word_1_31' title='bbox 1247 1003 1476 1078; x_wconf 89' lang='lat' dir='ltr'>canonicorum</span> <span class='ocrx_word' id='word_1_32' title='bbox 1509 1026 1681 1078; x_wconf 88' lang='lat' dir='ltr'>numemm</span> <span class='ocrx_word' id='word_1_33' title='bbox 1701 1004 1722 1096; x_wconf 85' lang='lat'>¹)</span> <span class='ocrx_word' id='word_1_34' title='bbox 1749 1003 1784 1078; x_wconf 92' lang='lat' dir='ltr'>in</span> <span class='ocrx_word' id='word_1_35' title='bbox 1811 1026 1850 1078; x_wconf 90' lang='lat' dir='ltr'>ea</span> <span class='ocrx_word' id='word_1_36' title='bbox 1875 1025 1952 1078; x_wconf 91' lang='lat' dir='ltr'>con-</span> 
     </span>
     <span class='ocr_line' id='line_1_5' title="bbox 436 1123 1953 1220; baseline -0.001 -20"><span class='ocrx_word' id='word_1_37' title='bbox 436 1126 550 1200; x_wconf 91' lang='lat' dir='ltr'>stituit</span> <span class='ocrx_word' id='word_1_38' title='bbox 576 1127 610 1201; x_wconf 92' lang='lat' dir='ltr'>et</span> <span class='ocrx_word' id='word_1_39' title='bbox 635 1127 710 1201; x_wconf 90' lang='lat' dir='ltr'>dote</span> <span class='ocrx_word' id='word_1_40' title='bbox 737 1125 918 1200; x_wconf 89' lang='lat' dir='ltr'>sufficienti</span> <span class='ocrx_word' id='word_1_41' title='bbox 945 1123 1099 1219; x_wconf 88' lang='lat' dir='ltr'>providit.</span> <span class='ocrx_word' id='word_1_42' title='bbox 1127 1123 1181 1199; x_wconf 79' lang='lat' dir='ltr'>Ad</span> <span class='ocrx_word' id='word_1_43' title='bbox 1207 1148 1290 1216; x_wconf 89' lang='lat' dir='ltr'>quae</span> <span class='ocrx_word' id='word_1_44' title='bbox 1318 1125 1451 1218; x_wconf 87' lang='lat' dir='ltr'>quidem</span> <span class='ocrx_word' id='word_1_45' title='bbox 1478 1147 1577 1220; x_wconf 87' lang='lat' dir='ltr'>opera</span> <span class='ocrx_word' id='word_1_46' title='bbox 1603 1149 1661 1220; x_wconf 89' lang='lat' dir='ltr'>pro</span> <span class='ocrx_word' id='word_1_47' title='bbox 1687 1127 1783 1201; x_wconf 89' lang='lat' dir='ltr'>laude</span> <span class='ocrx_word' id='word_1_48' title='bbox 1810 1125 1953 1201; x_wconf 87' lang='lat' dir='ltr'>norninis</span> 
     </span>
     <span class='ocr_line' id='line_1_6' title="bbox 437 1246 1952 1342; baseline -0.003 -18"><span class='ocrx_word' id='word_1_49' title='bbox 437 1247 541 1324; x_wconf 84' lang='lat' dir='ltr'>diuini</span> <span class='ocrx_word' id='word_1_50' title='bbox 568 1250 602 1323; x_wconf 89' lang='lat' dir='ltr'>et</span> <span class='ocrx_word' id='word_1_51' title='bbox 628 1247 737 1322; x_wconf 89' lang='lat' dir='ltr'>salute</span> <span class='ocrx_word' id='word_1_52' title='bbox 763 1246 910 1322; x_wconf 87' lang='lat' dir='ltr'>fidelium</span> <span class='ocrx_word' id='word_1_53' title='bbox 936 1247 1164 1338; x_wconf 88' lang='lat' dir='ltr'>instauranda,</span> <span class='ocrx_word' id='word_1_54' title='bbox 1201 1269 1266 1321; x_wconf 94' lang='lat' dir='ltr'>non</span> <span class='ocrx_word' id='word_1_55' title='bbox 1293 1249 1400 1322; x_wconf 91' lang='lat' dir='ltr'>solum</span> <span class='ocrx_word' id='word_1_56' title='bbox 1435 1247 1586 1342; x_wconf 83' lang='lat' dir='ltr'>propriae</span> <span class='ocrx_word' id='word_1_57' title='bbox 1617 1247 1798 1322; x_wconf 85' lang='lat' dir='ltr'>deuotionis</span> <span class='ocrx_word' id='word_1_58' title='bbox 1825 1249 1952 1322; x_wconf 86' lang='lat' dir='ltr'>fereba-</span> 
     </span>
     <span class='ocr_line' id='line_1_7' title="bbox 437 1367 1953 1465; baseline -0.002 -19"><span class='ocrx_word' id='word_1_59' title='bbox 437 1375 493 1446; x_wconf 90' lang='lat' dir='ltr'>tur</span> <span class='ocrx_word' id='word_1_60' title='bbox 519 1370 645 1460; x_wconf 87' lang='lat' dir='ltr'>ardore,</span> <span class='ocrx_word' id='word_1_61' title='bbox 673 1369 730 1444; x_wconf 88' lang='lat' dir='ltr'>sed</span> <span class='ocrx_word' id='word_1_62' title='bbox 757 1369 857 1444; x_wconf 91' lang='lat' dir='ltr'>stiam</span> <span class='ocrx_word' id='word_1_63' title='bbox 884 1369 1043 1444; x_wconf 80' lang='lat' dir='ltr'>Iohannis</span> <span class='ocrx_word' id='word_1_64' title='bbox 1077 1368 1311 1464; x_wconf 87' lang='lat' dir='ltr'>archiepiscopi</span> <span class='ocrx_word' id='word_1_65' title='bbox 1349 1367 1551 1446; x_wconf 79' lang='lat' dir='ltr'>Gnesnensis</span> <span class='ocrx_word' id='word_1_66' title='bbox 1586 1369 1788 1444; x_wconf 79' lang='lat' dir='ltr'>incitabatur</span> <span class='ocrx_word' id='word_1_67' title='bbox 1819 1393 1953 1465; x_wconf 90' lang='lat' dir='ltr'>persua·</span> 
     </span>
     <span class='ocr_line' id='line_1_8' title="bbox 438 1489 1810 1586; baseline -0.003 -19"><span class='ocrx_word' id='word_1_68' title='bbox 438 1493 539 1583; x_wconf 92' lang='lat' dir='ltr'>sione,</span> <span class='ocrx_word' id='word_1_69' title='bbox 569 1491 626 1584; x_wconf 93' lang='lat' dir='ltr'>qui</span> <span class='ocrx_word' id='word_1_70' title='bbox 652 1491 781 1565; x_wconf 90' lang='lat' dir='ltr'>cultum</span> <span class='ocrx_word' id='word_1_71' title='bbox 805 1489 867 1566; x_wconf 88' lang='lat' dir='ltr'>Dei</span> <span class='ocrx_word' id='word_1_72' title='bbox 893 1490 1087 1586; x_wconf 84' lang='lat' dir='ltr'>propensius</span> <span class='ocrx_word' id='word_1_73' title='bbox 1113 1491 1149 1564; x_wconf 90' lang='lat' dir='ltr'>in</span> <span class='ocrx_word' id='word_1_74' title='bbox 1176 1491 1290 1566; x_wconf 90' lang='lat' dir='ltr'>diebus</span> <span class='ocrx_word' id='word_1_75' title='bbox 1317 1491 1387 1565; x_wconf 92' lang='lat' dir='ltr'>suis</span> <span class='ocrx_word' id='word_1_76' title='bbox 1413 1493 1599 1586; x_wconf 84' lang='lat' dir='ltr'>augendum</span> <span class='ocrx_word' id='word_1_77' title='bbox 1625 1493 1810 1566; x_wconf 77' lang='lat' dir='ltr'>aestuabat.</span> 
     </span>
     <span class='ocr_line' id='line_1_9' title="bbox 541 1612 1956 1710; baseline -0.001 -23"><span class='ocrx_word' id='word_1_78' title='bbox 541 1612 712 1688; x_wconf 89' lang='lat' dir='ltr'>Odalricus</span> <span class='ocrx_word' id='word_1_79' title='bbox 737 1613 827 1686; x_wconf 88' lang='lat' dir='ltr'>filius</span> <span class='ocrx_word' id='word_1_80' title='bbox 854 1612 1014 1710; x_wconf 74' lang='lat' dir='ltr'>sobieslai</span> <span class='ocrx_word' id='word_1_81' title='bbox 1049 1613 1267 1687; x_wconf 90' lang='lat' dir='ltr'>Bohemorum</span> <span class='ocrx_word' id='word_1_82' title='bbox 1302 1613 1414 1705; x_wconf 91' lang='lat' dir='ltr'>Ducis,</span> <span class='ocrx_word' id='word_1_83' title='bbox 1451 1614 1529 1688; x_wconf 90' lang='lat' dir='ltr'>dum</span> <span class='ocrx_word' id='word_1_84' title='bbox 1562 1613 1740 1688; x_wconf 87' lang='lat' dir='ltr'>Wladislai</span> <span class='ocrx_word' id='word_1_85' title='bbox 1777 1612 1956 1688; x_wconf 90' lang='lat' dir='ltr'>Bohemiae</span> 
     </span>
     <span class='ocr_line' id='line_1_10' title="bbox 439 1733 1956 1829; baseline -0.002 -19"><span class='ocrx_word' id='word_1_86' title='bbox 439 1734 551 1826; x_wconf 88' lang='lat' dir='ltr'>Ducis,</span> <span class='ocrx_word' id='word_1_87' title='bbox 579 1734 636 1826; x_wconf 93' lang='lat' dir='ltr'>qui</span> <span class='ocrx_word' id='word_1_88' title='bbox 663 1733 752 1828; x_wconf 90' lang='lat' dir='ltr'>patri</span> <span class='ocrx_word' id='word_1_89' title='bbox 778 1756 837 1809; x_wconf 93' lang='lat' dir='ltr'>suo</span> <span class='ocrx_word' id='word_1_90' title='bbox 863 1733 1030 1809; x_wconf 86' lang='lat' dir='ltr'>Sobieslao</span> <span class='ocrx_word' id='word_1_91' title='bbox 1056 1734 1092 1809; x_wconf 94' lang='lat' dir='ltr'>in</span> <span class='ocrx_word' id='word_1_92' title='bbox 1118 1734 1295 1810; x_wconf 86' lang='lat' dir='ltr'>Bohemiae</span> <span class='ocrx_word' id='word_1_93' title='bbox 1330 1736 1461 1810; x_wconf 88' lang='lat' dir='ltr'>Ducatu</span> <span class='ocrx_word' id='word_1_94' title='bbox 1496 1738 1706 1826; x_wconf 84' lang='lat' dir='ltr'>successerat,</span> <span class='ocrx_word' id='word_1_95' title='bbox 1745 1736 1956 1829; x_wconf 87' lang='lat' dir='ltr'>conspectum</span> 
     </span>
     <span class='ocr_line' id='line_1_11' title="bbox 439 1855 1956 1952; baseline -0.002 -20"><span class='ocrx_word' id='word_1_96' title='bbox 439 1857 572 1952; x_wconf 83' lang='lat' dir='ltr'>lugiens</span> <span class='ocrx_word' id='word_1_97' title='bbox 598 1856 634 1930; x_wconf 91' lang='lat' dir='ltr'>in</span> <span class='ocrx_word' id='word_1_98' title='bbox 659 1855 816 1930; x_wconf 82' lang='lat' dir='ltr'>Alrnania</span> <span class='ocrx_word' id='word_1_99' title='bbox 849 1856 1022 1948; x_wconf 89' lang='lat' dir='ltr'>aliquanto</span> <span class='ocrx_word' id='word_1_100' title='bbox 1048 1859 1195 1952; x_wconf 90' lang='lat' dir='ltr'>tempore</span> <span class='ocrx_word' id='word_1_101' title='bbox 1221 1856 1369 1932; x_wconf 80' lang='lat' dir='ltr'>stetisset</span> <span class='ocrx_word' id='word_1_102' title='bbox 1386 1856 1424 1952; x_wconf 77' lang='lat'>²),</span> <span class='ocrx_word' id='word_1_103' title='bbox 1455 1857 1489 1930; x_wconf 92' lang='lat' dir='ltr'>iu</span> <span class='ocrx_word' id='word_1_104' title='bbox 1515 1857 1708 1932; x_wconf 91' lang='lat' dir='ltr'>Bohemiam</span> <span class='ocrx_word' id='word_1_105' title='bbox 1734 1857 1845 1931; x_wconf 90' lang='lat' dir='ltr'>rediit.</span> <span class='ocrx_word' id='word_1_106' title='bbox 1890 1856 1956 1930; x_wconf 84' lang='lat' dir='ltr'>Vc·</span> 
     </span>
     <span class='ocr_line' id='line_1_12' title="bbox 439 1974 1955 2074; baseline -0.001 -22"><span class='ocrx_word' id='word_1_107' title='bbox 439 2002 513 2052; x_wconf 90' lang='lat' dir='ltr'>rum</span> <span class='ocrx_word' id='word_1_108' title='bbox 539 1974 761 2053; x_wconf 86' lang='lat' dir='ltr'>Wladisluum</span> <span class='ocrx_word' id='word_1_109' title='bbox 787 1978 912 2054; x_wconf 88' lang='lat' dir='ltr'>Ducem</span> <span class='ocrx_word' id='word_1_110' title='bbox 938 2001 1004 2052; x_wconf 94' lang='lat' dir='ltr'>non</span> <span class='ocrx_word' id='word_1_111' title='bbox 1030 1980 1100 2052; x_wconf 87' lang='lat' dir='ltr'>tam</span> <span class='ocrx_word' id='word_1_112' title='bbox 1126 1978 1189 2052; x_wconf 93' lang='lat' dir='ltr'>sibi</span> <span class='ocrx_word' id='word_1_113' title='bbox 1215 2001 1335 2072; x_wconf 89' lang='lat' dir='ltr'>purum</span> <span class='ocrx_word' id='word_1_114' title='bbox 1353 1999 1391 2053; x_wconf 89' lang='lat' dir='ltr'>ac</span> <span class='ocrx_word' id='word_1_115' title='bbox 1409 1978 1599 2074; x_wconf 90' lang='lat' dir='ltr'>propitium,</span> <span class='ocrx_word' id='word_1_116' title='bbox 1628 1980 1726 2073; x_wconf 92' lang='lat' dir='ltr'>prout</span> <span class='ocrx_word' id='word_1_117' title='bbox 1753 1980 1955 2073; x_wconf 89' lang='lat' dir='ltr'>speraverat,</span> 
     </span>
     <span class='ocr_line' id='line_1_13' title="bbox 439 2098 1957 2194; baseline -0.001 -20"><span class='ocrx_word' id='word_1_118' title='bbox 439 2099 659 2190; x_wconf 81' lang='lat' dir='ltr'>considerans,</span> <span class='ocrx_word' id='word_1_119' title='bbox 687 2098 963 2194; x_wconf 81' lang='lat' dir='ltr'>tyrannidemque</span> <span class='ocrx_word' id='word_1_120' title='bbox 989 2121 1084 2174; x_wconf 88' lang='lat' dir='ltr'>suam</span> <span class='ocrx_word' id='word_1_121' title='bbox 1110 2100 1356 2194; x_wconf 75' lang='lat' dir='ltr'>pertimescens,</span> <span class='ocrx_word' id='word_1_122' title='bbox 1384 2123 1459 2175; x_wconf 90' lang='lat' dir='ltr'>cum</span> <span class='ocrx_word' id='word_1_123' title='bbox 1485 2101 1554 2174; x_wconf 90' lang='lat' dir='ltr'>suis</span> <span class='ocrx_word' id='word_1_124' title='bbox 1580 2101 1776 2192; x_wconf 89' lang='lat' dir='ltr'>sequacibus</span> <span class='ocrx_word' id='word_1_125' title='bbox 1803 2101 1838 2174; x_wconf 90' lang='lat' dir='ltr'>in</span> <span class='ocrx_word' id='word_1_126' title='bbox 1860 2101 1957 2174; x_wconf 92' lang='lat' dir='ltr'>Polo-</span> 
     </span>
     <span class='ocr_line' id='line_1_14' title="bbox 440 2221 1958 2317; baseline -0.001 -21"><span class='ocrx_word' id='word_1_127' title='bbox 440 2223 540 2313; x_wconf 88' lang='lat' dir='ltr'>niam,</span> <span class='ocrx_word' id='word_1_128' title='bbox 569 2221 621 2296; x_wconf 94' lang='lat' dir='ltr'>cui</span> <span class='ocrx_word' id='word_1_129' title='bbox 647 2223 741 2315; x_wconf 86' lang='lat' dir='ltr'>pater</span> <span class='ocrx_word' id='word_1_130' title='bbox 768 2243 847 2295; x_wconf 89' lang='lat' dir='ltr'>suus</span> <span class='ocrx_word' id='word_1_131' title='bbox 873 2221 1060 2296; x_wconf 84' lang='lat' dir='ltr'>sobieslaus</span> <span class='ocrx_word' id='word_1_132' title='bbox 1087 2245 1146 2316; x_wconf 92' lang='lat' dir='ltr'>pro</span> <span class='ocrx_word' id='word_1_133' title='bbox 1173 2222 1339 2297; x_wconf 89' lang='lat' dir='ltr'>beneficiis</span> <span class='ocrx_word' id='word_1_134' title='bbox 1365 2223 1509 2316; x_wconf 90' lang='lat' dir='ltr'>acceptis</span> <span class='ocrx_word' id='word_1_135' title='bbox 1536 2224 1647 2317; x_wconf 88' lang='lat' dir='ltr'>plures</span> <span class='ocrx_word' id='word_1_136' title='bbox 1672 2223 1878 2297; x_wconf 88' lang='lat' dir='ltr'>hostilitates</span> <span class='ocrx_word' id='word_1_137' title='bbox 1905 2222 1958 2296; x_wconf 90' lang='lat' dir='ltr'>in-</span> 
     </span>
     <span class='ocr_line' id='line_1_15' title="bbox 440 2342 1958 2438; baseline -0.001 -20"><span class='ocrx_word' id='word_1_138' title='bbox 440 2345 574 2436; x_wconf 83' lang='lat' dir='ltr'>tulerat,</span> <span class='ocrx_word' id='word_1_139' title='bbox 602 2342 746 2438; x_wconf 81' lang='lat' dir='ltr'>diffugit,</span> <span class='ocrx_word' id='word_1_140' title='bbox 783 2345 817 2418; x_wconf 90' lang='lat' dir='ltr'>et</span> <span class='ocrx_word' id='word_1_141' title='bbox 843 2366 863 2417; x_wconf 89' lang='lat' dir='ltr'>a</span> <span class='ocrx_word' id='word_1_142' title='bbox 889 2345 1041 2418; x_wconf 91' lang='lat' dir='ltr'>Boleslao</span> <span class='ocrx_word' id='word_1_143' title='bbox 1072 2343 1185 2438; x_wconf 83' lang='lat' dir='ltr'>crispo</span> <span class='ocrx_word' id='word_1_144' title='bbox 1220 2345 1418 2419; x_wconf 92' lang='lat' dir='ltr'>Polonorum</span> <span class='ocrx_word' id='word_1_145' title='bbox 1449 2346 1539 2420; x_wconf 87' lang='lat' dir='ltr'>Duce</span> <span class='ocrx_word' id='word_1_146' title='bbox 1566 2348 1600 2420; x_wconf 90' lang='lat' dir='ltr'>ct</span> <span class='ocrx_word' id='word_1_147' title='bbox 1625 2345 1804 2419; x_wconf 88' lang='lat' dir='ltr'>Monarcha</span> <span class='ocrx_word' id='word_1_148' title='bbox 1838 2345 1958 2418; x_wconf 90' lang='lat' dir='ltr'>nedum</span> 
     </span>
     <span class='ocr_line' id='line_1_16' title="bbox 441 2465 1888 2560; baseline -0.002 -19"><span class='ocrx_word' id='word_1_149' title='bbox 441 2472 611 2560; x_wconf 89' lang='lat' dir='ltr'>susceptus</span> <span class='ocrx_word' id='word_1_150' title='bbox 637 2467 671 2540; x_wconf 91' lang='lat' dir='ltr'>et</span> <span class='ocrx_word' id='word_1_151' title='bbox 696 2465 899 2556; x_wconf 82' lang='lat' dir='ltr'>recollectae,</span> <span class='ocrx_word' id='word_1_152' title='bbox 928 2466 986 2539; x_wconf 90' lang='lat' dir='ltr'>sed</span> <span class='ocrx_word' id='word_1_153' title='bbox 1012 2465 1112 2539; x_wconf 89' lang='lat' dir='ltr'>etiam</span> <span class='ocrx_word' id='word_1_154' title='bbox 1139 2465 1281 2560; x_wconf 89' lang='lat' dir='ltr'>propitia</span> <span class='ocrx_word' id='word_1_155' title='bbox 1308 2488 1345 2540; x_wconf 90' lang='lat' dir='ltr'>ac</span> <span class='ocrx_word' id='word_1_156' title='bbox 1371 2466 1597 2541; x_wconf 85' lang='lat' dir='ltr'>favorabiliter</span> <span class='ocrx_word' id='word_1_157' title='bbox 1623 2467 1757 2541; x_wconf 88' lang='lat' dir='ltr'>babitus</span> <span class='ocrx_word' id='word_1_158' title='bbox 1772 2465 1799 2560; x_wconf 84' lang='lat'>³)</span> <span class='ocrx_word' id='word_1_159' title='bbox 1825 2470 1888 2540; x_wconf 88' lang='lat' dir='ltr'>ost.</span> 
     </span>
     <span class='ocr_line' id='line_1_17' title="bbox 543 2586 1957 2682; baseline 0 -20"><span class='ocrx_word' id='word_1_160' title='bbox 543 2586 741 2662; x_wconf 79' lang='lat' dir='ltr'>Anastasius</span> <span class='ocrx_word' id='word_1_161' title='bbox 766 2589 859 2682; x_wconf 90' lang='lat' dir='ltr'>Papa</span> <span class='ocrx_word' id='word_1_162' title='bbox 884 2588 1004 2662; x_wconf 91' lang='lat' dir='ltr'>tertius</span> <span class='ocrx_word' id='word_1_163' title='bbox 1030 2608 1105 2662; x_wconf 92' lang='lat' dir='ltr'>cum</span> <span class='ocrx_word' id='word_1_164' title='bbox 1131 2611 1216 2663; x_wconf 93' lang='lat' dir='ltr'>anno</span> <span class='ocrx_word' id='word_1_165' title='bbox 1244 2611 1319 2680; x_wconf 93' lang='lat' dir='ltr'>uno,</span> <span class='ocrx_word' id='word_1_166' title='bbox 1348 2589 1516 2664; x_wconf 90' lang='lat' dir='ltr'>mensibus</span> <span class='ocrx_word' id='word_1_167' title='bbox 1544 2591 1695 2682; x_wconf 90' lang='lat' dir='ltr'>quatuor,</span> <span class='ocrx_word' id='word_1_168' title='bbox 1733 2589 1848 2663; x_wconf 88' lang='lat' dir='ltr'>diebus</span> <span class='ocrx_word' id='word_1_169' title='bbox 1875 2611 1957 2680; x_wconf 88' lang='lat' dir='ltr'>qua-</span> 
     </span>
     <span class='ocr_line' id='line_1_18' title="bbox 444 2705 1961 2804; baseline -0.001 -20"><span class='ocrx_word' id='word_1_170' title='bbox 444 2713 520 2784; x_wconf 89' lang='lat' dir='ltr'>tuor</span> <span class='ocrx_word' id='word_1_171' title='bbox 545 2712 580 2784; x_wconf 87' lang='lat' dir='ltr'>et</span> <span class='ocrx_word' id='word_1_172' title='bbox 604 2709 726 2804; x_wconf 82' lang='lat' dir='ltr'>uiginti</span> <span class='ocrx_word' id='word_1_173' title='bbox 740 2705 769 2803; x_wconf 70' lang='grc'>4)</span> <span class='ocrx_word' id='word_1_174' title='bbox 804 2708 959 2801; x_wconf 87' lang='lat' dir='ltr'>sedisset,</span> <span class='ocrx_word' id='word_1_175' title='bbox 996 2710 1145 2801; x_wconf 90' lang='lat' dir='ltr'>moritur,</span> <span class='ocrx_word' id='word_1_176' title='bbox 1182 2714 1217 2785; x_wconf 93' lang='lat' dir='ltr'>et</span> <span class='ocrx_word' id='word_1_177' title='bbox 1249 2710 1283 2784; x_wconf 95' lang='lat' dir='ltr'>in</span> <span class='ocrx_word' id='word_1_178' title='bbox 1320 2711 1456 2784; x_wconf 91' lang='lat' dir='ltr'>ecclesia</span> <span class='ocrx_word' id='word_1_179' title='bbox 1491 2711 1604 2785; x_wconf 86' lang='lat' dir='ltr'>Sancti</span> <span class='ocrx_word' id='word_1_180' title='bbox 1640 2711 1730 2785; x_wconf 89' lang='lat' dir='ltr'>Patri</span> <span class='ocrx_word' id='word_1_181' title='bbox 1766 2711 1801 2784; x_wconf 91' lang='lat' dir='ltr'>in</span> <span class='ocrx_word' id='word_1_182' title='bbox 1836 2712 1961 2785; x_wconf 87' lang='lat' dir='ltr'>concha</span> 
     </span>
     <span class='ocr_line' id='line_1_19' title="bbox 444 2829 1960 2926; baseline -0.001 -20"><span class='ocrx_word' id='word_1_183' title='bbox 444 2831 631 2926; x_wconf 81' lang='lat' dir='ltr'>porphirius</span> <span class='ocrx_word' id='word_1_184' title='bbox 666 2829 795 2925; x_wconf 91' lang='lat' dir='ltr'>accepit</span> <span class='ocrx_word' id='word_1_185' title='bbox 828 2833 1046 2926; x_wconf 87' lang='lat' dir='ltr'>sepulturam.</span> <span class='ocrx_word' id='word_1_186' title='bbox 1091 2834 1172 2906; x_wconf 88' lang='lat' dir='ltr'>Post</span> <span class='ocrx_word' id='word_1_187' title='bbox 1197 2831 1290 2906; x_wconf 90' lang='lat' dir='ltr'>cuius</span> <span class='ocrx_word' id='word_1_188' title='bbox 1322 2834 1459 2906; x_wconf 92' lang='lat' dir='ltr'>mortem</span> <span class='ocrx_word' id='word_1_189' title='bbox 1492 2831 1692 2906; x_wconf 70' lang='lat' dir='ltr'>albanensis</span> <span class='ocrx_word' id='word_1_190' title='bbox 1726 2831 1897 2926; x_wconf 88' lang='lat' dir='ltr'>episcopos</span> <span class='ocrx_word' id='word_1_191' title='bbox 1925 2835 1960 2905; x_wconf 91' lang='lat' dir='ltr'>et</span> 
     </span>
     <span class='ocr_line' id='line_1_20' title="bbox 445 2952 1959 3049; baseline -0.002 -21"><span class='ocrx_word' id='word_1_192' title='bbox 445 2953 630 3028; x_wconf 77' lang='lat' dir='ltr'>Cardinalis</span> <span class='ocrx_word' id='word_1_193' title='bbox 656 2953 823 3044; x_wconf 89' lang='lat' dir='ltr'>Nicolaus,</span> <span class='ocrx_word' id='word_1_194' title='bbox 860 2953 993 3028; x_wconf 91' lang='lat' dir='ltr'>natione</span> <span class='ocrx_word' id='word_1_195' title='bbox 1028 2952 1201 3049; x_wconf 70' lang='lat' dir='ltr'>anglicus,</span> <span class='ocrx_word' id='word_1_196' title='bbox 1240 2953 1296 3046; x_wconf 91' lang='lat' dir='ltr'>qui</span> <span class='ocrx_word' id='word_1_197' title='bbox 1327 2953 1491 3032; x_wconf 75' lang='lat' dir='ltr'>Adrianus</span> <span class='ocrx_word' id='word_1_198' title='bbox 1526 2954 1646 3030; x_wconf 89' lang='lat' dir='ltr'>tertius</span> <span class='ocrx_word' id='word_1_199' title='bbox 1672 2956 1807 3032; x_wconf 81' lang='lat' dir='ltr'>uocatus</span> <span class='ocrx_word' id='word_1_200' title='bbox 1833 2955 1894 3044; x_wconf 90' lang='lat' dir='ltr'>est,</span> <span class='ocrx_word' id='word_1_201' title='bbox 1924 2953 1959 3026; x_wconf 93' lang='lat' dir='ltr'>in</span> 
     </span>
     <span class='ocr_line' id='line_1_21' title="bbox 446 3074 1855 3152; baseline -0.001 -4"><span class='ocrx_word' id='word_1_202' title='bbox 446 3075 617 3149; x_wconf 87' lang='lat' dir='ltr'>Summum</span> <span class='ocrx_word' id='word_1_203' title='bbox 642 3074 836 3152; x_wconf 88' lang='lat' dir='ltr'>Pontificem</span> <span class='ocrx_word' id='word_1_204' title='bbox 862 3075 1018 3150; x_wconf 88' lang='lat' dir='ltr'>succedit.</span> <span class='ocrx_word' id='word_1_205' title='bbox 1850 3089 1855 3100; x_wconf 88' lang='lat'>&#39;</span> 
     </span>
    </p>
   </div>
   <div class='ocr_carea' id='block_1_3' title="bbox 895 3433 1516 3551">
    <p class='ocr_par' dir='ltr' id='par_1_3' title="bbox 895 3433 1516 3551">
     <span class='ocr_line' id='line_1_22' title="bbox 895 3433 1516 3551; baseline 0.003 -3"><span class='ocrx_word' id='word_1_206' title='bbox 895 3433 1099 3550; x_wconf 82' lang='lat' dir='ltr'><strong>ANNUS</strong></span> <span class='ocrx_word' id='word_1_207' title='bbox 1134 3436 1353 3551; x_wconf 83' lang='lat' dir='ltr'>DOMINI</span> <span class='ocrx_word' id='word_1_208' title='bbox 1389 3438 1516 3550; x_wconf 80' lang='lat'>1156.</span> 
     </span>
    </p>
   </div>
   <div class='ocr_carea' id='block_1_4' title="bbox 705 3686 1709 3776">
    <p class='ocr_par' dir='ltr' id='par_1_4' title="bbox 705 3686 1709 3776">
     <span class='ocr_line' id='line_1_23' title="bbox 705 3686 1709 3776; baseline 0.004 -18"><span class='ocrx_word' id='word_1_209' title='bbox 705 3686 885 3776; x_wconf 66' lang='lat' dir='ltr'>{ascarico</span> <span class='ocrx_word' id='word_1_210' title='bbox 912 3687 988 3759; x_wconf 83' lang='lat' dir='ltr'>buci</span> <span class='ocrx_word' id='word_1_211' title='bbox 1014 3687 1142 3760; x_wconf 74' lang='lat' dir='ltr'>[latoris</span> <span class='ocrx_word' id='word_1_212' title='bbox 1168 3688 1317 3761; x_wconf 84' lang='lat' dir='ltr'>Poloniac</span> <span class='ocrx_word' id='word_1_213' title='bbox 1343 3689 1431 3760; x_wconf 86' lang='lat' dir='ltr'>llius</span> <span class='ocrx_word' id='word_1_214' title='bbox 1458 3691 1530 3762; x_wconf 75' lang='lat' dir='ltr'>otto</span> <span class='ocrx_word' id='word_1_215' title='bbox 1558 3689 1709 3762; x_wconf 86' lang='lat' dir='ltr'>nascitur.</span> 
     </span>
    </p>
   </div>
   <div class='ocr_carea' id='block_1_5' title="bbox 446 3927 1966 4508">
    <p class='ocr_par' dir='ltr' id='par_1_5' title="bbox 446 3927 1966 4508">
     <span class='ocr_line' id='line_1_24' title="bbox 549 3927 1964 4024; baseline 0.004 -24"><span class='ocrx_word' id='word_1_216' title='bbox 549 3927 691 4020; x_wconf 89' lang='lat' dir='ltr'>Operum</span> <span class='ocrx_word' id='word_1_217' title='bbox 726 3947 858 4002; x_wconf 90' lang='lat' dir='ltr'>suorum</span> <span class='ocrx_word' id='word_1_218' title='bbox 892 3929 1050 4002; x_wconf 92' lang='lat' dir='ltr'>bonorum</span> <span class='ocrx_word' id='word_1_219' title='bbox 1084 3930 1289 4024; x_wconf 79' lang='lat' dir='ltr'>Mpecuslaus</span> <span class='ocrx_word' id='word_1_220' title='bbox 1324 3930 1458 4005; x_wconf 88' lang='lat' dir='ltr'>Maioris</span> <span class='ocrx_word' id='word_1_221' title='bbox 1492 3932 1647 4006; x_wconf 90' lang='lat' dir='ltr'>Poloniae</span> <span class='ocrx_word' id='word_1_222' title='bbox 1682 3935 1716 4006; x_wconf 88' lang='lat' dir='ltr'>ot</span> <span class='ocrx_word' id='word_1_223' title='bbox 1749 3931 1964 4005; x_wconf 88' lang='lat' dir='ltr'>Pomeraniae</span> 
     </span>
     <span class='ocr_line' id='line_1_25' title="bbox 446 4047 1964 4145; baseline 0.004 -25"><span class='ocrx_word' id='word_1_224' title='bbox 446 4049 535 4137; x_wconf 86' lang='lat' dir='ltr'>Dux,</span> <span class='ocrx_word' id='word_1_225' title='bbox 564 4069 647 4139; x_wconf 90' lang='lat' dir='ltr'>quae</span> <span class='ocrx_word' id='word_1_226' title='bbox 674 4047 902 4122; x_wconf 90' lang='lat' dir='ltr'>infundando</span> <span class='ocrx_word' id='word_1_227' title='bbox 936 4049 1089 4124; x_wconf 87' lang='lat' dir='ltr'>coenobio</span> <span class='ocrx_word' id='word_1_228' title='bbox 1114 4051 1260 4125; x_wconf 84' lang='lat' dir='ltr'>Lubensi</span> <span class='ocrx_word' id='word_1_229' title='bbox 1277 4052 1304 4145; x_wconf 80' lang='lat'>⁵)</span> <span class='ocrx_word' id='word_1_230' title='bbox 1332 4053 1365 4125; x_wconf 92' lang='lat' dir='ltr'>et</span> <span class='ocrx_word' id='word_1_231' title='bbox 1382 4053 1531 4127; x_wconf 75' lang='lat' dir='ltr'>acclama</span> <span class='ocrx_word' id='word_1_232' title='bbox 1566 4053 1680 4128; x_wconf 86' lang='lat' dir='ltr'>Sancti</span> <span class='ocrx_word' id='word_1_233' title='bbox 1707 4053 1805 4126; x_wconf 89' lang='lat' dir='ltr'>Pauli</span> <span class='ocrx_word' id='word_1_234' title='bbox 1832 4053 1867 4125; x_wconf 91' lang='lat' dir='ltr'>in</span> <span class='ocrx_word' id='word_1_235' title='bbox 1893 4054 1964 4126; x_wconf 86' lang='lat' dir='ltr'>Ka·</span> 
     </span>
     <span class='ocr_line' id='line_1_26' title="bbox 447 4169 1964 4269; baseline 0.003 -27"><span class='ocrx_word' id='word_1_236' title='bbox 447 4169 533 4242; x_wconf 93' lang='lat' dir='ltr'>lisch</span> <span class='ocrx_word' id='word_1_237' title='bbox 560 4169 594 4241; x_wconf 94' lang='lat' dir='ltr'>in</span> <span class='ocrx_word' id='word_1_238' title='bbox 620 4169 830 4263; x_wconf 82' lang='lat' dir='ltr'>collegiatam</span> <span class='ocrx_word' id='word_1_239' title='bbox 856 4169 1011 4264; x_wconf 84' lang='lat' dir='ltr'>erigendo</span> <span class='ocrx_word' id='word_1_240' title='bbox 1038 4175 1162 4266; x_wconf 84' lang='lat' dir='ltr'>egerat,</span> <span class='ocrx_word' id='word_1_241' title='bbox 1191 4174 1373 4248; x_wconf 89' lang='lat' dir='ltr'>mercodcrn</span> <span class='ocrx_word' id='word_1_242' title='bbox 1391 4177 1426 4248; x_wconf 91' lang='lat' dir='ltr'>et</span> <span class='ocrx_word' id='word_1_243' title='bbox 1444 4175 1588 4248; x_wconf 87' lang='lat' dir='ltr'>fructum</span> <span class='ocrx_word' id='word_1_244' title='bbox 1615 4175 1795 4269; x_wconf 87' lang='lat' dir='ltr'>gloriosum</span> <span class='ocrx_word' id='word_1_245' title='bbox 1821 4175 1964 4268; x_wconf 86' lang='lat' dir='ltr'>excepit.</span> 
     </span>
     <span class='ocr_line' id='line_1_27' title="bbox 447 4289 1966 4390; baseline 0.003 -25"><span class='ocrx_word' id='word_1_246' title='bbox 447 4289 598 4365; x_wconf 80' lang='lat' dir='ltr'>coniunx</span> <span class='ocrx_word' id='word_1_247' title='bbox 622 4290 745 4364; x_wconf 90' lang='lat' dir='ltr'>etenim</span> <span class='ocrx_word' id='word_1_248' title='bbox 770 4313 830 4364; x_wconf 89' lang='lat' dir='ltr'>suc</span> <span class='ocrx_word' id='word_1_249' title='bbox 856 4291 1028 4367; x_wconf 69' lang='lat' dir='ltr'>(bertrudis</span> <span class='ocrx_word' id='word_1_250' title='bbox 1054 4293 1194 4368; x_wconf 90' lang='lat' dir='ltr'>Ducissa</span> <span class='ocrx_word' id='word_1_251' title='bbox 1221 4295 1329 4368; x_wconf 86' lang='lat' dir='ltr'>filium</span> <span class='ocrx_word' id='word_1_252' title='bbox 1356 4295 1409 4368; x_wconf 93' lang='lat' dir='ltr'>illi</span> <span class='ocrx_word' id='word_1_253' title='bbox 1436 4296 1576 4390; x_wconf 87' lang='lat' dir='ltr'>peperit,</span> <span class='ocrx_word' id='word_1_254' title='bbox 1605 4297 1644 4370; x_wconf 90' lang='lat' dir='ltr'>de</span> <span class='ocrx_word' id='word_1_255' title='bbox 1671 4297 1763 4370; x_wconf 89' lang='lat' dir='ltr'>cuius</span> <span class='ocrx_word' id='word_1_256' title='bbox 1789 4296 1966 4370; x_wconf 79' lang='lat' dir='ltr'>nativitate</span> 
     </span>
     <span class='ocr_line' id='line_1_28' title="bbox 448 4399 1965 4508; baseline 0.003 -23"><span class='ocrx_word' id='word_1_257' title='bbox 448 4411 650 4506; x_wconf 82' lang='lat' dir='ltr'>Mpecaslaus</span> <span class='ocrx_word' id='word_1_258' title='bbox 675 4411 752 4484; x_wconf 84' lang='lat' dir='ltr'>Dux</span> <span class='ocrx_word' id='word_1_259' title='bbox 778 4412 996 4501; x_wconf 83' lang='lat' dir='ltr'>exhilaratus,</span> <span class='ocrx_word' id='word_1_260' title='bbox 1025 4415 1060 4488; x_wconf 94' lang='lat' dir='ltr'>in</span> <span class='ocrx_word' id='word_1_261' title='bbox 1087 4416 1304 4490; x_wconf 87' lang='lat' dir='ltr'>Posnaniensi</span> <span class='ocrx_word' id='word_1_262' title='bbox 1331 4399 1467 4491; x_wconf 87' lang='lat' dir='ltr'>civitate</span> <span class='ocrx_word' id='word_1_263' title='bbox 1493 4418 1583 4491; x_wconf 90' lang='lat' dir='ltr'>curia</span> <span class='ocrx_word' id='word_1_264' title='bbox 1609 4418 1746 4508; x_wconf 88' lang='lat' dir='ltr'>indicta,</span> <span class='ocrx_word' id='word_1_265' title='bbox 1780 4417 1965 4492; x_wconf 90' lang='lat' dir='ltr'>solennita-</span> 
     </span>
    </p>
   </div>
   <div class='ocr_carea' id='block_1_6' title="bbox 295 4523 1967 4633">
    <p class='ocr_par' dir='ltr' id='par_1_6' title="bbox 295 4523 1967 4633">
     <span class='ocr_line' id='line_1_29' title="bbox 295 4523 1967 4633; baseline 0.006 -29"><span class='ocrx_word' id='word_1_266' title='bbox 295 4523 296 4528; x_wconf 63' lang='grc'>’</span> <span class='ocrx_word' id='word_1_267' title='bbox 449 4535 519 4606; x_wconf 89' lang='lat' dir='ltr'>tem</span> <span class='ocrx_word' id='word_1_268' title='bbox 546 4531 813 4626; x_wconf 88' lang='lat' dir='ltr'>baptisteriorum</span> <span class='ocrx_word' id='word_1_269' title='bbox 827 4533 854 4628; x_wconf 82' lang='grc'>6)</span> <span class='ocrx_word' id='word_1_270' title='bbox 881 4535 994 4610; x_wconf 89' lang='lat' dir='ltr'>diebus</span> <span class='ocrx_word' id='word_1_271' title='bbox 1020 4536 1148 4628; x_wconf 89' lang='lat' dir='ltr'>aliquot</span> <span class='ocrx_word' id='word_1_272' title='bbox 1174 4537 1361 4629; x_wconf 83' lang='lat' dir='ltr'>celebravit,</span> <span class='ocrx_word' id='word_1_273' title='bbox 1399 4560 1580 4631; x_wconf 90' lang='lat' dir='ltr'>nomenque</span> <span class='ocrx_word' id='word_1_274' title='bbox 1605 4539 1676 4614; x_wconf 86' lang='lat' dir='ltr'>lilio</span> <span class='ocrx_word' id='word_1_275' title='bbox 1703 4540 1738 4613; x_wconf 92' lang='lat' dir='ltr'>in</span> <span class='ocrx_word' id='word_1_276' title='bbox 1765 4539 1967 4633; x_wconf 87' lang='lat' dir='ltr'>baptismata</span> 
     </span>
    </p>
   </div>
   <div class='ocr_carea' id='block_1_7' title="bbox 450 4653 1968 4872">
    <p class='ocr_par' dir='ltr' id='par_1_7' title="bbox 450 4653 1968 4872">
     <span class='ocr_line' id='line_1_30' title="bbox 450 4653 1968 4756; baseline 0.004 -28"><span class='ocrx_word' id='word_1_277' title='bbox 450 4655 528 4728; x_wconf 88' lang='lat' dir='ltr'>Otto</span> <span class='ocrx_word' id='word_1_278' title='bbox 554 4653 721 4748; x_wconf 91' lang='lat' dir='ltr'>imposuit,</span> <span class='ocrx_word' id='word_1_279' title='bbox 749 4677 790 4729; x_wconf 91' lang='lat' dir='ltr'>ne</span> <span class='ocrx_word' id='word_1_280' title='bbox 817 4656 990 4730; x_wconf 73' lang='lat' dir='ltr'>Caesarum</span> <span class='ocrx_word' id='word_1_281' title='bbox 1017 4657 1187 4749; x_wconf 78' lang='lat' dir='ltr'>Othonum,</span> <span class='ocrx_word' id='word_1_282' title='bbox 1216 4681 1257 4733; x_wconf 84' lang='lat' dir='ltr'>ex</span> <span class='ocrx_word' id='word_1_283' title='bbox 1286 4659 1405 4751; x_wconf 89' lang='lat' dir='ltr'>quibus</span> <span class='ocrx_word' id='word_1_284' title='bbox 1432 4660 1503 4754; x_wconf 92' lang='lat' dir='ltr'>ipse</span> <span class='ocrx_word' id='word_1_285' title='bbox 1530 4662 1676 4736; x_wconf 88' lang='lat' dir='ltr'>materno</span> <span class='ocrx_word' id='word_1_286' title='bbox 1694 4661 1855 4756; x_wconf 83' lang='lat' dir='ltr'>sanguine</span> <span class='ocrx_word' id='word_1_287' title='bbox 1875 4663 1968 4735; x_wconf 90' lang='lat' dir='ltr'>satus</span> 
     </span>
     <span class='ocr_line' id='line_1_31' title="bbox 450 4775 1018 4872; baseline 0.004 -22"><span class='ocrx_word' id='word_1_288' title='bbox 450 4777 530 4867; x_wconf 91' lang='lat' dir='ltr'>erat,</span> <span class='ocrx_word' id='word_1_289' title='bbox 559 4797 676 4850; x_wconf 90' lang='lat' dir='ltr'>nomen</span> <span class='ocrx_word' id='word_1_290' title='bbox 702 4775 870 4851; x_wconf 89' lang='lat' dir='ltr'>obliterari</span> <span class='ocrx_word' id='word_1_291' title='bbox 897 4783 1018 4872; x_wconf 88' lang='lat' dir='ltr'>posset.</span> 
     </span>
    </p>
   </div>
   <div class='ocr_carea' id='block_1_8' title="bbox 556 5051 1970 5138">
    <p class='ocr_par' dir='ltr' id='par_1_8' title="bbox 556 5051 1970 5138">
     <span class='ocr_line' id='line_1_32' title="bbox 556 5051 1970 5138; baseline 0.004 -23"><span class='ocrx_word' id='word_1_292' title='bbox 556 5051 579 5132; x_wconf 85' lang='lat'>¹)</span> <span class='ocrx_word' id='word_1_293' title='bbox 601 5057 711 5130; x_wconf 89' lang='lat' dir='ltr'>aliquot</span> <span class='ocrx_word' id='word_1_294' title='bbox 732 5058 884 5118; x_wconf 88' lang='lat' dir='ltr'>canonicos</span> <span class='ocrx_word' id='word_1_295' title='bbox 915 5057 974 5118; x_wconf 83' lang='lat' dir='ltr'>Eoi.</span> <span class='ocrx_word' id='word_1_296' title='bbox 997 5059 1090 5118; x_wconf 83' lang='lat' dir='ltr'>Dobr.</span> <span class='ocrx_word' id='word_1_297' title='bbox 1130 5056 1157 5138; x_wconf 65' lang='grc' dir='ltr'>ῃ)</span> <span class='ocrx_word' id='word_1_298' title='bbox 1181 5061 1334 5119; x_wconf 88' lang='lat' dir='ltr'>mansisset</span> <span class='ocrx_word' id='word_1_299' title='bbox 1362 5059 1421 5121; x_wconf 78' lang='lat' dir='ltr'>Ed.</span> <span class='ocrx_word' id='word_1_300' title='bbox 1445 5061 1537 5120; x_wconf 84' lang='lat' dir='ltr'>Dobr.</span> <span class='ocrx_word' id='word_1_301' title='bbox 1573 5059 1599 5138; x_wconf 88' lang='lat'>³)</span> <span class='ocrx_word' id='word_1_302' title='bbox 1623 5067 1763 5120; x_wconf 87' lang='lat' dir='ltr'>tractatus</span> <span class='ocrx_word' id='word_1_303' title='bbox 1793 5061 1851 5122; x_wconf 77' lang='lat' dir='ltr'>Eo.</span> <span class='ocrx_word' id='word_1_304' title='bbox 1876 5061 1970 5121; x_wconf 81' lang='lat' dir='ltr'>Dobr.</span> 
     </span>
    </p>
   </div>
   <div class='ocr_carea' id='block_1_9' title="bbox 243 5154 1802 5245">
    <p class='ocr_par' dir='ltr' id='par_1_9' title="bbox 243 5154 1802 5245">
     <span class='ocr_line' id='line_1_33' title="bbox 243 5154 1802 5245; baseline 0.005 -28"><span class='ocrx_word' id='word_1_305' title='bbox 243 5163 247 5177; x_wconf 93' lang='lat'>&#39;</span> <span class='ocrx_word' id='word_1_306' title='bbox 296 5168 301 5176; x_wconf 80' lang='grc'><em>·</em></span> <span class='ocrx_word' id='word_1_307' title='bbox 452 5154 478 5240; x_wconf 85' lang='lat'>⁴)</span> <span class='ocrx_word' id='word_1_308' title='bbox 500 5159 601 5220; x_wconf 85' lang='lat' dir='ltr'>diebus</span> <span class='ocrx_word' id='word_1_309' title='bbox 623 5161 723 5236; x_wconf 80' lang='lat' dir='ltr'>viginti</span> <span class='ocrx_word' id='word_1_310' title='bbox 745 5158 804 5228; x_wconf 74' lang='lat' dir='ltr'>Ed.</span> <span class='ocrx_word' id='word_1_311' title='bbox 826 5162 918 5222; x_wconf 84' lang='lat' dir='ltr'>Dobr.</span> <span class='ocrx_word' id='word_1_312' title='bbox 957 5158 983 5240; x_wconf 77' lang='lat'>⁵)</span> <span class='ocrx_word' id='word_1_313' title='bbox 1004 5163 1161 5224; x_wconf 91' lang='lat' dir='ltr'>Lubinensi</span> <span class='ocrx_word' id='word_1_314' title='bbox 1188 5163 1257 5226; x_wconf 79' lang='lat' dir='ltr'>Occi.</span> <span class='ocrx_word' id='word_1_315' title='bbox 1280 5165 1370 5229; x_wconf 74' lang='lat' dir='ltr'>Roas.</span> <span class='ocrx_word' id='word_1_316' title='bbox 1410 5161 1435 5245; x_wconf 79' lang='lat'>⁶)</span> <span class='ocrx_word' id='word_1_317' title='bbox 1458 5166 1595 5240; x_wconf 91' lang='lat' dir='ltr'>baptismi</span> <span class='ocrx_word' id='word_1_318' title='bbox 1622 5162 1690 5232; x_wconf 79' lang='lat' dir='ltr'>Goot.</span> <span class='ocrx_word' id='word_1_319' title='bbox 1712 5167 1802 5227; x_wconf 75' lang='lat' dir='ltr'>Rosr.</span> 
     </span>
    </p>
   </div>
   <div class='ocr_carea' id='block_1_10' title="bbox 0 0 2156 6274">
    <p class='ocr_par' dir='ltr' id='par_1_10' title="bbox 0 0 2156 6274">
     <span class='ocr_line' id='line_1_34' title="bbox 0 0 2156 6274; baseline 0 0"><span class='ocrx_word' id='word_1_320' title='bbox 0 0 2156 6274; x_wconf 95' lang='lat' dir='ltr'> </span> 
     </span>
    </p>
   </div>
  </div>
 </body>
</html>
