4162 6288
133 553 198 648 (Α.
221 554 269 630 D.
289 553 415 654 1270.)
751 577 861 629 arasa
887 577 1080 631 assumes.
1609 559 1685 631 415

131 783 196 838 ues
225 762 371 840 arbitros
407 785 483 838 eum
518 762 683 859 Magistro
720 763 887 838 Ludovioo
914 767 949 840 et
976 764 1098 839 Ordine
1126 765 1166 840 de
1193 786 1275 859 paee
1309 787 1409 860 ugera
1445 764 1565 860 coepit,
1604 787 1688 859 quae

131 885 278 960 tandem
304 885 438 960 damnis
464 885 543 960 hine
577 884 656 961 inde
691 885 928 981 compensatis,
966 887 1121 962 stabilita
1147 886 1199 962 est
1225 888 1259 962 et
1286 909 1306 962 a
1333 888 1430 981 perte
1457 889 1600 980 utraque
1627 910 1688 981 pa·
1819 921 1822 928 ·

130 1026 213 1080 rum
242 1005 486 1084 invielabiliter
512 1006 690 1083 custodite.

168 1375 252 1449 liele
277 1376 440 1468 lluugeria
466 1377 535 1450 lter
561 1377 697 1451 noritur
724 1380 759 1449 et
786 1375 941 1466 strigonii
968 1375 1140 1467 sepelitur:
1168 1374 1221 1448 oui
1248 1373 1430 1466 Stephanus
1456 1375 1544 1448 illiue
1570 1379 1650 1448 netu

771 1498 875 1571 ueior
901 1496 1057 1572 succedit

243 1735 369 1832 Quinto
395 1739 511 1815 Nonas
537 1739 630 1830 Maii,
659 1737 745 1813 alias
763 1738 817 1814 die
834 1737 986 1829 Veneris,
1015 1735 1227 1812 quentionis
1247 1735 1269 1831 ¹)
1296 1736 1440 1813 Sanctae
1467 1736 1593 1828 (trucis,
1622 1738 1688 1810 Be·

132 1858 170 1932 la
198 1858 400 1954 Hungariae
426 1861 522 1952 Rex,
551 1883 644 1936 socer
669 1860 819 1935 Boleslai
850 1859 968 1935 Pudiei
1004 1858 1231 1934 cracoviensis
1267 1857 1380 1949 Ducis,
1418 1857 1553 1952 genitor
1579 1857 1689 1932 felicis

133 1978 367 2074 Kunegundis
393 1981 557 2056 consortis
583 1981 732 2057 Boleslei
759 1981 889 2073 Pudici,
917 1979 1070 2072 meritur,
1100 2003 1175 2055 enm
1202 1979 1301 2054 annis
1327 1979 1473 2074 triginta
1500 2001 1618 2053 nouem
1637 2001 1688 2054 re·

133 2102 291 2194 guasset,
320 2104 355 2177 et
381 2101 548 2198 strigonii
566 2102 602 2176 in
620 2105 780 2178 Fratrum
807 2103 973 2178 Minorem
1002 2101 1215 2194 monasterio,
1245 2102 1333 2194 quod
1359 2101 1431 2195 ipse
1457 2101 1565 2196 regali
1596 2123 1687 2174 sum·

133 2222 327 2316 ptuosoque
354 2245 452 2318 opere
478 2223 706 2318 inchoaverat,
734 2247 853 2319 eorpus
880 2223 952 2299 eius
979 2224 1153 2318 sepelitur.
1199 2223 1292 2319 Quod
1319 2222 1400 2298 lieet
1426 2222 1606 2317 Philippus
1633 2245 1687 2296 er·

134 2342 372 2440 ehiepisoopue
400 2345 645 2440 strigoniensis
672 2347 712 2422 de
740 2345 940 2422 monasterio
967 2345 1157 2420 huiusmodi
1185 2343 1457 2440 perpotentiam
1493 2344 1690 2418 abstulisset

135 2464 171 2538 et
201 2463 240 2538 in
266 2465 441 2542 ecclesiam
468 2489 564 2543 suam
590 2467 858 2564 strigoniensem
886 2467 1131 2560 transtulisset,
1167 2467 1304 2542 reddere
1330 2469 1444 2541 mmen
1471 2466 1570 2558 illud,
1607 2489 1687 2558 qne-

135 2586 247 2660 relam
275 2609 386 2662 eoram
413 2587 606 2684 Apostolieo
621 2581 649 2684 ρ’)
684 2591 862 2665 Fratribus
896 2589 1082 2665 Minoribus
1117 2588 1330 2681 facientibus,
1368 2588 1527 2662 mandato
1558 2587 1687 2661 Summi

135 2707 316 2783 Pontificis
342 2709 497 2804 Gregorii
531 2710 626 2786 tertii
662 2710 873 2804 constrictus,
904 2712 947 2785 ad
974 2711 1180 2806 primaevum
1216 2711 1327 2786 locum
1359 2712 1492 2787 coaetus
1519 2711 1583 2785 est.
1628 2708 1688 2784 (lui

137 2826 235 2902 filius
261 2830 335 2905 eius
361 2830 468 2906 maior
494 2834 578 2906 natu
614 2833 807 2927 stephanus
842 2830 1047 2926 suecessit³l
1074 2832 1109 2906 in
1135 2832 1225 2907 Albe
1251 2831 1360 2928 regali
1395 2832 1583 2923 coronatus,
1612 2853 1688 2926 ger-

137 2970 260 3023 manus
286 2951 393 3026 irater
419 2953 646 3048 Kenegundis
671 2953 899 3029 cracoviensis
925 2953 1097 3046 Decimae,
1126 2953 1290 3029 consortis
1317 2953 1466 3028 Boleslei
1493 2951 1623 3026 Pudiei.

244 3071 380 3148 Decimo
406 3074 570 3149 delendae
597 3073 748 3149 Octobris
775 3074 891 3150 habite
917 3077 969 3150 est
995 3075 1148 3170 synodus
1183 3073 1399 3169 provincialis
1426 3074 1462 3148 in
1489 3072 1609 3168 oppido
1636 3071 1688 3147 Si·

137 3191 288 3268 radiensi
315 3194 355 3269 de
384 3196 541 3274 mandato
568 3195 603 3270 et
629 3195 803 3270 vocatione
821 3195 967 3270 Ianussii
991 3194 1232 3291 archiepiscopi
1250 3195 1465 3286 snesnensis,
1495 3193 1553 3286 qui
1572 3194 1607 3266 in
1625 3193 1689 3267 illa

138 3314 364 3406 personaliter
390 3316 615 3409 praesidebat.
642 3316 696 3390 Ad
714 3339 814 3410 quem
840 3317 968 3392 Paulus
995 3315 1233 3408 Crotoniensis,
1262 3317 1407 3391 'thomas
1425 3313 1688 3391 Wratislavien·

137 3433 198 3526 sis,
228 3435 389 3510 Nicolaus
416 3437 665 3531 Peeneuiensis,
693 3438 815 3513 Petrus
830 3437 859 3532 ⁴)
885 3438 1087 3532 Ploeuensis,
1115 3437 1323 3514 Wilhelmus
1349 3435 1587 3527 hubueuensis,
1617 3434 1688 3529 epi-

139 3555 234 3651 scopi
260 3559 495 3635 marcuerant.

138 3904 321 3980 tudouiour
347 3907 476 3979 lruseie
511 3907 667 3998 hegirter
703 3907 838 3980 moritur
874 3911 908 3980 ot
945 3907 1141 3980 theodricus
1175 3907 1323 3999 eligitur;
1358 3906 1549 4011 lertuinur
1576 3910 1688 3980 eutem

425 4030 548 4102 tomeun
575 4027 786 4119 tulupensem,
813 4027 1010 4102 uleotrieue
1035 4029 1258 4106 louerruieur
1283 4031 1404 4103 umtrt

246 4251 397 4326 Obeunte
423 4251 582 4327 Prussiae
608 4251 773 4347 Magistro
799 4252 967 4329 Ludouieo
983 4253 1011 4347 ⁶)
1037 4254 1078 4328 de
1104 4252 1358 4346 Baldenstheyn
1373 4250 1412 4344 ⁶),
1451 4250 1588 4324 octavus
1614 4251 1688 4324 hia·

141 4371 249 4466 gister
276 4372 480 4448 Theodrieus
507 4374 713 4449 concorditer
739 4375 868 4450 electus
895 4374 1061 4462 succedit;
1090 4376 1125 4449 et
1150 4373 1345 4448 Mestwinns
1371 4371 1589 4447 Pomeraniae
1610 4372 1689 4445 Dux

141 4493 302 4569 hudouici
329 4495 436 4568 morte
471 4494 599 4586 audita,
636 4518 713 4570 eum
743 4495 885 4592 notabili
912 4517 1050 4570 suarum
1076 4495 1230 4590 gentium
1257 4492 1407 4570 exercitu
1442 4497 1567 4568 terram
1607 4493 1686 4566 Gul-

142 4635 292 4698 mensem
318 4613 503 4710 ingressus,
540 4639 614 4692 eam
641 4615 806 4708 ferociter,
844 4616 1037 4710 specialiter
1071 4619 1185 4692 temen
1216 4618 1302 4692 bona
1330 4615 1543 4710 episcopatus
1569 4616 1687 4688 Pome-

142 4734 327 4809 suaniensis
354 4736 462 4827 ferre,
500 4737 619 4830 spoliis
650 4740 685 4812 et
712 4737 875 4812 incendiis
910 4738 1076 4812 deuastat.
1122 4737 1193 4832 Quo
1220 4737 1411 4811 discedente
1442 4759 1517 4810 eum
1545 4735 1688 4830 captiuis

141 4857 176 4928 et
195 4857 329 4950 praeda,
357 4857 561 4932 Theodrieus
588 4858 744 4932 Prussiae
770 4858 936 4953 Magister
962 4858 1061 4932 illum
1089 4861 1293 4952 cumgente
1320 4879 1381 4932 sua
1405 4857 1587 4948 insecutus,
1617 4879 1686 4930 rna-

142 4997 244 5070 gnam
271 4978 488 5053 Pomeraniae
516 4981 658 5073 partem,
696 4979 869 5056 Mestuino
905 4979 1171 5055 uicissitudinem
1203 4981 1362 5070 referens,
1400 4979 1582 5074 populatur
1608 4978 1688 5072 igne

142 5100 177 5171 et
202 5097 316 5172 armis,

249 5307 273 5387 ¹)
294 5309 491 5374 Eualtationis
517 5307 588 5374 eoo.
610 5309 685 5374 Aret.
722 5289 944 5388 tldpostolica
969 5309 1045 5372 seda
1072 5308 1143 5370 (iod.
1166 5310 1259 5404 lioar.
1293 5305 1319 5385 3)
1342 5311 1372 5368 in
1395 5307 1495 5382 Regno
1517 5307 1688 5384 Hungeriae

143 5415 286 5476 succeseit
316 5416 388 5477 Ood.
410 5417 503 5478 Reor.
543 5411 572 5496 ⁴)
594 5416 720 5478 Thomas
741 5414 824 5478 ¹Coei.
847 5417 940 5478 Iloer.
981 5413 1010 5495 ⁶)
1032 5415 1190 5488 Ludouigo
1223 5413 1293 5477 Ood.
1316 5411 1390 5475 Aoi.
1431 5410 1457 5490 ⁰)
1479 5413 1688 5489 Baltensnteyn

144 5519 203 5581 Ed.
226 5520 312 5596 Ilipa.
