4172 6278
359 522 433 596 174
986 542 1098 594 arnna
1124 539 1277 594 saxeus.
1624 517 1692 620 (Α.
1714 519 1761 595 Β.
1781 516 1908 623 1205.)

356 751 474 804 manus
500 751 543 804 ex
570 729 718 804 fastuoso
754 727 906 822 trepidus
933 729 1056 820 laetae,
1085 727 1145 803 vix
1172 727 1298 822 primas
1325 728 1425 820 acies,
1456 729 1655 823 urgentibus
1681 733 1717 806 et
1743 731 1907 807 infestan-

355 852 447 927 tibus
474 851 572 925 illum
591 851 792 926 Polonormn
820 850 1009 946 sagittariis
1035 850 1205 945 explicare
1238 851 1273 925 in
1291 853 1364 925 arto
1385 851 1408 945 ¹)
1434 851 1545 945 spatio
1573 852 1767 947 permissus,
1796 852 1908 948 copias

355 976 390 1048 et
418 973 487 1068 ipsc
515 995 594 1046 suras
620 972 844 1047 tumultuario
873 972 991 1067 magis,
1021 995 1121 1066 quarn
1148 972 1303 1067 legitimo
1332 996 1421 1048 more
1447 973 1559 1048 educit
1586 977 1621 1050 et
1638 974 1748 1070 signis
1774 975 1908 1050 collutis

355 1094 506 1169 dimicat.
534 1094 674 1190 Ingenii
702 1095 846 1169 clamore
873 1097 1076 1187 ab-utroque
1102 1095 1254 1202 exercitu
1281 1097 1426 1191 sublato,
1455 1095 1589 1170 infestis
1615 1096 1743 1172 lanceis
1769 1118 1908 1172 concur-

355 1240 429 1291 sum
456 1219 528 1308 est,
565 1217 600 1292 et
631 1239 738 1308 aequo
774 1216 921 1311 primum
958 1218 1066 1292 hlarte
1102 1217 1268 1311 praelium
1303 1219 1502 1312 gerebatur:
1539 1218 1683 1294 Polonos
1719 1218 1909 1314 indignatio

354 1339 518 1433 quaedam
533 1337 561 1433 2)
599 1338 709 1428 iusta,
749 1339 837 1431 quod
873 1339 1024 1413 vasallus
1051 1361 1164 1413 eorum
1200 1339 1297 1413 nulla
1332 1341 1457 1414 offensa
1492 1340 1623 1431 laesus,
1661 1339 1745 1436 ipsis
1781 1341 1907 1416 bellum

355 1461 446 1535 ultro
472 1460 626 1550 interret,
654 1460 831 1534 Ruthenos
859 1459 1028 1534 libertatis
1055 1459 1215 1535 memoria
1236 1463 1271 1535 et
1289 1461 1368 1533 Dux
1386 1461 1459 1555 ipse
1477 1461 1659 1536 adhortans
1686 1485 1908 1556 unumquem-

355 1605 420 1674 que
447 1581 489 1654 ad
517 1580 751 1656 sustinendum
778 1581 958 1670 certarnen,
988 1580 1201 1656 accendebat.
1242 1582 1458 1656 Polonorum.
1472 1583 1581 1656 Duces
1607 1583 1733 1656 Lestlro
1759 1585 1795 1658 et
1821 1582 1909 1656 Oun-

355 1703 467 1792 radus,
496 1703 560 1777 etsi
589 1703 625 1776 in
652 1701 804 1778 exercitu
832 1705 1027 1797 praesentes
1055 1702 1250 1794 affuissent,
1289 1725 1423 1798 pugnae
1454 1706 1569 1778 tamar
1597 1706 1736 1798 propter
1761 1706 1909 1778 aetatem

355 1825 517 1900 interesse
545 1823 726 1920 prohibiti,
757 1825 935 1919 paululum
963 1849 983 1898 a
1010 1824 1203 1900 certaminis
1231 1825 1302 1900 luco
1330 1824 1559 1918 declinantes,
1588 1825 1718 1902 exitum
1745 1825 1793 1901 rei
1821 1824 1910 1900 inter

356 1970 450 2042 spern
477 1949 512 2022 et
539 1949 665 2022 metum
692 1946 788 2021 anxii
815 1948 1131 2042 praestolabantur,
1171 1947 1206 2020 in
1233 1948 1306 2022 loca
1333 1949 1411 2022 tuto
1437 1970 1513 2023 omn
1540 1949 1734 2024 custodibus
1761 1947 1850 2039 suis,
1879 1947 1908 2022 si

356 2068 510 2144 hostibus
536 2068 692 2144 cessisset
718 2068 869 2158 victoria,
899 2065 1073 2144 diversari.
1117 2069 1260 2144 Interim
1288 2070 1439 2145 fervente
1467 2092 1601 2164 pugna,
1630 2069 1748 2165 primis
1774 2070 1905 2146 Ruthe·

354 2214 472 2266 norum
500 2190 672 2265 ordinibus
708 2213 767 2286 per
799 2192 943 2266 Polonos
969 2191 1124 2266 contritis
1149 2195 1184 2266 et
1211 2193 1411 2286 prostratis,
1440 2192 1640 2266 Polonorurn
1675 2215 1729 2268 res
1764 2191 1907 2283 meliori,

353 2315 591 2390 liuthenorum
618 2312 775 2388 deteriori
802 2313 873 2388 loco
901 2335 973 2388 esse
1000 2315 1121 2408 coepit.
1153 2313 1356 2389 Abundante
1383 2317 1496 2388 manen
1523 2313 1754 2404 multitudine,
1783 2316 1819 2388 et
1841 2315 1908 2388 Ro·

356 2458 453 2512 mano
482 2435 634 2530 integros
661 2457 721 2530 pro
748 2435 945 2510 cadentibus
973 2439 1034 2510 aut
1060 2436 1248 2510 vulneratis
1274 2437 1500 2526 subducente,
1529 2435 1740 2530 providentia
1765 2437 1801 2510 et
1827 2436 1907 2510 soli·

354 2556 505 2632 citudino
540 2556 643 2631 Ducis
678 2555 823 2632 Romani
860 2556 1024 2652 praelium
1066 2558 1101 2631 in
1142 2558 1297 2652 pluribus
1337 2557 1419 2631 locis
1459 2557 1661 2632 inclinatum
1700 2557 1903 2633 restituitur.

355 2678 473 2756 Poloni
496 2678 1119 2772 nonRuthenis,sedllucillon1ano,
1148 2680 1243 2755 velut
1270 2679 1431 2774 proditori
1458 2679 1621 2775 tidelrago
1644 2682 1680 2755 et
1706 2680 1905 2774 transfugae

356 2801 448 2893 irati,
481 2803 524 2876 ad
550 2801 646 2875 illius
673 2800 871 2876 occisionem
897 2802 1134 2878 ardentissime
1162 2802 1375 2898 conspirant,
1403 2805 1439 2877 et
1466 2803 1565 2898 globo
1592 2802 1692 2894 facto,
1721 2803 1910 2877 Romarm

355 2925 444 3000 inter
471 2923 597 3018 primos
623 2927 833 3018 pugnantem
860 2925 896 2999 et
922 2947 966 2999 ex
984 2924 1175 3020 insignibus
1201 2924 1374 3020 cognitum
1400 2923 1510 2999 adorti
1537 2925 1714 2999 invadunt.
1757 2924 1909 2999 Romano

355 3047 439 3121 Deci
458 3044 662 3141 gravissima
680 3049 801 3122 cuncta
824 3044 1131 3141 obversabantura
1158 3047 1274 3138 oeulis,
1306 3067 1425 3120 manus
1452 3045 1609 3122 universa
1635 3045 1795 3137 militurn,
1824 3068 1910 3138 quae

355 3168 444 3242 eirca
470 3167 569 3241 illum
596 3169 814 3262 conglobata,
853 3167 952 3243 illum
984 3169 1148 3243 hactenus
1175 3169 1311 3264 egregie
1337 3168 1545 3260 defenderat,
1574 3192 1595 3242 a
1621 3167 1758 3243 Polonis
1785 3167 1906 3258 deleta,

356 3289 487 3364 strenui
514 3312 553 3365 ac
579 3289 756 3364 fortissimi
784 3289 908 3384 quique
936 3293 1205 3385 propugnatores
1236 3293 1316 3365 ante
1342 3289 1446 3364 Ducis
1473 3289 1526 3364 sui
1554 3312 1613 3364 ora
1639 3288 1746 3380 caesi,
1775 3291 1908 3364 mutuo-

357 3434 421 3506 que
454 3411 611 3486 cadentes
647 3412 764 3506 lugam
800 3415 836 3486 et
871 3411 974 3486 Ducis
1010 3412 1155 3486 Romani
1191 3415 1226 3487 et
1262 3415 1469 3486 caeterorum
1504 3433 1640 3486 suorum
1677 3411 1911 3486 Ruthenorum

357 3533 567 3608 inhibebant.
622 3534 718 3608 Inter
745 3534 828 3608 haec
855 3535 1027 3608 Romanus
1054 3535 1133 3607 Dux
1169 3533 1281 3607 ultimi
1317 3532 1460 3628 periculi
1495 3532 1613 3608 videns
1643 3532 1708 3606 sibi
1735 3531 1910 3606 imminere

358 3653 547 3744 discrimen,
578 3653 644 3727 iam
672 3652 762 3727 enim
790 3655 825 3727 et
852 3676 958 3745 equus
985 3653 1252 3744 cuiinsidebat,
1281 3653 1362 3728 telis
1389 3653 1623 3747 frequentibus
1650 3652 1824 3738 confossus
1851 3673 1909 3725 ex·

358 3778 471 3850 cutcre
507 3775 607 3849 illum
643 3776 840 3870 satagebat,
878 3797 938 3870 per
966 3774 1093 3849 medias
1120 3775 1208 3850 acies
1236 3797 1477 3870 prorumpens,
1506 3775 1549 3849 ad
1575 3775 1714 3850 fluvium
1741 3773 1911 3848 Vistulam

358 3897 522 3991 pervenit,
551 3896 609 3971 ubi
636 3919 741 3989 equus
769 3918 927 3971 corruens
953 3896 1052 3971 illum
1080 3897 1242 3972 deseruit.
1283 3897 1374 3971 Hinc
1400 3918 1477 3971 vero
1504 3895 1613 3971 maius
1640 3899 1793 3971 obortum
1822 3895 1910 3991 peri·

357 4019 491 4108 culum,
528 4040 673 4110 qrrorram
710 4018 806 4092 modo
843 4039 962 4092 manus
998 4020 1050 4093 est
1086 4019 1204 4093 illaeso
1220 4018 1247 4112 6)
1283 4039 1464 4109 evasurus,
1501 4021 1536 4094 et
1562 4017 1701 4093 fivrvium
1728 4017 1910 4094 traiiceret.

357 4141 505 4214 Tandem
533 4141 686 4216 effoetum
715 4141 769 4232 (ut
795 4140 916 4234 fertur)
945 4163 1065 4232 equam
1092 4163 1113 4215 a
1135 4139 1206 4216 suis
1234 4140 1299 4215 sibi
1325 4139 1599 4214 administratam
1625 4142 1820 4232 ascendens,
1848 4141 1910 4214 flu-

357 4262 450 4337 viunr
478 4283 578 4357 aegre
604 4261 797 4356 superavit,
827 4261 976 4336 iumento
1003 4285 1135 4358 quoque
1163 4263 1234 4354 illi,
1264 4287 1329 4354 quo
1356 4263 1509 4338 adiutore
1535 4262 1674 4336 lluviuvn
1702 4263 1858 4338 tranarat
1873 4262 1911 4358 ⁵),

359 4408 426 4459 non
462 4406 557 4458 secus
593 4405 695 4477 quarn
731 4383 865 4478 parenti
901 4405 980 4474 suo,
1020 4407 1079 4478 pro
1116 4407 1178 4460 sua
1203 4385 1315 4459 salute
1342 4384 1472 4479 gratias
1498 4383 1583 4478 egit.
1637 4383 1767 4459 Mixtus
1795 4383 1912 4459 deinde

356 4505 565 4600 fugientium
592 4527 728 4580 suorum
755 4507 895 4598 turbae,
925 4506 1015 4580 inter
1042 4507 1266 4600 permiscuum
1292 4507 1417 4601 vulgus
1444 4527 1465 4580 a
1490 4505 1628 4581 Polouis
1658 4503 1831 4602 fugientes
1857 4505 1908 4579 in-

359 4625 578 4720 sequentibus
614 4628 649 4702 et
686 4627 881 4722 gregarium
917 4627 1061 4702 militem
1097 4628 1170 4702 illis
1193 4629 1223 4722 ⁶)
1259 4627 1554 4720 existimantibus,
1592 4629 1812 4704 obtruncatus
1848 4629 1911 4703 est.

359 4751 448 4824 Dum
477 4748 613 4844 insuper
640 4749 767 4824 milites
794 4753 829 4824 et
855 4753 975 4845 gentes
1002 4750 1146 4824 Romani
1173 4749 1287 4842 Ducis,
1316 4750 1374 4844 qui
1401 4749 1589 4845 periculum
1607 4749 1726 4825 mortis
1752 4750 1912 4846 fugiendo

360 4873 395 4946 et
422 4871 587 4946 tranando
614 4871 761 4947 Wislam
799 4875 994 4964 evaserant,
1032 4871 1068 4945 in
1103 4872 1179 4968 ripa
1214 4874 1323 4948 altera
1350 4871 1480 4948 Wislae
1516 4872 1709 4968 conglobati
1742 4874 1777 4948 et
1804 4872 1911 4962 densi,

359 4993 503 5069 aliorum
530 5015 667 5068 suorum
694 4993 959 5068 commilitonum
997 4995 1240 5090 prospectando
1277 4995 1440 5090 effugium
1472 4996 1623 5087 starent,
1660 4995 1784 5070 humus
1820 4995 1912 5090 ripae

468 5292 493 5370 ¹)
515 5299 598 5356 arcto
628 5295 689 5355 Ed.
717 5294 813 5356 Βοῦν.
860 5288 888 5377 ⁹)
911 5293 1028 5369 quidem
1057 5294 1118 5355 Ed.
1141 5293 1235 5354 Βοῦν.
1281 5290 1310 5373 ³)
1334 5295 1508 5356 observante
1535 5295 1595 5357 Ed.
1618 5293 1713 5356 Βοῦν.
1760 5291 1787 5372 ⁴)
1808 5311 1910 5356 manus

361 5399 540 5460 Polonorum
570 5405 650 5460 esset
675 5397 746 5461 (lod.
769 5400 862 5460 Reor.
900 5415 1003 5468 manus
1032 5399 1149 5473 illorum
1180 5403 1260 5473 esset
1281 5397 1341 5472 Ed.
1363 5399 1459 5474 Βοῦν.
1505 5395 1531 5489 ⁵)
1554 5399 1713 5470 ονοὶοοοῑοῐ
1734 5399 1795 5468 Ed.
1819 5399 1911 5466 Βοῦν.

363 5499 390 5590 ⁶)
412 5504 495 5566 illum
520 5502 591 5567 Cori.
613 5505 707 5578 Roas,
