4192 6272
158 525 216 618 (Α.
236 523 283 602 D.
303 524 427 620 msc.)
747 546 859 600 urana
886 545 1081 602 susumus.
1155 563 1158 572 ·
1632 524 1707 598 503

158 739 221 813 est.
250 737 375 812 Verum
403 759 470 828 quo
498 735 605 810 vitam
633 735 783 810 tutatum
812 733 1050 826 servatumque
1076 732 1227 824 venerat,
1251 730 1325 808 illic
1343 731 1397 806 illi
1417 731 1440 827 ¹)
1466 731 1558 808 brevi
1594 733 1711 828 erepta

157 861 218 934 est
244 859 410 934 Nonnulli
437 856 603 950 siquidem
631 855 789 952 Hongari
816 854 1044 931 eradislao
1071 854 1268 950 Hungariae
1294 855 1389 951 Rege
1416 855 1564 951 corrupti
1591 859 1626 932 et
1645 857 1708 930 im-

157 980 265 1072 missi,
295 981 338 1054 ad
363 979 534 1056 Andrecm
562 977 688 1052 Ducem
714 978 751 1051 in
778 977 961 1068 Ghroborn,
992 976 1087 1068 quasi
1115 975 1167 1050 sui
1188 975 1363 1068 fidissimi,
1394 999 1453 1072 per
1479 978 1708 1054 wladislaum

157 1102 286 1197 Regem
312 1101 522 1196 Hungarioo,
552 1099 617 1174 nisi
645 1099 869 1194 aufugissent,
897 1098 1018 1174 ultimo
1046 1098 1212 1194 supplicio
1240 1100 1377 1194 propter
1404 1099 1550 1176 favorem
1578 1101 1613 1175 in
1636 1101 1708 1178 An·

156 1223 270 1298 dream
311 1223 546 1318 depromptum
574 1242 609 1295 se
636 1221 837 1295 sirnulantes
863 1221 1066 1314 plectendos
1095 1219 1308 1314 perveniunt.
1345 1221 1409 1316 Qui
1435 1222 1632 1299 charissimo
1658 1224 1710 1298 oi-

158 1345 250 1418 fectu
277 1346 320 1418 ab
345 1343 482 1419 Andros
509 1344 611 1435 Duce,
640 1343 735 1418 velut
761 1342 1005 1437 compatientes
1032 1344 1066 1414 et
1094 1343 1281 1434 unanimes,
1314 1343 1396 1419 licet
1423 1345 1540 1438 pectus
1569 1346 1709 1440 proditi-

157 1464 263 1559 onoi)
289 1465 452 1539 refertum
481 1465 668 1559 gestarent,
697 1462 848 1554 tractati,
876 1462 948 1537 viso
975 1464 1162 1556 opportuno
1189 1463 1359 1558 tempore,
1388 1465 1514 1540 Dircam
1541 1464 1710 1541 Andrean

105 1659 109 1666 ,
158 1586 438 1681 comprehensum
478 1585 513 1660 in
541 1584 677 1660 flumine
704 1583 803 1674 Nida,
832 1584 889 1676 qui
917 1582 1036 1658 villam
1064 1583 1228 1660 Ohrobem
1256 1584 1468 1677 circumfluit,
1498 1586 1585 1661 nihil
1614 1609 1710 1682 prae·

156 1710 286 1782 sentem
313 1709 348 1782 et
374 1707 579 1803 hospitalem
607 1705 706 1782 veriti
733 1706 851 1796 Deum,
881 1707 1113 1800 submergunt,
1143 1706 1333 1800 scelereque
1352 1706 1544 1782 huiusmodi
1564 1711 1709 1804 patrato,

156 1831 340 1921 antequam
366 1829 575 1924 vulgaretur,
604 1827 829 1922 Hungariam,
868 1825 1033 1902 carnificii
1060 1825 1113 1899 sui
1142 1827 1297 1901 meritum
1325 1829 1367 1902 ab
1394 1827 1591 1925 Huugarioe
1617 1831 1711 1925 Rege

105 2045 110 2052 Ι
156 1948 358 2040 Wlodislao,
387 1949 482 2026 cuius
508 1949 667 2028 mandato
702 1947 790 2022 illud
816 1949 976 2042 egerant,
1006 1947 1217 2042 percepturi,
1246 1947 1441 2044 diffugiunt.
1487 1950 1613 2046 (lorpus
1639 1949 1711 2026 An·

156 2071 256 2146 drese
282 2071 384 2148 Ducis
411 2095 433 2146 a
458 2071 575 2148 nautis
601 2070 636 2144 in
663 2068 802 2144 flumine
818 2065 847 2162 ³)
872 2071 1055 2163 repertum,
1085 2068 1230 2163 primunr
1257 2070 1348 2165 apud
1366 2072 1607 2146 monasterium
1640 2073 1658 2146 f
1696 2115 1710 2128 ·

158 2196 250 2268 trum
277 2193 445 2270 llinorum
472 2193 508 2267 iu
536 2191 694 2284 Romaiu,
723 2191 799 2286 post
826 2211 949 2286 paucos
975 2213 1053 2266 vero
1080 2190 1162 2284 dies,
1191 2190 1387 2285 providente
1415 2193 1631 2270 devotissima
1657 2195 1707 2268 f-

158 2313 252 2388 mina
278 2314 486 2409 Kunegundi
513 2313 723 2390 dracoviensi
750 2312 893 2386 Ducisso
928 2333 989 2386 sua
1016 2314 1219 2403 mamertem,
1248 2313 1291 2387 ad
1317 2315 1556 2390 monasterium
1584 2316 1709 2393 Sando-

157 2457 275 2512 caense
303 2437 432 2512 decima
465 2436 582 2512 octavo
609 2434 807 2512 Novembris
832 2433 887 2508 die
914 2435 1090 2510 deductum
1120 2437 1182 2536 est.
1210 2435 1274 2509 Pro
1301 2435 1396 2521 quius
1428 2439 1573 2512 amorte
1599 2459 1710 2514 resus-

157 2557 320 2633 citatione
355 2557 663 2634 sanctimonialium
689 2537 892 2651 importunis
918 2555 1072 2650 precibus
1100 2554 1231 2631 devicta
1267 2556 1515 2634 ferventissima
1550 2560 1711 2636 orationis

160 2679 409 2775 supplicatione
423 2679 451 2774 ⁴)
479 2679 514 2754 in
542 2677 673 2774 privato
700 2677 844 2754 oratorio
872 2676 1043 2768 instante,
1071 2679 1141 2753 tres
1181 2677 1344 2754 moniales
1380 2678 1482 2754 variis
1516 2683 1552 2756 et
1577 2682 1712 2758 vicariis

157 2801 330 2877 exauditis
356 2801 502 2892 vocibus,
531 2800 690 2875 videlicet
717 2797 905 2890 Gortrudis,
933 2796 1144 2894 Aldegnudis
1181 2803 1216 2873 et
1243 2797 1492 2892 Gruimislavva,
1530 2803 1574 2876 ad
1600 2805 1710 2880 orato·

160 2923 250 2998 rium
278 2923 498 3018 praedictum,
528 2921 564 2995 in
591 2945 656 3013 quo
682 2923 717 2996 et
744 2942 863 3016 corpus
889 2920 1034 3014 praefati
1061 2919 1214 2996 Andreae
1238 2921 1341 2997 Ducis
1377 2921 1510 2998 iacebat
1544 2926 1710 3016 exanime,

160 3046 351 3121 accurrunt.
379 3045 426 3117 Et
452 3043 605 3120 videntes
645 3042 807 3118 laminam
848 3043 983 3118 beatam
1010 3042 1253 3138 Kunegundim
1289 3043 1467 3138 splendore
1504 3044 1711 3122 illustratam

159 3166 310 3258 coelesti,
338 3165 442 3241 etiam
469 3165 565 3240 illam
593 3187 668 3241 cum
694 3164 894 3258 quibusdam
921 3163 1092 3258 personis,
1122 3185 1264 3256 quarum
1299 3186 1407 3258 neque
1430 3166 1623 3260 essentiam,
1652 3191 1710 3244 ne·

159 3311 225 3381 que
252 3309 430 3384 porsonam
455 3287 568 3364 videre
595 3288 763 3382 poterant,
792 3285 1049 3377 colloquentem,
1089 3287 1307 3378 quaerentem
1334 3307 1465 3380 quoque
1492 3290 1529 3364 et
1552 3310 1713 3385 responsa

160 3409 393 3505 accipientem,
422 3409 624 3506 percipiunt
670 3407 795 3483 Vident
821 3409 857 3482 ot
883 3407 919 3482 in
946 3429 1080 3502 corpore
1119 3407 1273 3484 Andreae
1309 3407 1411 3484 Ducis
1445 3408 1510 3484 tilii
1546 3410 1712 3506 Stephani

159 3531 359 3627 Hungariae
384 3531 502 3626 Regis,
531 3530 659 3626 pridem
687 3529 786 3604 undis
813 3531 903 3622 apud
930 3528 1093 3605 llhrobera
1121 3529 1286 3622 suffocati,
1324 3529 1562 3608 vivificationis
1597 3536 1633 3608 ot
1658 3556 1710 3609 ro·

161 3653 379 3729 surrectionis
406 3652 523 3746 signu:
551 3652 594 3726 ud
622 3652 708 3744 quod
735 3650 911 3726 benedicta
926 3651 954 3743 ⁵)
981 3650 1107 3725 lomina
1133 3651 1358 3747 Kunegundis
1394 3652 1620 3730 llmoovionsis
1639 3655 1710 3729 Do·

161 3776 250 3850 cissa
275 3775 433 3849 accadens
447 3773 487 3868 ὅ),
525 3777 560 3848 et
586 3773 686 3866 pedes
713 3772 808 3846 illins
844 3774 1008 3866 tangens,
1037 3794 1175 3866 surgere
1210 3772 1297 3847 illud
1333 3774 1516 3868 prohibuit
1562 3775 1710 3871 Quiesce,

161 3896 305 3990 quiesce,
333 3895 455 3988 iuquit,
484 3895 642 3984 quoniam
669 3893 719 3968 ita
745 3892 1007 3968 clementissimo
1034 3895 1091 3966 tuo
1118 3895 1153 3968 ot
1184 3915 1255 3968 meo
1274 3893 1444 3970 salvatori
1463 3897 1711 3991 beneplacitum

160 4021 215 4093 est
240 4019 276 4092 st
300 3997 379 4090 tuae
405 4015 586 4092 salvationi
614 4034 809 4110 congruum,
833 4015 874 4093 ,in
901 4035 992 4108 pace.
1027 4015 1073 4088 m
1100 4014 1192 4088 illico
1218 4014 1327 4110 signis
1346 4015 1436 4092 vitae
1463 4017 1505 4092 ud
1533 4017 1713 4112 imperiosa

158 4141 261 4215 verba
286 4137 575 4228 evanescentibus,
603 4137 715 4212 funeri
742 4159 804 4210 sua
830 4138 865 4210 et
892 4135 1010 4210 mortis
1037 4135 1137 4230 signa
1164 4135 1294 4210 reddita
1321 4139 1412 4229 sunt,
1441 4159 1628 4232 corpusque
1654 4161 1707 4215 so·

162 4259 304 4355 pulchro
331 4259 535 4334 mandatum.
575 4259 657 4332 llum
698 4260 811 4346 autem
839 4257 965 4334 femina
1001 4257 1176 4332 benedicta
1201 4256 1426 4353 Kunegundis
1452 4281 1511 4354 pur
1537 4259 1713 4355 religiosos

162 4385 200 4460 et
224 4383 361 4456 devotas
388 4380 440 4454 sui
468 4379 594 4454 ordinis
620 4401 760 4468 sorores,
789 4400 849 4452 cur
874 4379 1044 4452 mortuum
1071 4400 1190 4472 corpus
1216 4378 1348 4473 nepotis
1367 4379 1421 4454 sui
1438 4381 1541 4456 Ducis
1559 4380 1712 4457 Andreae

161 4524 337 4596 resurgam
364 4525 430 4576 non
457 4500 605 4592 sinisset,
634 4501 871 4592 quaereretur,
899 4499 1036 4573 silentio
1077 4499 1278 4574 multifariis
1312 4499 1442 4577 vicibus
1479 4501 1709 4596 quaestionem

163 4623 321 4700 absolvit.
367 4621 592 4697 Asororibus
628 4624 742 4694 autem
769 4619 951 4696 identidem
988 4621 1128 4711 vexata,
1157 4623 1257 4715 rupto
1293 4621 1449 4714 silentio,
1479 4625 1712 4715 quaerentium

163 4743 337 4820 molestias
364 4765 522 4834 evasura,
551 4745 622 4817 tres
648 4741 755 4816 fuisse
792 4763 912 4816 causas
948 4741 1111 4817 divinitus
1146 4741 1212 4816 sibi
1247 4744 1434 4836 revelatas,
1464 4746 1600 4839 propter
1628 4767 1712 4837 quas

163 4864 288 4940 mortui
314 4863 468 4942 Andreae
495 4863 598 4939 Ducis
624 4864 765 4938 cadaver
791 4863 834 4938 ad
861 4883 975 4956 preces
1002 4885 1080 4937 suas
1119 4861 1328 4938 vivificatum
1364 4887 1431 4938 non
1457 4863 1613 4956 exstitit,
1641 4865 1713 4940 odi·

162 4987 229 5064 xit.
256 4987 380 5078 Unam,
404 4985 493 5078 quod
519 5007 608 5061 mors
634 4985 689 5060 illi
716 4984 873 5076 salubris,
901 4986 936 5060 et
963 4985 1058 5059 nullo
1085 4985 1223 5079 peccato
1253 4985 1390 5061 mortali
1417 5007 1477 5080 pro
1503 5009 1544 5063 oa
1569 4986 1641 5063 vioe
1667 4987 1713 5060 ir·

273 5279 298 5360 ¹)
320 5281 381 5341 illio
403 5283 445 5342 ibi
468 5283 496 5344 ei
523 5281 593 5342 Ood.
616 5281 708 5340 Reor.
734 5279 762 5349 2)
785 5281 960 5354 proditionis
986 5279 1057 5342 (lod.
1081 5278 1156 5342 Aret.
1180 5277 1208 5355 3)
1229 5282 1260 5340 in
1283 5279 1402 5341 flumine
1424 5277 1502 5342 Nida
1527 5279 1597 5343 (iod.
1620 5277 1714 5342 moer.

165 5383 193 5462 4)
216 5385 439 5460 supplicationis
462 5386 594 5446 oratione
616 5385 676 5444 Ed.
701 5380 785 5460 Dipo.
811 5380 840 5460 Ι5)
861 5385 950 5444 beuta
971 5384 1031 5444 Ed.
1054 5379 1140 5459 Lipe.
1171 5381 1200 5461 ὅ)
1224 5401 1288 5448 cnm
1309 5385 1456 5459 religiosis
1479 5391 1509 5446 et
1531 5385 1644 5446 devotis
1667 5403 1715 5448 so·

163 5490 280 5550 roribus
303 5490 446 5551 accedens
473 5488 544 5551 Ood.
566 5489 660 5550 Roer.
