4140 6298
403 540 477 614 350
685 539 689 544 '
1008 559 1119 610 urnas
1146 559 1338 610 senuimus.
1684 535 1745 630 (Α.
1766 535 1812 610 Ι).
1834 537 1953 630 1255.)ι

403 770 460 842 per
489 769 524 822 se
550 769 594 820 ex
620 747 729 820 oestro
756 747 914 841 Bytbom,
949 747 1021 820 turn
1050 767 1110 840 per
1136 746 1379 821 Praemisleum
1406 745 1442 820 et
1468 747 1662 822 Boleslaum
1688 746 1826 822 Maioris
1855 747 1948 821 Polo-

402 869 479 944 niae
506 871 615 944 Duoes
641 871 676 943 et
703 891 816 942 eorum
844 870 965 962 gentes
992 891 1051 962 pro
1078 869 1231 942 Ouuredo
1259 869 1361 958 Duae,
1400 868 1494 942 velut
1521 890 1643 963 genero
1671 890 1740 960 suo,
1770 868 1948 963 interposi·

401 995 467 1083 tas,
496 991 672 1066 Boleslaus
709 991 832 1066 Caluus
868 989 1108 1086 Loguiozeusis
1135 992 1169 1064 et
1197 989 1364 1065 Henrious
1391 989 1684 1065 Wratieimiensis
1719 993 1841 1082 Duees,
1878 1013 1949 1065 auin

402 1115 437 1188 et
463 1135 484 1186 a
511 1111 655 1206 propriis
683 1111 850 1186 militibus
885 1134 1124 1206 saepenumero
1161 1113 1202 1185 ob
1237 1133 1309 1184 eam
1338 1109 1496 1185 iniuriam
1524 1113 1751 1206 carperentur,
1789 1112 1948 1202 sedaturi,

403 1235 491 1328 apud
519 1233 728 1329 Glogouiam,
758 1233 873 1307 uocato
900 1233 1051 1307 Conrado
1080 1235 1171 1308 Duae
1199 1234 1314 1324 fratre,
1344 1233 1733 1328 consensissemus.
1779 1233 1848 1307 Ubi
1877 1237 1950 1326 post

403 1356 534 1448 aliquot
569 1356 739 1431 tractatus
775 1378 833 1449 pro
862 1378 943 1449 paee
976 1357 1010 1430 ot
1038 1354 1212 1430 oonoordia
1240 1354 1467 1449 interpositos,
1505 1377 1579 1429 eum
1606 1377 1708 1430 eausa
1733 1355 1838 1430 Duois
1864 1355 1949 1429 Gur·

404 1478 475 1552 radi
504 1479 623 1572 suapte
659 1477 830 1551 iniustitia
857 1479 948 1552 alara
975 1477 1074 1567 esset,
1111 1478 1257 1550 Thomna
1294 1476 1585 1552 Wratislauiensis
1621 1476 1766 1571 episcopi
1793 1479 1830 1552 et
1858 1479 1949 1550 baro-

404 1623 484 1674 uum
511 1600 737 1674 oomumnium
771 1599 911 1674 arbitrio
946 1601 1025 1674 Dux
1052 1600 1229 1674 Boleslaus
1256 1597 1506 1694 Legnionensis,
1535 1598 1688 1691 quamuis
1715 1598 1951 1693 multiplieiter

404 1723 596 1797 detrectans
623 1723 658 1795 et
684 1720 857 1814 resistens,
885 1723 920 1796 et
947 1720 1131 1796 Heurioum
1154 1720 1467 1796 wratislaviensem
1495 1720 1593 1794 iuxta
1620 1743 1659 1796 aa
1686 1742 1721 1794 se
1747 1721 1790 1794 sd
1808 1721 1950 1794 dandam

403 1865 544 1934 aequam
563 1843 715 1918 buniade
734 1844 858 1918 sortem
886 1842 996 1918 deberi
1025 1845 1192 1933 astruens,
1222 1841 1441 1933 conuincitur,
1471 1845 1510 1916 ut
1528 1843 1620 1916 solus
1648 1841 1719 1936 ipse
1745 1841 1950 1936 Ieguieaeu·

404 1988 473 2038 som
502 1965 669 2039 Duoatum
696 1985 771 2040 oum
799 1965 962 2056 Conrado,
991 1965 1086 2038 veluit
1113 1963 1277 2058 portionis
1304 1986 1385 2039 suae
1411 1965 1573 2054 oonsorte,
1603 1962 1741 2055 diuidat,
1769 1963 1949 2037 Heurioum

403 2109 481 2160 vero
507 2085 825 2162 wratislaviensem
860 2088 997 2178 Ducem,
1034 2087 1243 2160 oum-trater
1277 2085 1366 2160 alius
1394 2107 1575 2180 germanus
1602 2085 1812 2160 Wladislaus
1838 2085 1949 2160 Salou-

403 2207 582 2303 bungonsis
609 2207 796 2302 episeopus,
826 2231 900 2282 aum
929 2232 994 2300 quo
1022 2207 1075 2280 illi
1104 2207 1305 2282 consortium
1333 2206 1550 2302 Prirroipatus
1577 2206 1732 2302 contigit,
1769 2206 1867 2281 riuus
1893 2229 1949 2281 exu

404 2331 482 2420 stet,
512 2330 555 2403 ad
582 2329 794 2424 largiendum
832 2329 961 2421 aliquid
997 2330 1149 2404 eunrado
1185 2331 1225 2403 de
1252 2353 1312 2402 sua
1340 2331 1429 2404 sorte
1457 2353 1523 2404 non
1551 2329 1670 2404 teneri.
1717 2329 1789 2420 Quo
1818 2329 1948 2421 quidem

403 2453 534 2527 deoreto
570 2453 749 2526 Boleslaus
786 2451 1023 2546 Iiogniouensis
1059 2453 1138 2524 Dux
1173 2451 1349 2542 adiuratus,
1387 2451 1647 2546 Legnioaensem
1684 2452 1850 2526 Duoatum
1878 2473 1949 2526 oum

405 2575 576 2666 Ouarada,
614 2574 695 2648 data
730 2573 927 2668 uunraoo‘p
962 2573 1146 2668 Glogouia,
1185 2573 1249 2648 sibi
1277 2596 1352 2648 uero
1380 2573 1548 2668 bagnione
1574 2575 1760 2664 reseruata,
1788 2597 1856 2648 non
1884 2573 1951 2647 sine

405 2695 580 2770 anxietate
607 2698 642 2770 et
669 2695 924 2770 exacerbatione
951 2694 1140 2769 uehementi
1168 2718 1211 2769 ex
1238 2717 1343 2788 eoquo
1369 2695 1501 2769 dividit.
1530 2694 1703 2769 Ounradus
1731 2693 1847 2785 itaque
1874 2694 1949 2769 Glo-

405 2817 538 2912 gouiam
566 2815 718 2909 sortitus,
758 2820 793 2892 et
819 2817 949 2891 tributa
975 2839 1060 2908 quae
1076 2814 1105 2911 ³)
1131 2816 1236 2891 uariis
1267 2816 1363 2890 uillis
1389 2819 1424 2891 et
1451 2815 1583 2912 oppidis
1610 2816 1646 2891 iu
1673 2815 1894 2911 Legniauensi
1920 2817 1951 2889 et

405 2939 680 3015 Wratislauiensi
720 2939 906 3014 Duoatibus
946 2937 1152 3034 imposuerat
1167 2935 1214 3033 ⁴),
1257 2940 1390 3012 relaxat
1428 2941 1463 3014 et
1499 2940 1632 3014 obsides
1676 2938 1761 3014 Duoi
1808 2937 1949 3014 Hauriro

406 3060 570 3136 restituit.

639 3428 773 3520 strong
799 3430 868 3501 box
894 3429 1085 3502 tithuaniae
1114 3433 1252 3518 orestus,
1280 3428 1432 3520 oppidum
1460 3427 1572 3501 bublin
1600 3429 1717 3502 exurit.

513 3671 657 3764 blendog
684 3672 762 3744 Dux
788 3670 994 3744 Litbuauiae
1022 3670 1058 3743 iu
1086 3671 1214 3765 Regem
1234 3668 1438 3744 Lithuaniee
1457 3691 1558 3763 opera
1585 3671 1743 3744 Fratrum
1772 3671 1954 3746 Oruoifero-

409 3815 494 3882 runi,
524 3791 732 3866 authoritate
750 3791 938 3865 Iurrooeutii
957 3794 1068 3886 Papae
1087 3791 1211 3884 qumti,
1240 3815 1277 3866 oo
1296 3815 1383 3866 anno
1401 3795 1546 3882 euentus,
1576 3793 1697 3886 oppido
1724 3793 1851 3866 Lubliu
1879 3795 1957 3866 tuno

409 3915 524 4009 ligneo
550 3915 682 4004 exusto,
721 3913 886 4006 fastisque
914 3913 949 3986 in
977 3913 1050 3987 eius
1078 3913 1220 3988 oirouitu
1253 3913 1371 3987 multis
1408 3913 1540 4008 praedis
1567 3916 1602 3988 et
1629 3914 1758 4008 spoliis,
1796 3913 1957 4008 plurimos

409 4037 560 4130 captiuos
587 4037 710 4109 duoens
726 4035 767 4129 ⁵),·
796 4034 830 4108 in
858 4034 1077 4108 Lithuaniam
1105 4035 1277 4110 remoavit.
1307 4035 1443 4110 Eueotio
1471 4037 1582 4110 autem
1610 4059 1671 4109 sue
1698 4035 1733 4109 iu
1756 4035 1958 4109 Lithuaniae

410 4139 551 4252 Regem,
590 4157 665 4231 dolo
692 4160 727 4231 et
754 4159 830 4230 astu
867 4157 1026 4230 Fratrum
1063 4156 1306 4231 Orruoiferorum
1343 4181 1385 4231 ex
1421 4157 1532 4232 radios
1569 4157 1732 4232 auaritiae
1768 4157 1955 4251 procurata,

410 4278 618 4354 breviusculo
646 4280 771 4353 durans
799 4281 947 4374 tempore
974 4278 1140 4372 disperiit,
1170 4281 1347 4374 postquam
1375 4279 1538 4374 Magister
1556 4279 1711 4354 Prussiae
1733 4282 1768 4355 et
1786 4279 1873 4353 Ordo
1891 4281 1957 4359 tere

411 4422 466 4474 ras
484 4399 689 4475 Lithuauiae
709 4403 744 4475 et
763 4399 971 4494 Samagitiae
998 4401 1040 4474 ab
1067 4424 1104 4474 eo
1133 4399 1196 4475 sibi
1223 4400 1364 4474 donatas
1391 4402 1426 4475 et
1453 4401 1632 4496 inseriptas
1652 4399 1724 4475 deri
1742 4401 1956 4494 expetebant.

568 4763 716 4838 nastrum
743 4765 843 4838 itate}
869 4766 1036 4838 Ponaraui
1064 4767 1173 4879 subita
1200 4771 1235 4838 et
1260 4767 1427 4858 inopinata
1459 4766 1637 4858 irruptione
1665 4766 1807 4858 sapiunt.

516 5006 582 5079 Ora
609 5004 766 5079 Slesitioa
795 5005 852 5080 uix
879 5006 1042 5097 quietata,
1072 5030 1201 5081 rursum
1231 5007 1267 5080 in
1294 5007 1493 5083 Pomerauia
1519 5009 1646 5082 bellum
1666 5007 1822 5082 refulsit:
1851 5009 1959 5082 Suau-

411 5127 571 5222 topatius
599 5125 765 5217 siquidem
792 5127 1011 5203 Pomeraniae
1038 5129 1117 5201 Dux
1144 5151 1258 5224 paoem
1288 5129 1359 5224 peti
1388 5151 1453 5203 non
1472 5130 1599 5222 valens,
1627 5129 1836 5225 Maeuugium
1856 5127 1959 5203 filium

522 5404 545 5483 ¹)
568 5412 741 5467 conventum
765 5407 843 5468 deest
865 5407 901 5466 ia
926 5406 996 5468 Ood.
1020 5405 1092 5466 Aut.
1118 5404 1145 5485 Ω)
1162 5409 1190 5468 ei
1209 5407 1279 5470 Cori.
1304 5409 1396 5470 Roar.
1421 5405 1448 5495 ³)
1465 5409 1626 5480 tributein
1653 5407 1723 5480 Ood.
1747 5409 1841 5479 Beer.
1866 5403 1893 5498 ⁴)
1910 5408 1960 5474 im·

416 5511 515 5588 posita
540 5509 611 5579 Cori.
634 5511 726 5579 Reae.
752 5505 778 5599 ⁵)
794 5511 941 5572 deducens
969 5509 1039 5587 Cori.
1062 5513 1155 5586 Rebar,
1559 5503 1568 5516 “
