4140 6298
385 534 459 609 266
992 555 1105 609 ursus
1132 555 1327 610 sarsurus.
1677 531 1741 630 (Α.
1761 531 1808 612 D.
1828 534 1936 630 1241.)

385 745 528 841 Regum,
557 742 598 820 de
625 767 693 836 qua
719 745 761 819 ab
789 742 1060 840 exploratoribus
1091 743 1213 822 certior
1248 741 1359 822 iactus
1385 743 1471 838 erat,
1500 743 1535 822 et
1562 742 1738 840 signanter
1763 745 1934 823 llcclesiao

384 869 556 943 Romanae
583 887 658 941 cum
685 865 833 962 Imperio
859 866 1070 960 discordiam,
1100 867 1313 944 Occidentem
1340 865 1439 944 iuxta
1465 869 1569 960 atque
1596 867 1767 945 Orientem
1794 891 1934 964 occupa·

383 996 510 1065 turum.
538 988 689 1063 Primum
708 987 824 1083 itaque
843 989 1028 1066 Russorum
1048 989 1261 1086 amplissima
1286 991 1407 1086 Regna
1434 1012 1510 1065 cum
1537 989 1726 1085 Pbartaris,
1754 992 1935 1085 antequam

383 1113 419 1187 in
447 1111 726 1187 innumerabilem
753 1113 890 1207 gentem
918 1113 1115 1204 crescerent,
1153 1113 1291 1204 bellare,
1320 1113 1569 1206 shurmrosquc
1595 1113 1728 1190 uincere
1753 1114 1789 1189 et
1815 1113 1934 1208 fugare

382 1234 496 1326 solita,
525 1232 679 1326 Tanaim,
708 1232 880 1327 Wolbam,
909 1233 1055 1330 Dnyepr,
1085 1235 1232 1331 Dnyestr
1249 1255 1366 1310 amnes
1385 1235 1675 1330 profundissimos,
1704 1235 1787 1313 item
1805 1237 1935 1311 montes

383 1357 605 1448 sermotiem,
643 1376 726 1450 quos
762 1357 797 1432 ct
828 1355 940 1432 Silvas
977 1377 1119 1453 magnas
1153 1357 1376 1452 appellamus,
1414 1379 1589 1452 superans,
1627 1357 1769 1450 inuadit,
1806 1356 1934 1449 illaque

381 1479 506 1555 obterit
532 1479 567 1553 ct
594 1477 767 1566 deaastat;
796 1479 978 1554 nonnullos
1005 1501 1137 1574 quoque
1165 1479 1399 1556 Rutheuorum
1428 1479 1602 1576 Principes
1634 1480 1811 1557 decernere
1838 1501 1935 1554 ausos

383 1601 475 1677 incili
504 1599 639 1695 negotio
666 1599 825 1676 derirncit.
864 1600 951 1676 Mira
977 1601 1097 1678 deinde
1124 1601 1299 1678 celeritate
1326 1601 1362 1676 in
1389 1601 1562 1678 Poloniam
1589 1601 1693 1695 uenit,
1722 1604 1757 1679 et
1783 1603 1848 1676 duo
1875 1623 1934 1696 op·

382 1725 463 1819 pida
490 1723 525 1797 in
552 1720 694 1798 Polonia
719 1744 760 1798 ea
786 1707 992 1817 tempestate
1011 1725 1185 1818 populosa,
1210 1721 1335 1799 Lublin
1362 1725 1400 1800 et
1424 1723 1622 1816 Zawichost,
1650 1723 1845 1816 uicinosque
1862 1721 1934 1796 illis

382 1845 559 1920 districtus
594 1846 630 1919 et
666 1843 821 1939 regiones
857 1846 1038 1939 praedatur
1074 1848 1109 1920 et
1146 1846 1312 1922 deuastat.
1358 1845 1551 1939 Videasque
1578 1868 1614 1922 se
1641 1846 1774 1943 ingenti
1810 1845 1934 1942 praeda

381 1967 589 2063 captiuorum
616 1965 791 2059 utriusque
819 1987 921 2041 sexus
947 1989 991 2043 ex
1017 1966 1153 2042 Polonis
1180 1970 1215 2043 et
1233 1967 1403 2044 Ruthenis
1430 1969 1530 2063 capta
1556 1969 1725 2060 onumum,
1753 1991 1814 2063 per
1831 1967 1931 2058 riam,

381 2113 449 2182 qua
475 2089 626 2179 venerat,
656 2087 691 2160 in
718 2087 880 2162 Rosciam
907 2088 1006 2180 redit,
1035 2088 1246 2184 captiuisque
1274 2089 1310 2164 in
1337 2091 1411 2166 locs
1437 2111 1554 2166 secura
1580 2089 1742 2198 deductis,
1771 2089 1807 2164 in
1835 2089 1932 2163 Polo-

380 2212 472 2287 niam
499 2210 704 2286 festinanter
731 2231 897 2303 resersus,
926 2209 1005 2306 Bag
1028 2213 1063 2286 et
1081 2211 1194 2288 Wisla
1215 2211 1238 2306 Ι)
1265 2211 1460 2288 fluminibus
1486 2212 1647 2288 Poloniae
1672 2211 1856 2288 transitum
1875 2231 1933 2306 por

380 2334 525 2430 glaciem
552 2330 802 2428 praebentibus,
831 2331 866 2405 in
894 2331 1139 2408 Sandomiriam
1166 2333 1272 2426 venit,
1301 2337 1336 2410 et
1354 2335 1425 2410 tam
1452 2337 1562 2411 castro
1589 2357 1690 2429 quarn
1708 2333 1830 2430 oppido
1848 2333 1932 2407 San-

380 2454 573 2532 domiriensi
600 2451 750 2547 undiquc
775 2453 946 2530 obsidione
973 2457 1141 2532 coarctato
1173 2457 1208 2532 et
1234 2456 1371 2532 tandem
1399 2459 1613 2553 expugnato,
1642 2454 1934 2552 Koprniarniccen·¹

380 2602 452 2654 sem
479 2577 696 2653 abbatemet
723 2597 838 2652 omnes
865 2577 989 2654 fratres
1016 2577 1133 2653 domus
1153 2577 1489 2674 ¹Kopraiunicncnsis
1524 2579 1651 2654 ordinis
1687 2577 1930 2668 disterciensir,

379 2705 415 2778 et
440 2722 602 2796 magnum
629 2701 700 2774 mm
727 2698 1028 2775 ecclesiasticorum
1047 2723 1149 2792 qnam
1168 2700 1401 2794 saecularium,
1427 2703 1499 2778 tam
1513 2701 1659 2778 uirorum
1686 2723 1787 2796 quam
1806 2703 1931 2776 matro-

379 2847 511 2915 narum,
548 2821 714 2898 nobilium
739 2823 775 2897 et
802 2821 1008 2916 plebeiorum
1037 2823 1212 2916 utrimque
1243 2845 1357 2915 sexus,
1397 2823 1456 2917 qui
1484 2824 1567 2901 illuc
1593 2824 1706 2920 gratia
1731 2842 1933 2900 conservam*

380 2949 441 3022 dae
468 2946 559 3022 ritae
587 2946 649 3019 aut
675 2943 875 3020 defendendi
902 2943 966 3020 loci
994 2947 1233 3041 confugerant,
1270 2968 1446 3022 numerum
1487 2946 1653 3039 occidunt,
1682 2946 1931 3038 maximamque

379 3072 531 3165 stragem
559 3065 595 3140 in
622 3086 720 3141 senes
737 3068 773 3142 st
789 3065 981 3161 impuberes
1007 3069 1123 3160 edunt,
1152 3067 1268 3163 paucis
1295 3067 1477 3164 puberibus
1503 3071 1659 3165 parcunt,
1688 3091 1771 3162 quos
1788 3071 1824 3144 st
1842 3068 1931 3162 ipsos
2067 3153 2068 3158 Ν

378 3191 474 3268 uelut
500 3175 666 3265 uilissima
693 3187 864 3284 mancipia
890 3188 973 3264 diris
1000 3189 1241 3285 constringunt
1267 3190 1495 3286 compedibus.
1523 3190 1665 3268 Excidio
1692 3193 1764 3267 tam
1791 3189 1931 3265 immani

379 3312 469 3408 apud
496 3308 742 3386 Sandomiriam
768 3311 854 3402 acto,
884 3332 943 3405 per
960 3310 1137 3386 Visliciam
1156 3311 1191 3386 et
1209 3311 1471 3404 Scarbimiriam,
1501 3311 1634 3387 nemine
1661 3311 1819 3387 resistere
1837 3333 1928 3401 auso,

378 3456 495 3510 sersus
520 3431 726 3524 tlracoriam,
764 3431 923 3508 ducatum
959 3431 1031 3508 illis
1058 3432 1204 3525 Palania,
1242 3433 1300 3528 qui
1336 3433 1429 3530 capti
1464 3435 1613 3526 fererant,
1650 3432 1928 3521 monstrantibus,

379 3557 582 3653 pergebant:
616 3555 675 3630 sed
701 3577 744 3630 ex
770 3553 988 3630 scarbimiria
1020 3555 1055 3629 in
1081 3555 1137 3631 die
1162 3555 1332 3648 (limorum,
1368 3555 1483 3652 gratia
1509 3557 1731 3648 deducendae,
1759 3577 1860 3650 quam
1887 3577 1930 3630 ex

234 3696 250 3719 ·“
378 3679 548 3754 nobilibus
574 3679 610 3754 et
636 3699 680 3752 ex
707 3676 864 3773 ingenuis
891 3677 926 3753 et
952 3678 1145 3774 agrestibus
1171 3677 1323 3774 personis
1349 3681 1522 3774 ceperunt,
1552 3679 1704 3776 praedae,
1740 3677 1773 3752 in
1801 3678 1929 3753 Sando-

379 3801 512 3877 miriam
539 3799 648 3877 redire
675 3801 866 3896 coeperant,
895 3799 1052 3896 praedam
1080 3801 1214 3896 captam
1241 3822 1357 3876 uersus
1384 3803 1492 3877 metas
1514 3800 1730 3877 Phantaricas
1747 3799 1929 3876 conductu·

377 3925 419 3998 ri.
462 3923 618 3999 Bolsslao
653 3923 778 3998 Pudice
814 3921 1025 3999 bracariensi
1059 3924 1094 3999 et
1130 3923 1391 3998 Sandomiriensi
1427 3925 1519 3999 Duce
1554 3926 1590 3999 et
1625 3945 1686 4019 per
1720 3924 1867 3998 aetatem
1893 3923 1928 3997 ct

378 4045 648 4123 imbecillitatem
676 4045 747 4120 tam
774 4043 856 4120 forti
882 4045 973 4120 hosti
999 4043 1156 4121 resistere
1192 4069 1259 4121 non
1294 4047 1440 4138 valente,
1478 4046 1535 4122 sed
1571 4045 1765 4121 continente
1791 4066 1827 4120 se
1854 4065 1928 4118 cum

378 4167 611 4245 Grzimislaua
637 4169 745 4242 matre
780 4188 841 4240 sua
867 4166 1009 4242 Ducissa
1044 4167 1080 4240 in
1116 4167 1324 4242 Oracouiensi
1362 4189 1457 4258 arce,
1494 4167 1717 4244 Wlodimirus
1753 4164 1927 4261 palatinus

377 4287 606 4364 cracoviensis
641 4288 731 4383 apud
765 4286 944 4382 rillagium
980 4287 1109 4362 Kalina
1144 4287 1294 4362 militurn
1331 4290 1366 4363 st
1401 4287 1565 4363 nobilium
1601 4288 1801 4364 conuentum
1842 4285 1926 4380 agit,

376 4433 475 4506 quern
503 4432 605 4506 pauor
631 4410 666 4485 et
693 4408 806 4484 subita
832 4408 1014 4504 trepidatio
1050 4409 1311 4485 discurrentium
1338 4412 1372 4483 et
1399 4433 1420 4484 a
1447 4409 1532 4486 fecie
1559 4409 1801 4486 'Phartarorum
1828 4407 1926 4481 dicu-

375 4533 553 4628 gientium‚
591 4530 770 4623 omniaque
805 4531 884 4626 plus
919 4531 1008 4606 iusto
1035 4532 1075 4608 de
1103 4554 1216 4608 eorum
1252 4531 1395 4607 saevitia
1430 4534 1465 4607 et
1492 4531 1646 4627 potentia
1680 4528 1924 4620 disserentium,

376 4655 459 4730 alibi
487 4654 543 4750 agi
567 4677 634 4729 non
652 4653 795 4746 sinebat,
823 4655 876 4728 tot
902 4655 1036 4729 ettam
1063 4654 1255 4749 insperatis,
1286 4653 1527 4748 horrendisque
1545 4653 1658 4744 malis,
1687 4652 1723 4726 in
1740 4655 1812 4727 bm
1831 4673 1925 4747 prae·

275 4845 278 4853 .
375 4777 472 4876 cipiti
499 4776 673 4851 homiuum
698 4775 892 4850 discrimine
919 4775 1305 4872 commemorares,
1335 4778 1507 4871 utcunque
1542 4776 1681 4868 valeret,
1719 4773 1924 4870 provisurus.

374 4898 526 4975 Audiens
553 4898 669 4993 itaque
695 4899 879 4974 'Phartaros
906 4921 950 4972 ex
977 4897 1195 4995 scarbimiria
1221 4919 1371 4975 reversos
1403 4919 1486 4990 esse,
1525 4919 1641 4973 omnes
1676 4919 1771 4971 arma
1797 4917 1926 4971 sumere

374 5023 409 5097 et
437 5021 532 5116 sequi
560 5041 596 5096 se
622 5020 726 5113 iubet,
760 5023 795 5096 et
821 5021 864 5096 ad
892 5021 1045 5095 futurum
1082 5020 1247 5116 praelium
1284 5042 1359 5095 curn
1394 5020 1572 5095 Phartaris
1608 5041 1668 5115 pro
1707 5019 1830 5115 patria,
1867 5039 1925 5113 pro

374 5143 583 5239 coniugibus,
613 5165 673 5238 pro
700 5141 816 5218 liberis
843 5145 1084 5238 capessendum
1100 5143 1128 5238 8)
1155 5142 1311 5240 singulos
1328 5143 1506 5237 alloquens
1534 5141 1695 5233 incendit,
1723 5143 1784 5216 aut
1801 5139 1930 5235 glorio-³

373 5287 445 5342 sam
471 5265 658 5357 uictoriam,
696 5267 757 5340 aut
792 5265 925 5341 felicem
963 5267 1104 5340 mortem
1135 5265 1215 5340 illos
1241 5267 1407 5342 deducens
1442 5265 1620 5340 relaturos.
1666 5265 1739 5338 Iam
1765 5261 1924 5338 Pbartari

374 5442 437 5452 η-

480 5528 505 5610 1)
527 5529 615 5592 Villna
637 5529 697 5594 Ed.
719 5529 807 5610 cepe.
847 5527 874 5610 9)
898 5531 1120 5592 conuersatione
1143 5529 1202 5592 Ed.
1226 5527 1313 5607 Πρω.
1352 5525 1379 5608 ³)
1402 5527 1591 5604 capessendis
1613 5525 1673 5590 Ed.
1695 5523 1783 5604 capo.
