4140 6298
369 566 443 638 316
973 585 1084 635 arasa
1111 584 1305 636 sosarmus.
1639 563 1701 655 (Α.
1722 561 1768 636 D.
1789 562 1919 660 1248.)

368 769 525 846 mittunt.
553 772 617 844 Pro
643 791 709 862 quo
736 769 955 864 pontificibus
981 773 1017 844 et
1044 771 1133 846 clero
1149 770 1318 876 Polooiae
1345 774 1388 846 ab
1415 771 1611 848 innocentio
1639 773 1760 864 quarto
1786 771 1919 866 gratiae

368 894 405 968 in
432 891 566 988 publico
593 893 674 966 sunt
700 893 806 967 actae.
852 895 1052 968 Habebatur
1087 895 1201 968 autem
1229 893 1264 967 in
1291 893 1446 969 uniuerso
1474 893 1633 970 Poloniae
1659 893 1780 989 Regno
1807 897 1919 970 obser·

368 1015 486 1090 nantia
511 1016 609 1090 ratos
635 1015 671 1090 et
697 1015 901 1090 consuetudo
929 1017 970 1088 ab
998 1015 1134 1090 exordio
1161 1017 1335 1110 susceptae
1363 1015 1442 1090 fidei
1469 1015 1505 1088 in
1531 1038 1605 1092 earu
1624 1037 1729 1110 usque
1756 1015 1856 1107 diem,
1885 1017 1920 1090 in

370 1159 495 1211 morem
521 1135 714 1230 primitivae
732 1135 903 1212 Ecclesiae
929 1138 964 1212 et
990 1136 1106 1228 ritum,
1135 1159 1236 1230 quem
1263 1136 1446 1212 Orientalis
1472 1137 1625 1212 Ecclesia
1651 1140 1828 1214 observare
1854 1161 1922 1213 non

370 1257 482 1349 desiit,
512 1280 571 1352 pro
597 1257 754 1352 legitima
781 1257 953 1332 sanctione
980 1258 1149 1332 custodita
1168 1258 1202 1352 ¹),
1240 1257 1403 1333 ieiunium
1440 1259 1732 1354 quadragesimale
1758 1283 1780 1335 a
1805 1259 1921 1334 Domi-

371 1379 447 1454 nica
474 1379 750 1474 Septuagesimae
777 1377 925 1474 incipere
951 1383 987 1454 et
1014 1380 1048 1454 iu
1077 1379 1165 1455 diem
1192 1381 1341 1456 Paschae
1367 1381 1578 1456 continuare:
1606 1405 1692 1475 quae
1719 1405 1740 1456 a
1764 1369 1923 1476 ¹pluribus

371 1523 612 1596 saepenumero
647 1501 878 1595 praevaricato
914 1501 1074 1596 personis,
1113 1502 1299 1576 multarum
1333 1502 1573 1577 discordiarum
1609 1503 1698 1579 inter
1733 1505 1860 1580 clerum
1887 1506 1924 1578 et

371 1623 528 1700 laicalem
555 1625 717 1718 populum
753 1624 917 1699 afferebat
952 1623 1170 1698 seminarium
1202 1626 1237 1699 et
1263 1625 1461 1716 fomentum,
1499 1625 1728 1701 sacerdotibus
1754 1629 1790 1702 et
1815 1627 1922 1702 ecclo-

372 1743 499 1819 siarum
527 1743 772 1839 parochialium
799 1745 984 1820 rectoribus
1010 1745 1275 1840 transgressores
1302 1748 1362 1820 aut
1388 1747 1524 1840 publica
1546 1749 1607 1820 aut
1632 1747 1729 1841 graui
1748 1747 1922 1842 poeniten-

371 1867 433 1958 tia,
461 1868 523 1940 aut
549 1888 690 1942 censura
718 1866 974 1958 mulctantibos,
1003 1869 1064 1942 aut
1089 1867 1247 1942 ecclesiae
1274 1868 1464 1964 ingressum
1490 1868 1752 1964 denegantibus;
1780 1867 1879 1943 laicis
1906 1893 1923 1942 e

371 1987 539 2063 contrario
565 1987 823 2082 opponentibus,
851 1988 1125 2064 consuetudinem
1152 1991 1188 2064 ot
1214 1989 1461 2064 observantiam
1490 1991 1676 2084 praefatam
1705 1991 1747 2064 ab
1773 1990 1927 2064 Ecclesia

372 2111 525 2184 Romana
558 2109 727 2184 contraria
762 2109 1003 2184 consuetudine
1029 2111 1064 2185 et
1091 2110 1305 2186 observantia
1338 2111 1373 2184 in
1400 2111 1546 2206 siugulis
1581 2111 1723 2206 Regnis,
1761 2111 1863 2186 terris
1890 2113 1926 2186 et

373 2231 555 2326 prouinciis
590 2232 764 2308 Romanae
790 2231 961 2306 Ecclesiae
997 2231 1158 2308 subiectis
1193 2232 1354 2307 abolitam
1389 2235 1471 2324 tore,
1509 2235 1545 2307 et
1575 2255 1612 2307 se
1639 2233 1682 2307 ad
1708 2233 1805 2307 illam
1833 2256 1923 2309 more

373 2351 516 2428 aliorum
542 2351 790 2429 Gatholicorum
817 2377 882 2428 non
910 2354 1030 2429 teneri.
1072 2353 1231 2428 Pluribus
1263 2354 1378 2446 itaque
1405 2355 1522 2430 diebus
1550 2354 1585 2428 io
1612 2355 1766 2450 praefata
1792 2355 1924 2432 Wrati-

374 2474 535 2550 slariensi
562 2474 654 2551 dieta
680 2499 739 2570 per
766 2477 923 2550 Iacobum
950 2475 1172 2570 apostolicum
1203 2475 1370 2550 Nuntium
1397 2479 1432 2552 et
1458 2476 1635 2571 pontificos
1663 2477 1842 2568 Polemios,
1870 2501 1923 2552 eo-

374 2617 515 2690 rumque
541 2597 679 2689 clerum,
709 2597 794 2673 nodo
820 2596 869 2674 rai
896 2597 1088 2672 huiusmodi
1119 2597 1166 2673 rei
1194 2597 1383 2688 ventilato,
1420 2598 1562 2673 Iacobus
1596 2598 1801 2692 apostolicus
1829 2600 1924 2674 Noo-

375 2717 446 2792 tius
472 2717 676 2814 praedictus,
704 2718 746 2794 de
772 2718 914 2793 consilio
941 2721 976 2793 et
1002 2741 1143 2796 assensu
1170 2718 1368 2818 pontificum
1387 2721 1422 2794 et
1440 2718 1522 2794 cleri
1549 2719 1708 2796 acclesiae
1735 2719 1924 2813 Polonicae,

375 2839 652 2916 consuetudinem
692 2842 728 2914 et
763 2840 1011 2916 observantiam
1046 2841 1237 2937 praedictas
1273 2841 1400 2916 multas
1436 2839 1660 2929 difficultates
1695 2843 1732 2918 et
1766 2843 1927 2918 scandala

375 2961 576 3057 parientem,
605 2961 810 3038 auctoritato
838 2964 1022 3058 apostolica
1050 2964 1203 3054 sustulit,
1228 2967 1264 3040 et
1281 2967 1352 3038 tam
1379 2963 1617 3040 ecclesiasticis
1648 2985 1749 3057 qoam
1776 2966 1927 3040 saecula·

377 3083 471 3158 ribos
512 3083 664 3178 personis
699 3106 798 3160 usum
825 3085 976 3162 carnium
1003 3087 1046 3160 ad
1072 3086 1227 3160 (tinorum
1255 3086 1342 3160 diem
1374 3085 1557 3178 exclusive,
1594 3086 1763 3162 contraria
1789 3109 1927 3162 consua-

376 3205 495 3280 tudiua
521 3204 699 3282 Polonicaa
725 3206 884 3282 ecclesiae
910 3209 946 3282 et
961 3207 989 3301 9)
1017 3206 1232 3282 institutione
1262 3207 1455 3302 primitivae
1473 3207 1642 3283 Ecclesiae
1669 3231 1736 3282 oon
1762 3211 1927 3301 obstauta,

242 3367 245 3376 ·
377 3324 553 3402 concessit.
599 3324 717 3402 Abeo
745 3347 876 3420 quoque
903 3329 1053 3422 tempore
1089 3328 1366 3424 Septuagesimae
1401 3326 1578 3403 Dominica
1613 3327 1797 3404 aPolonis
1832 3332 1928 3407 retus

377 3446 641 3544 Garnispriuium
668 3447 986 3542 denominationem,
1015 3469 1116 3543 qoam
1143 3451 1179 3526 et
1205 3449 1368 3526 hactenus
1394 3449 1529 3543 retinet,
1558 3449 1698 3547 accepit.

377 3816 573 3892 Promirlaur
600 3819 770 3892 aaronica
796 3819 893 3910 llogtr
920 3819 1008 3892 llius
1026 3822 1150 3910 patrem
1169 3819 1278 3910 llaguo
1299 3820 1405 3892 exuit:
1433 3821 1487 3912 qui
1510 3819 1643 3892 trudam
1662 3840 1681 3893 a
1703 3825 1793 3912 patra
1813 3828 1930 3914 captor

491 3959 530 4013 aa
557 3959 685 4014 carcero
712 3941 853 4033 punitor,
879 3941 1038 4014 notariae
1066 3940 1292 4032 Principalem,
1319 3941 1405 4032 patri
1432 3943 1662 4016 reconciliatus
1688 3944 1818 4034 accipit.

447 4147 704 4257 smannens
730 4179 911 4256 Bohemias
938 4182 1025 4272 Rex,
1055 4180 1113 4274 qui
1141 4181 1181 4255 ob
1208 4180 1340 4255 sinistri
1368 4181 1456 4258 oculi
1484 4182 1655 4257 defluxum
1681 4185 1718 4259 et
1745 4184 1931 4258 carentiam

380 4303 576 4378 lloooculus
603 4303 797 4396 appellatus
824 4304 889 4393 est,
926 4303 1139 4398 grandaevus
1171 4302 1264 4378 senio
1291 4305 1326 4378 et
1352 4326 1442 4394 aeuo,
1482 4306 1554 4378 tam
1581 4303 1699 4378 hostili
1725 4305 1800 4380 odio
1826 4307 1863 4382 et
1888 4305 1930 4379 li-

381 4446 458 4498 uore
484 4423 758 4516 (procurantibus
784 4425 820 4498 at
846 4423 1036 4499 serentibus
1071 4425 1261 4498 huiusmodi
1291 4425 1366 4498 odia
1394 4425 1575 4500 baronibus
1603 4425 1796 4517 Bohemiae,
1825 4429 1861 4502 et
1886 4429 1930 4502 si-

381 4546 528 4640 gnanter
554 4543 712 4636 Stiborio,
741 4545 976 4640 cognominato
1004 4549 1044 4620 ob
1072 4545 1281 4640 singularem
1308 4545 1509 4622 iudustriam
1538 4547 1777 4642 Modrahloua,
1806 4547 1930 4640 idest,

382 4664 525 4760 Sapiens
552 4666 657 4758 testa)
685 4665 872 4741 insectatus
899 4669 962 4758 ost,
991 4667 1101 4744 atilio
1128 4667 1231 4761 δυο)
1258 4667 1688 4764 Premislao'angostiatus
1716 4672 1751 4745 et
1770 4671 1931 4747 constric-

381 4789 449 4878 tos,
479 4788 518 4861 ut
535 4788 693 4882 Regnum
720 4786 773 4860 illi
793 4787 993 4883 resignaret,
1022 4789 1131 4862 tribus
1158 4789 1223 4864 sibi
1242 4791 1474 4866 tautummodo
1493 4791 1625 4882 cestria,
1646 4791 1804 4867 videlicet
1823 4793 1933 4888 Supe-

382 4910 466 5000 kou,
494 4909 628 4984 Lolreth
644 4908 671 5002 6)
699 4911 735 4984 et
761 4911 880 5001 Ponte,
909 4909 972 4985 sibi
1000 4911 1190 4986 reservatis.
1220 4913 1346 4988 Verum
1373 4912 1450 4984 doru
1481 4935 1542 4987 nec
1569 4913 1618 4987 sic
1645 4915 1738 4988 furor
1766 4913 1833 4987 filii
1854 4915 1932 4990 Pro-

382 5029 496 5106 ruislai
532 5032 569 5104 et
594 5029 841 5106 consulentium
879 5031 944 5106 sibi
981 5031 1185 5125 quiesceret,
1224 5033 1281 5108 sed
1317 5033 1522 5107 Promislaus
1559 5035 1630 5128 ipse
1665 5035 1868 5112 Borsoonem
1894 5037 1933 5112 de

384 5152 490 5228 Ossalr
517 5151 604 5228 alias
629 5153 836 5247 Eizemborg
852 5151 881 5247 5)
908 5156 961 5246 (eo
989 5155 1076 5247 quod
1103 5175 1178 5228 curn
1206 5156 1303 5249 patre
1330 5157 1446 5229 corrtra
1474 5154 1573 5230 illum
1591 5155 1768 5252 sensisset)
1795 5156 1933 5252 capitali

383 5321 480 5337 ι--Ι

493 5429 519 5510 ¹)
542 5433 719 5494 custodituro
745 5431 815 5495 Ood.
838 5433 931 5494 Roas.
956 5431 983 5510 ⁹)
998 5449 1093 5507 neque
1113 5431 1182 5494 Ood.
1206 5433 1298 5494 Reor.
1324 5431 1353 5510 ³)
1370 5453 1423 5495 suo
1439 5435 1517 5496 deest
1540 5410 1585 5494 aba
1601 5433 1671 5496 (iod.
1687 5434 1759 5496 Ant.
1786 5431 1814 5513 ⁴)
1830 5434 1933 5496 Sauria·

385 5536 458 5610 low,
480 5537 607 5600 Eolrieth
633 5537 704 5598 (lod.
728 5539 821 5600 Rocr.
863 5533 888 5614 5)
911 5539 1088 5600 Barszonem
1111 5539 1147 5598 do
1173 5537 1280 5599 Osziek
1302 5540 1374 5600 alias
1398 5539 1575 5617 Kiramburg
1601 5537 1671 5602 coc.
1695 5541 1788 5603 Rosr.
2067 5521 2068 5558 ³
