4208 6282
139 567 190 665 (Α.
208 563 253 642 D.
273 565 377 661 1167.)
739 587 850 639 uranu
876 585 1046 650 Quorsus.
1613 565 1659 636 71

137 778 225 853 batur
259 777 369 851 ullum
405 776 465 851 aut
499 775 648 867 sedendi,
677 778 737 851 aut
763 773 942 870 effugiendi
970 774 1004 847 iu
1032 776 1130 848 buta
1156 796 1266 849 rerum
1294 772 1474 867 iniquitate
1500 771 1659 868 spatium,

125 898 307 975 1Pruthenis
332 901 367 974 ot
393 921 414 974 a
439 899 560 989 fronte,
598 899 769 993 tergoque,
807 902 841 973 et
871 921 892 972 a
918 899 1024 988 luera,
1048 898 1232 990 dextraque
1259 895 1456 992 urgentibus
1490 897 1526 972 et
1552 895 1663 972 iaoula
1711 939 1713 942 -

135 1021 333 1100 uibrantibus
359 1021 396 1096 in
422 1021 579 1096 inolusos.
607 1021 702 1096 Inter
728 1019 810 1095 haeo
835 1021 949 1094 muron
975 1020 1095 1096 limosa
1121 1017 1293 1114 paludium
1320 1021 1355 1094 et
1381 1021 1577 1114 stagnorum
1603 1041 1660 1092 ro-

134 1167 206 1240 rago
232 1143 323 1218 omni
349 1144 446 1219 hoste
472 1142 656 1218 terribilior
683 1142 866 1234 uidebatur,
900 1141 995 1216 ouius
1022 1141 1242 1236 profunditur,
1280 1141 1520 1232 dehisoeusque
1546 1140 1660 1236 inglu·

133 1269 196 1344 rios
221 1289 389 1341 armorum
416 1267 559 1361 pondere
586 1287 718 1362 pressos
745 1266 860 1360 plures
896 1264 1094 1356 absorbuit,
1111 1285 1211 1356 quam
1245 1284 1327 1356 quos
1353 1263 1461 1337 hostis
1486 1262 1576 1358 oepit
1602 1263 1662 1336 aut

134 1389 271 1465 nouerit.
318 1390 367 1464 De
394 1387 553 1463 extremis
580 1387 780 1484 agminibus
809 1409 892 1480 quos
919 1387 1064 1462 nondum
1093 1385 1318 1481 proditoriam·
1337 1386 1485 1460 broular
1511 1385 1659 1459 inuolre-

132 1513 190 1604 rat,
217 1511 346 1603 Pelori,
374 1533 448 1586 oonr
475 1533 511 1586 se
537 1511 572 1585 in
598 1512 751 1587 extrema
776 1511 927 1585 riderent
952 1509 1127 1600 indidisse,
1166 1510 1201 1584 at
1227 1507 1379 1582 hostibus
1405 1508 1493 1582 nihil
1520 1507 1660 1603 impedi-

131 1638 208 1726 tum,
235 1632 298 1707 sibi
327 1633 413 1708 nihil
441 1634 573 1707 salubre
594 1633 617 1728 ¹)
644 1633 866 1724 adverterent,
894 1655 967 1707 eam
993 1633 1074 1706 tuno
1101 1632 1141 1705 de
1168 1653 1204 1706 se
1230 1633 1343 1706 tamon
1366 1630 1565 1725 praestitere
1591 1629 1659 1704 rir-

131 1759 247 1847 totem,
270 1757 310 1830 ut
336 1777 411 1831 eum
437 1755 536 1851 primi
564 1757 625 1831 aut
650 1755 788 1852 sagittis
824 1755 977 1846 oonlooti,
1014 1756 1074 1829 aut
1100 1755 1181 1828 limo
1212 1752 1360 1848 absorpti
1388 1753 1554 1846 oederent,
1584 1774 1660 1848 pro·

129 1879 207 1952 rimi
233 1877 421 1954 iuuantibus
448 1877 668 1974 supergressi,
697 1901 740 1952 ex
767 1901 879 1954 eorum
898 1877 1101 1972 corporibua,
1130 1877 1232 1950 donee
1259 1879 1294 1950 et
1320 1875 1386 1970 ipsi
1412 1875 1492 1950 telis
1519 1874 1658 1951 oonfioo-

129 2004 249 2093 rentor,
280 2003 481 2097 pugnarent,
509 2001 598 2076 nihil
623 2001 717 2078 aliud
744 2022 916 2096 superesse
942 2001 1089 2076 locorum
1116 2000 1233 2074 fraude
1259 1995 1418 2094 dereptis,
1447 2021 1547 2090 quam
1571 1999 1658 2073 sola·

128 2125 208 2198 tium
233 2124 394 2199 honestae
420 2123 548 2216 mortis,
588 2123 745 2198 arbitrati
761 2123 800 2218 Ἰ).
845 2125 966 2197 Totum
992 2123 1062 2197 fere
1089 2121 1161 2195 illio
1188 2121 1331 2196 militiae
1359 2121 1533 2196 Polonioae
1559 2121 1659 2194 deorrs

127 2249 337 2322 barbarorum
372 2247 533 2322 obtritum
569 2247 678 2339 rabie,
716 2246 815 2341 signa
849 2245 1007 2320 Polonioa
1042 2248 1083 2320 ab
1109 2245 1263 2320 hostibus
1299 2243 1502 2338 intercepta,
1540 2265 1667 2338 eorpus·

126 2368 258 2444 Henrioi
295 2368 573 2444 Sandomiriensis
607 2367 710 2444 Ducis
745 2368 839 2444 foede
871 2369 906 2442 et
940 2367 1176 2444 miserabiliter
1211 2366 1280 2441 suis
1316 2365 1472 2461 insigniis
1506 2367 1657 2457 exutum,

127 2492 210 2566 inter
236 2491 440 2588 permisouas
456 2489 484 2586 3)
519 2491 716 2566 oadarerum
752 2493 862 2566 strues
902 2513 923 2564 a
958 2513 1058 2565 ooeno
1094 2490 1287 2564 devoratum
1323 2491 1395 2578 est,
1426 2488 1462 2562 'si
1489 2487 1658 2562 devoratio

125 2617 157 2690 et
182 2637 270 2690 mors
297 2614 437 2690 dioenda
462 2615 524 2705 est,
564 2637 665 2707 quam
692 2601 751 2709 pro
778 2612 909 2708 patriae
945 2613 1072 2708 pietate
1098 2615 1133 2688 et
1158 2611 1274 2707 populi
1305 2610 1356 2686 aui
1383 2609 1523 2685 viatoria
1557 2632 1658 2705 oppo-

5 2767 6 2770 ‘
125 2737 189 2812 tiit.
217 2738 369 2832 Uterque
394 2739 474 2812 Dux
499 2738 676 2812 Boleslaus
694 2739 729 2813 et
746 2737 953 2832 Mpeonslaus
980 2757 1054 2811 oum
1078 2734 1270 2828 ordinibus,
1289 2755 1370 2828 quos
1397 2731 1570 2826 dnoebant,
1589 2733 1657 2806 sul-

124 2885 181 2936 rus
206 2863 361 2955 eradere,
398 2862 477 2936 dom
503 2883 563 2957 pro
590 2859 708 2936 maiori
743 2863 839 2956 purte
874 2881 953 2936 suas
987 2859 1098 2955 oopias
1134 2859 1280 2934 looorum
1316 2855 1496 2950 iniquitate
1531 2856 1659 2932 deletas

123 2983 293 3080 uidissent,
323 2985 358 3060 in
385 2984 556 3060 Poloniam
585 2984 825 3080 gemebundus,
854 2984 978 3059 multos
1004 2981 1152 3079 gemitus
1179 2983 1214 3054 et
1240 2980 1386 3055 eiulatus
1412 2981 1484 3055 tum
1511 3001 1571 3075 pro
1600 3000 1657 3054 ua·

73 3151 75 3154 -
122 3107 292 3184 riiratris
319 3107 421 3183 Dubis
447 3107 596 3201 Henrioi,
633 3110 706 3184 tum
733 3131 792 3203 pro
819 3107 967 3182 militum
1000 3107 1117 3198 morte,
1154 3103 1314 3182 omittens
1349 3101 1460 3196 rediit,
1496 3101 1657 3195 reliquias

121 3230 230 3306 miseri
258 3233 296 3306 ot
323 3229 424 3306 laoeri
452 3231 620 3306 exereitus
646 3231 817 3306 reducens.
864 3231 934 3305 Neo
959 3230 1067 3304 solum
1093 3231 1186 3318 tuno,
1215 3227 1274 3304 sod
1300 3227 1334 3300 et
1360 3225 1395 3300 in
1423 3225 1539 3319 plores
1565 3227 1657 3300 aeta-

120 3355 181 3446 tes,
209 3375 313 3450 snper
330 3356 400 3428 tarn
419 3353 547 3428 indelioi
575 3352 723 3428 militurn
750 3353 1012 3428 desideraturum
1040 3351 1146 3424 morte
1171 3350 1330 3444 lugubres
1356 3330 1512 3423 rooos'et
1529 3347 1657 3422 lamen·

119 3477 154 3548 ta
178 3498 199 3550 a
224 3475 392 3571 oognatis,
420 3475 618 3571 ooniugibus
645 3478 680 3551 et
706 3476 822 3552 amiois
849 3475 1085 3550 audiebantur:
1120 3473 1155 3546 in
1182 3472 1258 3567 ipsa
1284 3471 1448 3563 siquidem
1474 3469 1658 3544 miserabili

119 3600 152 3672 at
176 3597 370 3673 miseranda
408 3599 501 3672 olade
538 3599 736 3674 Polonorum
772 3599 880 3673 rirtus
907 3595 1132 3693 praestantior
1158 3595 1329 3672 ooniroota
1355 3595 1389 3668 et
1415 3592 1567 3668 antidota
1593 3594 1656 3682 est,

119 3723 151 3793 et
175 3720 485 3796 robustissimorum
513 3721 661 3795 militum
687 3721 748 3798 dos
774 3719 947 3796 emarouit.
975 3720 1060 3793 Nam
1087 3720 1122 3793 et
1148 3717 1259 3792 relatu
1286 3715 1485 3811 perdifficile
1511 3715 1563 3790 est
1581 3737 1657 3809 per-

118 3843 296 3938 stringere,
326 3845 470 3936 quantos
484 3842 513 3938 ⁴)
540 3843 703 3939 ingenuos
721 3843 957 3933 adolesoentes,
986 3843 1068 3934 quot
1089 3837 1383 3916 exorbitatissimos
1410 3837 1546 3928 milites,
1574 3857 1657 3928 quos

118 3985 227 4058 equos,
257 3987 346 4061 quae
372 3988 476 4058 arma,
505 3967 650 4060 quantas
677 3964 893 4056 substantias,
922 3965 1068 4057 quantas
1085 3963 1248 4053 fortunas,
1277 3961 1389 4036 eludes
1415 3959 1478 4033 illa
1499 3961 1656 4053 absump·
1730 3975 1733 3982 ’

119 4085 172 4178 sit,
200 4109 278 4163 enm
307 4090 522 4163 barbarorum
557 4087 762 4163 insatiabilis
797 4087 906 4162 rabies
941 4086 1037 4160 nulla
1072 4083 1251 4160 elementia
1286 4105 1351 4158 non
1386 4081 1422 4155 in
1455 4080 1600 4157 demotos
1615 4080 1654 4174 6),

117 4210 172 4283 sod
198 4233 302 4286 eoeno
328 4213 364 4286 et
391 4210 548 4306 voragine
575 4210 694 4285 limosa
719 4211 931 4302 illaqueatos,
960 4211 1050 4282 mota
1065 4207 1105 4302 6),
1139 4205 1263 4302 passim
1290 4226 1414 4296 omues
1451 4203 1539 4278 nulli
1566 4203 1656 4278 defe-

117 4353 190 4408 rens
217 4334 327 4410 aatati
353 4334 407 4408 uel
433 4332 626 4426 oonditioni,
654 4333 855 4425 trucidabat,
880 4330 1034 4426 pluribus
1053 4331 1173 4426 enpost
1195 4329 1310 4404 diebus
1328 4327 1579 4402 interfectorum
1597 4327 1657 4399 ant

5 4557 6 4560 Ν
117 4457 352 4532 suffocatorum
379 4455 537 4550 logenoq
564 4454 683 4551 spolia,
720 4458 755 4530 et
791 4455 855 4529 diis
882 4453 963 4546 suis,
1002 4453 1231 4548 sacrilegoque
1264 4451 1345 4525 ritui
1376 4449 1466 4524 tanti
1492 4447 1657 4542 triumphi

116 4579 284 4654 ascribens
300 4579 328 4672 ⁸)
355 4583 520 4672 euentum,
550 4601 647 4670 quem
675 4579 820 4654 oleruens
846 4580 881 4652 ot
907 4599 1004 4652 uerus
1030 4577 1120 4650 Deus
1146 4577 1206 4649 aut
1237 4574 1279 4648 ad
1297 4573 1495 4668 tergendum
1508 4571 1547 4666 ⁹),
1576 4594 1656 4666 pur-

116 4701 332 4794 gandnmque
358 4702 485 4776 seelera
511 4703 722 4793 Polonorum,
752 4703 812 4775 out
837 4701 879 4774 ad
906 4701 1125 4775 exercendum
1153 4719 1207 4802 eos
1231 4694 1391 4792 dignatus
1410 4697 1463 4769 est
1480 4693 1654 4770 indixisse.

216 4825 338 4900 Sedem
366 4825 589 4920 Kporiensem
616 4825 812 4900 Msenislaus
838 4823 1045 4898 Isoaslauion
1071 4819 1356 4898 Wladimiriensis
1383 4819 1462 4893 Dux
1488 4819 1582 4892 ratus
1613 4818 1655 4891 ad

115 4967 148 5020 se
173 4947 301 5042 potius,
331 4969 429 5042 qoam
456 4949 498 5022 ad
525 4949 710 5023 Iszoslaum
737 4946 943 5022 Daridouioa
971 4944 1148 5040 pertinere,
1177 4943 1212 5017 in
1230 4942 1329 5017 huius
1357 4940 1436 5015 anni
1464 4939 1573 5016 hieme
1599 4961 1653 5015 oo·

116 5067 185 5162 pias
211 5072 333 5146 eontra
359 5071 462 5166 Kyou
489 5070 597 5150 duait.
625 5070 872 5166 Kyoriensibus
908 5070 1021 5143 autem
1048 5089 1107 5141 suo
1135 5065 1304 5162 proposito
1331 5061 1533 5157 fauentibus,
1562 5062 1653 5138 Isaa-

220 5363 246 5446 ¹)
269 5374 365 5429 tutum
396 5385 461 5429 esse
490 5367 551 5429 Ed.
573 5367 666 5428 Dobr.
707 5365 979 5446 ⁹)arbitrabantna
1003 5365 1064 5426 Ed.
1087 5365 1179 5425 Dobr.
1218 5359 1245 5441 3)
1267 5364 1446 5438 promiscuas
1476 5362 1535 5423 Ed.
1559 5363 1651 5424 Dour.

117 5464 143 5546 ⁴)
163 5480 235 5547 quot
261 5473 334 5535 (lod.
358 5476 450 5535 Rosr.
492 5471 519 5551 ⁶)
540 5476 633 5534 victos
667 5472 737 5534 Geel.
760 5471 852 5534 Rorr.
891 5469 917 5550 ⁸)
940 5489 993 5532 oss
1023 5471 1081 5530 Ed.
1105 5470 1199 5530 Dobr.
1239 5465 1404 5546 quartani
1425 5469 1555 5544 legentes
1582 5468 1652 5530 θοι).

116 5577 205 5640 Roas.
245 5575 273 5660 Π)
296 5581 477 5643 ascribentes
504 5577 574 5644 Ood.
597 5578 688 5642 Roar.
727 5575 754 5661 ο)
777 5578 982 5655 detergendam
1014 5575 1084 5642 Ood.
1107 5574 1198 5640 Roer.
