4192 6272
398 511 473 594 496
864 537 870 544 ·
1004 537 1117 592 urana
1143 538 1337 594 sarsurus.
1677 513 1741 612 (Α.
1760 511 1807 592 D.
1828 509 1948 614 1189.)

395 728 498 804 raudo
525 725 724 821 Prineipato
751 725 902 801 honestis
929 725 1059 801 nuntiis
1087 749 1108 801 a
1134 727 1282 803 llasoria
1309 725 1529 818 aeoersitum,
1558 725 1595 800 in
1622 727 1816 803 draeoriam
1844 728 1947 802 dedu·

395 851 488 939 eunt,
516 851 551 924 et
577 849 649 922 tam
676 847 763 923 areis
790 870 891 938 quam
918 847 1069 925 eiritatis
1106 848 1334 924 cracoviensis
1370 847 1434 922 sibi
1470 847 1650 942 assignant
1690 848 1946 943 possessionem.

394 969 543 1046 Boleslai
570 968 738 1044 Maserius
765 969 869 1052 Duois
895 969 1094 1044 eleetionem
1120 971 1156 1044 et
1182 969 1459 1044 substitutionem
1499 991 1558 1063 per
1584 970 1728 1043 Paulum
1755 969 1947 1064 opisoopnm

394 1094 429 1166 et
455 1093 606 1181 barones,
635 1090 867 1180 militaresque
894 1090 1130 1165 Graoorionses
1158 1091 1193 1165 et
1220 1089 1509 1165 Sandomirienses
1535 1089 1681 1180 laeam,
1709 1090 1801 1166 eires
1827 1089 1946 1166 Graoo·

393 1212 525 1288 rienses
552 1212 646 1287 uelut
681 1211 746 1286 sibi
781 1211 1022 1306 pernitiosam,
1052 1235 1113 1302 no,
1142 1211 1322 1292 baronibus
1361 1209 1598 1302 suadentibus,
1627 1211 1803 1287 Boleslaus
1842 1233 1948 1286 nouus

393 1333 555 1428 Prinoeps
581 1333 617 1407 in
644 1355 700 1408 eos
738 1355 797 1428 pro
824 1333 970 1407 Ounradi
1006 1333 1123 1406 fratris
1160 1333 1213 1406 sui
1250 1334 1386 1427 repulsa
1423 1332 1725 1424 animaduerteret,
1762 1333 1946 1424 irritatori,

394 1454 578 1530 Henrioum
606 1456 763 1548 quartum
789 1454 1105 1530 Wratislariensom
1132 1455 1258 1530 Dueem
1285 1455 1320 1528 in
1349 1451 1540 1530 Uraooriam
1566 1456 1752 1546 aooersunt,
1781 1455 1946 1549 sponden-

394 1578 447 1650 tes
473 1598 509 1650 se
536 1575 590 1649 illi
620 1577 655 1652 et
681 1597 790 1650 aroem
817 1577 852 1650 et
879 1578 1005 1651 urbem.
1021 1575 1292 1666 bononiensem,
1323 1579 1535 1669 eaeterasque
1570 1575 1775 1650 munitiones
1808 1576 1946 1668 eonqui·

394 1698 538 1772 siturus:
567 1697 627 1789 qui
653 1697 830 1772 oonfestirn
857 1700 1016 1790 oongesto
1044 1697 1205 1786 exercitu,
1234 1718 1351 1772 uersus
1378 1695 1570 1771 Oraooviam
1598 1697 1647 1771 ire
1674 1695 1798 1791 pergit.
1836 1696 1947 1771 Adre-

394 1818 503 1893 nienti
531 1841 605 1893 roro
632 1841 680 1910 oo,
709 1818 936 1894 Graooriensis
963 1818 1082 1894 civitas
1109 1841 1169 1912 par
1195 1817 1305 1909 eires,
1334 1817 1528 1893 earnifieum
1565 1817 1711 1892 maxime
1736 1839 1859 1912 opera,
1888 1816 1948 1908 qui

395 1943 477 2014 tuno
504 1939 593 2014 inter
620 1941 768 2014 caeteros
795 1927 1007 2014 meabanieos
1033 1940 1264 2033 praestabant,
1293 1939 1401 2033 portis
1428 1938 1630 2033 patefaotis,
1659 1959 1743 2032 quas
1768 1939 1949 2014 Boleslaus

393 2060 561 2136 Maeoniae
587 2061 666 2134 Dux
686 2060 711 2154 ¹)
736 2061 933 2152 oooluserat,
962 2060 1090 2134 tradita
1129 2062 1193 2135 est.
1235 2061 1412 2135 Boleslaus
1447 2059 1613 2135 Maserius
1649 2061 1727 2133 Dux
1764 2081 1808 2134 ex
1835 2061 1946 2134 oestro

362 2181 605 2282 'Oratoriensi
631 2203 871 2276 prorumpens,
908 2182 951 2256 ad
977 2181 1244 2257 Graoovionsiurn
1281 2183 1316 2256 et
1351 2180 1675 2256 Sandomirionsium
1712 2179 1862 2254 militum
1889 2202 1944 2255 oa-

394 2305 476 2394 stra,
504 2303 546 2376 ed
572 2301 764 2378 laniandum
778 2301 807 2396 Ἰ)
832 2303 918 2377 Duei
945 2301 1090 2378 Henrioo
1117 2302 1238 2394 quarto
1265 2302 1539 2380 Wratislariansi
1566 2301 1808 2394 resistentiam,
1838 2323 1875 2376 se
1891 2323 1945 2375 re·

395 2422 504 2518 oepit;
541 2423 598 2498 sed
624 2421 730 2516 neo³)
765 2423 837 2496 illie
873 2423 1152 2517 perseuerandum
1188 2422 1350 2517 durit4),
1379 2445 1494 2498 rerum
1530 2424 1639 2500 altera
1674 2423 1748 2514 dio,
1778 2422 1947 2496 militibus

394 2545 482 2619 aoies
508 2543 776 2636 instruentibus,
804 2548 840 2619 et
866 2569 908 2620 ne
943 2565 979 2620 ss
1014 2545 1201 2634 desereret,
1230 2566 1439 2639 summopere
1475 2545 1708 2640 presentibus,
1745 2564 1947 2638 operamque

395 2687 490 2740 suam
518 2689 577 2760 pro
604 2665 796 2760 repulsione
823 2666 961 2742 Henrioi
990 2666 1105 2759 quarti
1131 2665 1427 2742 Wratislavieusis
1462 2666 1565 2740 Duois
1603 2665 1862 2760 pollioentibus,
1890 2664 1945 2737 lu·

396 2809 469 2862 rore
496 2789 532 2862 et
557 2785 790 2882 indignatione
817 2788 948 2882 plenus,
980 2787 1067 2878 quod
1103 2810 1138 2862 se
1174 2810 1240 2862 uon
1281 2789 1324 2862 ad
1363 2787 1616 2881 Prinoipatum,
1645 2788 1703 2862 sod
1737 2785 1781 2860 ad
1806 2785 1945 2874 bellum,

393 2907 488 2982 euius
515 2907 662 2983 ineertos
688 2911 828 2983 eventus
854 2909 952 2999 foret,
980 2909 1211 3000 aeoersissent,
1241 2907 1392 2984 dissedit.
1436 2908 1538 2982 (iuius
1565 2907 1714 2984 disoessu
1741 2909 1882 2982 barones
1910 2907 1946 2978 et

395 3029 561 3104 militares
586 3029 818 3106 Oraoorienses
844 3032 880 3104 et
906 3029 1193 3106 Sandomirienses
1220 3029 1376 3125 pereulsi,
1405 3029 1447 3104 ad
1465 3029 1651 3105 Haurienm
1669 3031 1829 3122 quartum
1842 3027 1945 3103 Wra-

394 3145 626 3226 tislaiiensem
653 3152 780 3226 Duoem
807 3147 985 3228 Gronovius
1011 3150 1263 3244 oonsistentem,
1300 3151 1355 3225 eui
1390 3150 1493 3225 etiam
1530 3171 1640 3226 areem
1676 3148 1940 3240 Graooriensom,

394 3271 548 3348 Boleslao
574 3273 667 3348 Duae
692 3272 858 3348 ldasoviae
885 3273 1069 3365 resedente,
1099 3295 1120 3346 a
1146 3273 1296 3348 Sullroue
1323 3271 1432 3346 milite
1460 3272 1500 3347 ds
1526 3271 1761 3366 Mpedairaeoa,
1790 3271 1946 3346 aBoles-

394 3395 449 3468 lao
475 3393 642 3471 Maeoniae
669 3395 760 3469 Dnoa
775 3393 804 3488 ὅ)
830 3393 1042 3470 oomrnissam
1068 3393 1256 3470 didicerant
1273 3393 1517 3488 consignatam,
1538 3393 1690 3488 insignes
1707 3391 1846 3466 nuntios
1864 3393 1945 3466 mit·

395 3517 495 3607 tunt,
524 3517 700 3606 certasque
726 3515 800 3606 illi,
830 3515 859 3588 si
886 3516 975 3610 apud
1010 3515 1101 3609 ipsos
1136 3515 1320 3610 principari
1366 3515 1469 3606 relit,
1498 3514 1690 3609 proponunt
1725 3513 1945 3588 eonditiones

393 3636 521 3730 Quibus
547 3638 590 3711 ab
615 3635 762 3711 Henrieo
789 3639 907 3728 quarto
935 3635 1209 3713 Wratislariensi
1237 3638 1328 3710 Duae
1363 3635 1464 3729 (nibil
1500 3635 1590 3710 enim
1626 3639 1760 3729 praeter
1798 3655 1944 3726 aequum

393 3757 625 3850 eontinebant)
651 3756 857 3850 approbatis,
885 3756 1116 3831 uniuersorum
1144 3757 1218 3851 pari
1246 3756 1396 3848 oonsilio,
1438 3758 1516 3831 roto
1561 3757 1596 3831 et
1622 3776 1785 3832 consensu
1819 3753 1944 3828 Hauri-

393 3899 452 3952 ous
479 3880 620 3970 quartus
647 3876 938 3952 Wratislarionsis
964 3878 1043 3950 Dux
1070 3877 1105 3950 in
1134 3877 1394 3968 Oraoorionsom,
1426 3875 1730 3951 Sandomiriensem
1756 3877 1792 3951 et
1823 3873 1941 3948 Lnbli-

393 4021 529 4073 nensem
556 3997 748 4092 Prinoipem
774 3997 923 4072 delentos
949 3999 1003 4071 est
1028 4001 1064 4072 ot
1091 3999 1296 4092 assumptus,
1326 3997 1384 4089 qui
1411 4001 1511 4074 rebus
1537 3997 1626 4092 apud
1643 3996 1836 4072 draooriam
1855 4017 1942 4072 oom-

393 4119 526 4213 posltis,
555 4117 813 4205 Wratislariam
840 4119 1029 4194 revortitur.

473 4481 632 4558 lmoato
658 4484 848 4558 mutarit
874 4431 998 4556 ordiris
1024 4482 1283 4558 Praedioatorum
1309 4483 1342 4554 lu
1369 4481 1544 4556 raonem
1572 4482 1658 4559 alias
1684 4481 1866 4556 bersabea.

499 4725 626 4800 Ootaro
650 4723 748 4816 Maii,
777 4723 968 4821 Msezugius
995 4728 1076 4800 tuno
1100 4723 1319 4800 Pomeraniae
1346 4725 1425 4798 Dux
1451 4746 1510 4818 pro
1537 4723 1591 4798 dio
1618 4723 1681 4796 illa
1711 4743 1817 4818 agens
1835 4723 1872 4796 in
1888 4743 1942 4797 ea·

500 5159 525 5238 ¹)
546 5162 614 5222 Dux
636 5157 714 5224 deest
734 5163 771 5222 ia
800 5155 871 5223 ooo.
894 5157 968 5222 Aua.
1003 5158 1029 5237 2)
1052 5161 1090 5222 ad
1112 5160 1321 5222 Graoovienses
1346 5167 1376 5220 et
1398 5159 1649 5221 sandomiriensos
1670 5159 1789 5230 milites,
1812 5156 1940 5219 facturus

392 5263 564 5342 EMipe.
590 5261 617 5342 8)
641 5282 673 5324 se
695 5267 817 5339 recepit,
840 5271 871 5324 et
892 5267 923 5324 iu
946 5271 1044 5325 castro
1067 5264 1295 5326 Sandomiriansi
1317 5281 1407 5339 parvo
1424 5271 1555 5338 tempore
1572 5268 1775 5334 commoratus,
1794 5280 1853 5322 uon
1871 5260 1939 5324 (lod.

391 5371 483 5430 Beer.
508 5365 535 5446 ⁴)
559 5369 668 5430 diutius
692 5370 801 5429 ducens
827 5368 899 5430 sod.
929 5369 1022 5430 Roar.
1048 5365 1074 5445 ὗ)
1097 5369 1179 5429 Duce
1201 5370 1282 5434 donst
1303 5371 1340 5429 a'a
1358 5367 1428 5431 God.
1451 5367 1525 5428 Ant.
1549 5364 1577 5446 ⁶)
1598 5369 1629 5428 iu
1652 5369 1771 5428 eirimte
1786 5383 1840 5428 sna
1855 5366 1940 5428 Saie-

392 5474 454 5532 ezie
477 5473 538 5534 Ed.
560 5475 649 5550 Lipa
725 5520 727 5524 .
