4140 6298
388 537 461 610 268
991 549 1104 604 nnana
1131 548 1325 602 susumus.
1674 525 1740 636 (Α.
1757 523 1935 634 0.,1241)

385 745 512 819 Islnam
532 745 556 836 ¹)
583 742 769 830 consistens
784 741 823 836 ²),
851 762 911 836 por
937 761 1039 832 quam
1064 739 1179 834 Bathp
1206 737 1449 812 Thartarorum
1475 737 1664 832 Imperator
1682 737 1826 812 ducebat
1842 757 1938 812 exor-

333 860 336 864 ’
387 868 504 959 citum,
541 866 598 942 via
624 866 737 960 Bathy
774 863 810 937 in
845 862 1043 938 hodiernum
1079 859 1171 936 diem
1203 861 1411 955 ,appellatur
1456 859 1638 936 Orouoraut
1652 857 1681 954 ³)
1706 882 1750 934 ex
1776 857 1940 953 superiori

388 989 569 1066 nodamine
595 1010 672 1063 cum
698 985 876 1061 Thartaris
908 985 1001 1080 apud
1036 985 1168 1058 Turslro
1195 982 1280 1057 inito
1308 981 1445 1056 Polouis
1481 981 1600 1073 animi,
1636 983 1673 1057 et
1698 980 1940 1056 Thartarorum

389 1113 685 1205 quantamcunque
711 1107 966 1184 multitudinem
993 1108 1110 1181 contre
1136 1128 1173 1181 se
1199 1105 1428 1180 instauratam
1446 1103 1536 1180 uinci
1563 1125 1670 1199 posse,
1697 1106 1759 1178 aut
1776 1103 1807 1178 si
1824 1103 1860 1177 id
1877 1102 1940 1177 mi-

389 1257 454 1309 nus
481 1235 685 1328 procederet,
723 1230 856 1306 felicius
883 1229 920 1303 in
946 1229 1036 1304 bello
1067 1227 1209 1303 honesta
1236 1228 1344 1302 morto
1378 1225 1530 1322 defungi,
1567 1245 1669 1318 quam
1702 1224 1797 1302 domi,
1818 1227 1880 1300 aut
1905 1223 1941 1300 in

390 1379 477 1446 arce,
506 1358 567 1431 aut
592 1354 694 1430 iuriis
721 1352 829 1443 silvis,
858 1351 1068 1444 collibusque
1096 1348 1255 1444 turpiter,
1283 1349 1380 1424 hosta
1406 1349 1564 1424 umbrante
1580 1346 1738 1444 patriam,
1767 1347 1940 1424 delitesce·

390 1501 426 1561 re
452 1479 532 1569 rati,
561 1477 598 1551 in
623 1497 780 1571 campum
808 1473 922 1570 copias
948 1473 1108 1548 educunt.
1136 1472 1183 1546 Et
1200 1473 1292 1546 Duce
1318 1491 1379 1545 suo
1405 1469 1561 1546 Beloeleo
1587 1469 1713 1546 Pudice
1739 1491 1815 1544 cum
1835 1471 1941 1544 matra

390 1599 624 1676 Graimislaua
649 1599 685 1672 et
711 1599 863 1673 consorte
890 1595 1008 1690 Kinga
1033 1595 1124 1690 apud
1151 1592 1402 1669 Oracoriensom
1428 1615 1541 1668 arcem
1563 1591 1692 1684 relicto,
1719 1591 1943 1672 Wlorlimirus

391 1722 575 1818 palatinus,
604 1721 757 1796 Clemens
784 1719 992 1794 castellanus
1019 1715 1263 1805 cracovienscs,
1292 1715 1478 1790 Paloslaus
1501 1713 1687 1810 palatinus,
1715 1716 1856 1790 Iacobus
1872 1714 1942 1788 lta

392 1844 601 1919 cniborouioz
635 1841 844 1916 castellanus
880 1837 1170 1914 Sardemirienses
1205 1859 1281 1912 curn
1316 1837 1459 1913 caeteris
1495 1835 1677 1912 baronibus
1712 1839 1748 1912 ot
1774 1835 1943 1917 nobilibus

392 1963 619 2041 Graooriensis
645 1965 682 2038 et
708 1959 991 2037 Saudomiricnsis
1026 1960 1229 2051 Ducetuum,
1266 1957 1443 2034 Thartaris
1457 1953 1487 2053 4)
1516 1960 1692 2044 eteorum
1719 1955 1882 2052 potentiis
1908 1957 1942 2032 in

393 2085 569 2182 (lhmpolik
596 2085 680 2160 oilla
707 2105 809 2177 prope
836 2081 1003 2156 Schidlou
1030 2079 1191 2175 oppidum
1218 2079 1287 2156 sita
1313 2081 1492 2155 occurrunt
1507 2079 1547 2175 ⁶),
1583 2081 1619 2156 ot
1645 2078 1734 2153 nibil
1760 2079 1942 2154 Thartaro·

392 2231 467 2282 rum
494 2205 726 2296 multitudine,
756 2219 856 2296 quam
884 2206 920 2278 et
946 2205 989 2277 ab
1015 2201 1287 2297 exploratoribus
1313 2203 1550 2297 cognoverant,
1580 2203 1616 2276 et
1642 2199 1748 2275 oculis
1775 2199 1840 2294 ipsi
1869 2221 1942 2294 por-

393 2327 603 2421 niceronta,
632 2325 796 2417 deterriti,
826 2325 912 2402 feria
938 2325 1085 2400 secunda
1101 2323 1138 2397 in
1155 2323 1304 2399 crastino
1322 2323 1516 2399 Dominioae
1534 2323 1662 2414 Iudice,
1690 2321 1777 2396 alias
1802 2321 1942 2417 Quinto·

394 2451 521 2526 decimo
547 2449 770 2524 delendarum
795 2447 928 2542 Aprilis
946 2446 983 2520 in
1001 2445 1084 2522 solis
1110 2447 1231 2522 exortu
1249 2467 1324 2520 cum
1342 2444 1519 2520 Thamaris
1537 2443 1810 2540 congrediuntur.
1838 2443 1943 2518 Thar-

394 2571 462 2647 tari
488 2571 525 2644 in
552 2573 636 2646 duas
672 2571 802 2644 turmas
837 2569 995 2664 ingentes
1030 2570 1145 2643 tamen
1180 2567 1292 2659 divisi,
1329 2590 1397 2642 una
1432 2566 1664 2644 tantummodo
1699 2588 1775 2642 cum
1810 2563 1946 2640 Polonis

396 2692 579 2788 congressi,
625 2685 769 2767 alteram
796 2693 951 2786 paratam
978 2691 1069 2766 stare
1100 2691 1136 2765 et
1162 2688 1330 2785 pugnanti
1357 2689 1593 2782 laborantique
1619 2709 1813 2764 succursum
1840 2688 1947 2764 facore

396 2817 586 2903 iusserant3
615 2812 733 2890 Poloni
761 2835 829 2888 una
856 2811 938 2904 acie,
955 2833 1090 2906 uneqm
1116 2813 1230 2887 turma
1247 2811 1438 2908 glomerati,
1466 2812 1599 2886 nullam
1617 2810 1654 2886 in
1671 2808 1842 2900 subsidiis,
1862 2831 1946 2901 quae

395 2936 564 3012 laboranti
592 2937 705 3016 ferret,
724 2957 831 3030 opem,
860 2935 997 3030 propter
1023 2934 1178 3030 gentium
1205 2957 1342 3010 suarum
1369 2933 1587 3030 paucitatem,
1616 2931 1835 3025 reliquerant.
1865 2931 1945 3006 (lum

396 3059 506 3154 prime
532 3059 648 3152 itaque
673 3059 927 3133 Thartarorum·
942 3059 1067 3150 turma,
1095 3056 1186 3134 acies
1212 3057 1426 3149 Polonorum,
1447 3055 1544 3133 cuius
1561 3055 1695 3132 laeuum
1722 3075 1825 3132 cornu
1852 3054 1946 3148 pala·

315 3163 321 3168 ’
396 3181 491 3256 tinus
516 3181 552 3256 et
578 3177 787 3256 castellanus
822 3178 1078 3271 bracovieusee,
1115 3180 1274 3254 doxtrum
1310 3178 1484 3274 palatinus
1518 3180 1554 3254 ot
1580 3177 1788 3254 castellanus
1819 3175 1945 3252 Saudo

398 3302 572 3379 mirienses
598 3303 770 3393 tenebant,
800 3301 983 3377 fortissimo
1010 3300 1102 3377 horis
1128 3300 1260 3396 aliquot
1286 3299 1463 3394 dimicans,
1491 3298 1687 3386 fortioribus
1713 3296 1889 3382 Thartaris
1913 3297 1948 3373 ot

390 3425 463 3517 uio,
491 3423 550 3518 qui
577 3422 710 3500 ordines
737 3424 914 3516 ducebant,
944 3421 1061 3516 meeis,
1089 3446 1163 3499 cam
1190 3423 1298 3518 primo
1325 3425 1397 3500 loco
1424 3424 1550 3516 cedere,
1588 3421 1665 3498 dein
1701 3421 1817 3517 podem
1844 3420 1947 3496 relar-

396 3571 445 3639 re,
474 3546 596 3621 ultimo
622 3547 721 3641 terge
747 3547 828 3622 dare
853 3545 975 3642 coegit.
1005 3547 1130 3621 Varum
1158 3546 1335 3622 Thartaris
1361 3567 1405 3621 cn
1431 3545 1542 3641 prima
1567 3546 1681 3620 turma
1708 3543 1743 3618 in
1770 3543 1948 3620 muamus

399 3669 442 3744 ad
469 3667 620 3744 subsidia
645 3667 746 3744 facile
772 3690 808 3743 se
834 3667 1085 3764 recipientibus,
1114 3668 1262 3744 secunda
1288 3669 1532 3743 Tharterornm
1559 3668 1683 3758 turma,
1712 3664 1748 3740 iu
1767 3688 1835 3757 qua
1852 3687 1947 3761 prac-

400 3790 582 3866 stantiores
608 3790 790 3865 bellatores
816 3791 924 3881 erant,
961 3791 1133 3866 certamen
1159 3789 1251 3864 illico
1278 3788 1369 3880 iniit,
1405 3790 1441 3864 et
1467 3789 1611 3864 Polouos
1637 3787 1741 3883 priori
1768 3785 1950 3862 certamine

401 3914 462 3986 aut
488 3912 622 4002 iesssos,
651 3913 712 3986 aut
738 3911 934 3986 vulneratos
962 3909 1145 4005 plurimum
1161 3910 1190 4005 ⁷)
1217 3911 1386 3987 obtenere
1403 3909 1526 4006 coepit.
1553 3907 1805 3984 annitebantur
1831 3908 1951 4004 optimi

400 4035 519 4123 duces,
556 4031 780 4109 Wlodimirus
814 4031 1001 4128 palatinus,
1039 4033 1193 4109 Clemens
1229 4033 1436 4108 casbllanus
1470 4029 1726 4123 cremonenses,
1763 4029 1951 4106 Pakoslaus

401 4155 586 4250 palatinus,
624 4155 764 4230 Iacobus
799 4153 1063 4230 Raculborouicn
1099 4155 1307 4230 castellanus
1333 4153 1623 4231 sandomiriooaoc
1650 4176 1710 4249 pro
1737 4151 1891 4245 victoria,
1918 4155 1952 4229 et

402 4301 469 4352 non
496 4278 567 4350 tam
595 4276 728 4367 dueum,
757 4299 858 4367 quam
885 4276 1036 4352 militum
1062 4277 1191 4373 agendo
1227 4275 1388 4369 officium,
1427 4275 1594 4372 praelium
1629 4275 1666 4350 in
1701 4273 1784 4350 locis
1820 4273 1952 4368 aliquot

352 4390 357 4394 ’
401 4399 641 4474 restituerant:
679 4399 737 4474 sed
763 4399 900 4476 taudem
927 4399 1074 4494 stipsi,
1112 4401 1152 4472 nt
1170 4397 1375 4473 ,fortissimis
1402 4400 1437 4473 et
1464 4397 1603 4494 optimis
1628 4395 1798 4472 militibus
1833 4417 1952 4472 conae

403 4521 529 4611 niobat,
558 4519 677 4594 multis
703 4521 899 4596 vulneribus
926 4521 1108 4617 pugnaudo
1135 4522 1268 4616 pectore
1294 4522 1432 4597 aduorso
1458 4519 1614 4612 confossi,
1642 4519 1777 4596 cedunt.
1806 4518 1955 4614 Quorum

403 4663 540 4717 occasus
567 4665 587 4714 a
613 4643 815 4716 Polonorum
846 4641 1014 4718 militibus
1049 4644 1110 4718 aut
1137 4644 1335 4738 conspectus
1361 4643 1422 4718 aut
1448 4643 1622 4738 vulgatus,
1659 4641 1791 4717 animos
1818 4640 1954 4716 illorum

403 4763 549 4857 primum
578 4763 772 4858 perterruit,
801 4765 881 4859 post.
906 4764 1023 4860 fregit.
1068 4765 1167 4851 Unde
1194 4767 1237 4839 ab
1263 4764 1419 4857 equitatu
1455 4763 1663 4856 Thertarico,
1700 4761 1842 4840 ducibus
1867 4763 1953 4840 occi·

391 4884 571 4976 dontibus,
608 4884 726 4960 obtriti
742 4887 789 4970 wot
816 4885 898 4961 victi
924 4885 960 4960 in
986 4888 1105 4983 fugam
1131 4886 1322 4978 reduntur,
1360 4907 1420 4981 per
1446 4909 1547 4979 quam
1573 4885 1638 4963 etsi
1666 4884 1766 4960 multi
1796 4883 1897 4960 silvis
1921 4887 1955 4960 ot

403 5006 527 5082 notitia
545 5005 706 5082 itinerum
725 5006 808 5083 tecti
826 5007 1005 5101 ouamrint,
1034 5007 1140 5085 maior
1157 5009 1273 5086 tamen
1300 5029 1379 5103 pars
1406 5007 1576 5094 exercitus
1603 5005 1753 5082 Polonici
1773 5005 1808 5080 in
1827 5005 1954 5102 praelio

513 5301 648 5380 ¹)llnam
673 5301 859 5366 (dodilone.
891 5301 917 5382 ῃ)
933 5305 1095 5366 existentes
1110 5305 1171 5366 Ed.
1194 5305 1281 5383 Lipa
1314 5301 1341 5383 3)
1358 5304 1520 5368 creuerant
1535 5303 1622 5366 etiam
1641 5303 1705 5378 Ed.
1728 5303 1816 5380 Dipo.
1850 5297 1877 5380 4)
1892 5319 1953 5362 cum

405 5408 557 5468 Thortaris
580 5399 639 5472 Ed.
663 5410 751 5487 Lipa.
790 5405 817 5491 5)
840 5415 1018 5472 concurrunt
1046 5409 1107 5472 Ed.
1130 5410 1218 5489 Lipa.
1256 5406 1284 5488 ο)
1306 5409 1515 5486 praeviderant
1539 5407 1611 5478 Oed.
1634 5410 1726 5476 Reor.
1767 5404 1952 5491 ⁷)plnrimos

408 5511 467 5572 Ed.
490 5513 580 5590 Lina
623 5523 625 5530 ’
1006 5528 1010 5537 ·
1471 5531 1475 5538 ·
1615 5547 1619 5553 ,
1714 5527 1718 5535 ·
1757 5545 1759 5549 v
1806 5541 1810 5554 ,
