4246 6274
157 517 210 616 (Α.
229 515 277 594 D.
296 507 404 613 1147.)
764 539 877 594 arnan
904 537 1077 604 9999999.
1651 521 1698 595 31

156 731 240 804 Duce
267 725 486 803 Posoauiensi
514 727 745 802 consentiente
766 727 800 822 ¹),
829 728 918 822 apud
936 727 1099 802 Zneinam
1119 727 1352 802 confirmatum
1374 729 1410 803 ot
1427 729 1655 805 consecratum
1671 725 1700 822 ι1)

156 849 268 924 191911
295 870 528 953 successorem.

254 971 334 1044 Post
352 969 534 1044 discessum
562 969 744 1046 Wladislei
772 969 874 1043 Ducis
902 969 1083 1044 Bohemiae
1102 968 1137 1043 in
1155 971 1292 1045 Terram
1321 971 1480 1044 Sanctam
1508 969 1701 1044 Sobieslnus

155 1091 242 1165 filius
269 1090 431 1164 Sobieslai
458 1091 562 1166 Ducis
590 1091 781 1181 Boloeuriae,
819 1089 1334 1186 991199919199911191993),
1372 1115 1416 1165 ex
1451 1091 1610 1166 Almonis
1647 1114 1698 1165 99-

154 1213 223 1302 1111,
253 1213 420 1286 Ducatum
446 1211 627 1286 Bohemiao
655 1213 746 1287 Duce
773 1212 963 1288 Wladislao
989 1213 1129 1286 absente
1165 1212 1372 1304 (fouentibus
1389 1212 1417 1307 ⁴)
1444 1215 1478 1288 et
1506 1213 1698 1288 adiuuanti-

154 1335 210 1406 bus
238 1331 410 1405 nonnullis
437 1332 660 1406 Bohemorum
697 1331 877 1406 baronibus
913 1354 1005 1426 spem
1034 1336 1147 1426 99999)
1162 1332 1190 1424 5)
1227 1332 1415 1406 199999999.
1461 1333 1584 1406 Verum
1621 1333 1700 1405 dum

154 1454 327 1547 plerosque
353 1454 493 1527 barones
519 1453 700 1527 Bohemiae
727 1453 882 1526 dulcibus
909 1453 1118 1527 serrnonibus
1145 1455 1179 1527 et
1207 1453 1381 1546 promissis
1407 1454 1450 1528 ad
1468 1455 1582 1527 rotum
1602 1475 1700 1528 suum

155 1574 314 1650 inclinare
341 1574 525 1666 contendit,
554 1597 574 1646 9
600 1574 789 1648 'Pheobaldo
817 1575 908 1648 Duce
935 1574 1117 1650 Bohemiae
1144 1574 1326 1650 Wladislai
1353 1597 1523 1668 germano,
1553 1574 1606 1648 cui
1634 1576 1700 1647 Bo-

154 1696 295 1770 herniam
322 1697 501 1790 regendam
529 1695 741 1772 Wladislaus
777 1696 998 1786 conmriserat,
1037 1696 1169 1790 capitur
1195 1697 1230 1770 et
1257 1697 1428 1770 custodiae
1456 1696 1613 1770 carcerali
1643 1697 1699 1769 de·

153 1817 352 1912 putatoria
381 1817 653 1911 1999999191),
692 1818 884 1912 bellumque
911 1817 1111 1892 intestinum
1138 1818 1174 1892 in
1201 1818 1364 1892 Bohemia
1391 1818 1612 1893 accedendum
1645 1840 1700 1892 99-

153 1939 308 2034 ptiritete
336 1939 479 2033 praelati
508 1939 671 2014 Sobieslai
699 1962 893 2034 oppressum
921 1941 985 2015 est.

251 2059 456 2135 Duodecimn
482 2061 564 2136 Iulii
592 2060 734 2134 moritur
769 2061 998 2138 Wszearoldus
1033 2061 1112 2134 Dux
1148 2060 1359 2156 Kyoviensis,
1398 2063 1433 2136 ct
1469 2059 1699 2154 1199911997)

152 2181 239 2254 lilius
267 2181 467 2256 Wscenoldi
502 2183 644 2276 occupat
675 2182 786 2257 sedem
813 2183 1050 2278 Kyorierrsem.
1098 2181 1190 2277 Quod
1218 2203 1293 2256 cum
1320 2181 1568 2278 Kyoriensibus
1596 2182 1698 2256 mole·

152 2305 238 2376 stum
267 2302 401 2393 luisset,
429 2304 509 2376 Dux
536 2304 694 2378 19999199
720 2303 1005 2379 Percaslauicnsis
1032 2306 1074 2378 ab
1101 2303 1150 2378 eis
1178 2303 1370 2396 accersitus,
1400 2303 1499 2402 999111
1520 2303 1555 2376 19
1583 2304 1699 2398 Kyoe.

151 2424 273 2498 1199199
300 2447 399 2514 quem
426 2423 491 2498 etsi
518 2425 596 2498 Dux
624 2425 705 2499 Ihor
731 2447 807 2500 cum
835 2426 940 2500 fratre
967 2447 1026 2499 suo
1054 2425 1285 2500 Suanthosleo
1313 2447 1468 2519 egressus
1487 2425 1619 2515 luisset,
1648 2423 1699 2498 11·

152 2545 329 2620 9919911999
355 2547 469 2620 tamen
496 2568 563 2620 non
590 2547 723 2620 tentata
749 2546 842 2641 fugit
868 2550 1021 2638 uterqrm,
1050 2548 1084 2620 et
1104 2526 1279 2620 rszasraus‘
1300 2546 1334 2620 in
1355 2550 1502 2620 castrum
1530 2546 1700 2642 Kporien-

151 2688 186 2742 99
212 2666 349 2740 introiit
375 2689 449 2742 cnm
478 2668 590 2744 199999
617 2671 651 2742 91
678 2668 800 2762 gloria.
829 2670 911 2743 Post
938 2671 1080 2761 quatuor
1107 2670 1220 2744 autem
1248 2669 1320 2744 dies
1347 2669 1428 2742 lhor
1454 2669 1632 2744 adducitur
1658 2669 1700 2742 ad

149 2789 336 2862 lsaaslaum
364 2789 529 2884 captivae,
558 2811 656 2883 quem
684 2789 720 2862 in
748 2789 949 2864 monasterio
977 2790 1092 2864 Sancti
1121 2789 1284 2864 Iohannis
1311 2789 1346 2864 in
1374 2791 1574 2880 Poroselene,
1602 2790 1699 2864 adhi-

148 2910 227 2984 bitis
255 2910 462 3000 custodibus,
491 2911 603 2984 tenuit
628 2911 664 2984 in
691 2933 841 2987 carcere:
869 2911 1358 3004 9919999991919999999999,
1388 2911 1521 3005 petiuit,
1551 2914 1590 2985 ut
1620 2911 1699 2986 1199-

147 3033 255 3106 99191
287 3033 322 3105 19
349 3033 553 3107 sacerdotem
589 3032 694 3125 tondi,
732 3035 767 3107 et
803 3033 1019 3127 permittente
1055 3034 1216 3122 lsceslao,
1254 3035 1372 3107 tonsus
1407 3034 1471 3107 est.
1519 3033 1589 3107 Nec
1625 3036 1701 3127 post

147 3155 274 3228 nrultos
301 3153 373 3227 dies
399 3154 670 3248 conspirantibus
706 3155 869 3228 fratribus
903 3155 985 3229 lhor
1020 3155 1169 3230 Ducibus
1195 3155 1236 3228 de
1263 3154 1453 3250 Gnirnpeorr
1468 3153 1507 3248 ⁸),
1536 3155 1701 3228 seditione

147 3274 392 3371 Kyoriensium
419 3277 548 3368 exorta,
586 3297 686 3368 quarn
714 3276 1070 3352 Wlodimirnsfrater
1097 3276 1239 3350 19999191
1267 3277 1455 3367 sedaturus,
1494 3297 1612 3370 parum
1640 3279 1698 3350 ab·

146 3397 223 3488 luit,
253 3397 338 3488 quin
366 3397 402 3471 et
428 3395 501 3491 ipse
524 3395 721 3490 violaretur,
750 3397 790 3472 de
817 3397 969 3489 ecclesia,
998 3396 1034 3470 in
1061 3419 1128 3490 qua
1155 3398 1235 3470 Ihor
1262 3399 1388 3488 orabat,
1426 3397 1567 3472 eductus
1594 3397 1699 3470 inter-

146 3517 272 3592 191199.
897 3536 901 3542 ’

249 3638 477 3734 suggestione
503 3639 612 3714 hostis
647 3639 780 3734 generis
816 3640 955 3715 hannani
990 3641 1100 3715 Duces
1135 3638 1290 3731 Russiae,
1327 3639 1486 3715 uidelicet
1521 3639 1698 3735 Georgius,

145 3761 376 3850 muceranus,
404 3760 550 3836 019191
578 3761 840 3852 Snanthoslaus
869 3763 1018 3836 stimulis
1045 3762 1190 3836 19911199
1218 3761 1342 3856 agitati
1369 3764 1486 3836 contra
1513 3761 1700 3836 Isnaslaum

145 3883 376 3978 Kyoviensem
411 3883 537 3957 Ducem
573 3882 767 3978 insurgunt,
796 3886 836 3959 de
863 3886 940 3958 sede
971 3883 1154 3978 Kyouiensi
1183 3884 1282 3957 illum
1317 3883 1507 3958 exclusuri:
1544 3883 1602 3976 qui
1630 3885 1698 3958 ool-

144 4005 244 4078 lcctis
271 4003 379 4098 copiis
405 4003 499 4078 99111
526 4006 644 4078 999199
670 4027 737 4079 999.
766 4006 812 4080 111
838 4005 992 4098 quamuis
1021 4004 1298 4100 metropolitanus
1324 4004 1528 4099 Kyorieusis
1554 4004 1700 4099 recipere

143 4147 261 4218 pacem
290 4123 478 4198 multifarie
506 4125 739 4219 persuasisset,
778 4127 947 4202 Isnaslaus
983 4128 1097 4201 tamen
1127 4126 1161 4199 in
1188 4125 1408 4200 innititudine
1444 4126 1498 4199 sui
1529 4125 1699 4200 exercitus

144 4246 293 4320 9991999
306 4246 348 4340 ⁹),
377 4245 469 4320 11911
505 4247 752 4339 consultatione
779 4247 968 4343 991991911),
997 4247 1223 4343 congreditur,
1252 4251 1288 4322 91
1313 4248 1431 4321 multis
1458 4247 1513 4321 hic
1539 4247 1617 4321 inde
1643 4269 1698 4322 oc·

144 4367 317 4458 dentibus,
346 4367 389 4441 ad
415 4369 601 4443 extremum
630 4370 828 4445 succumbit.
862 4369 1021 4444 Pluribus
1048 4391 1179 4462 quoque
1206 4369 1246 4443 de
1273 4369 1343 4443 suis
1370 4370 1430 4444 aut
1449 4368 1701 4462 desideratis¹¹)

143 4489 203 4561 ant
230 4487 359 4582 captis,
387 4487 460 4582 ipse
487 4488 624 4583 fugiens
660 4490 753 4565 uenit
780 4491 814 4563 in
843 4491 959 4586 Kyon,
997 4489 1267 4581 obsidionemque
1294 4512 1314 4562 9
1341 4489 1523 4566 9191991199
1558 4489 1698 4578 9991199,

142 4613 281 4705 recepta
301 4631 405 4684 uxore
432 4611 467 4684 et
493 4608 587 4702 filiis,
617 4609 652 4684 in
671 4612 823 4686 Lucaslro
844 4611 993 4686 11999111.
1022 4609 1186 4705 Georgius
1212 4633 1289 4686 9999
1315 4611 1404 4700 Dur,
1433 4611 1577 4686 caeteris
1600 4612 1700 4684 illum

142 4730 297 4806 Ducibus
325 4729 575 4822 911999911199,
605 4732 750 4827 primum
777 4733 964 4808 Pereaslarr
992 4731 1175 4826 ingressus,
1204 4732 1362 4825 posthaec
1389 4731 1424 4805 in
1451 4733 1557 4827 Kyoe
1584 4755 1700 4828 perve-

141 4851 196 4926 nit
223 4855 260 4928 et
290 4851 328 4925 in
355 4851 432 4926 sede
458 4854 601 4946 paterna
620 4855 654 4928 et
673 4854 765 4928 99119
791 4853 954 4928 99999111.
981 4854 1153 4927 1999991999
1171 4856 1284 4927 autem
1310 4854 1389 4926 Dux
1415 4856 1450 4928 et
1477 4850 1588 4928 sedem
1607 4853 1699 4949 Kyo-

141 4975 305 5049 ariensem
332 4973 590 5068 recrrperaturus
616 4977 651 5050 et
677 4975 804 5050 cladem
833 4975 1005 5070 acceptam
1038 4975 1258 5066 correcturus,
1296 4973 1468 5069 coepitio
1495 4975 1640 5049 Polonos
1666 4979 1702 5050 et

254 5165 280 5244 ¹)
305 5167 508 5228 consentiente
530 5168 607 5228 919991
629 5167 664 5227 19
692 5163 763 5228 Ood.
776 5166 849 5227 Aet.
882 5165 910 5245 α)
933 5167 963 5225 19
979 5167 1148 5240 episcopum
1170 5162 1578 5228 999999991999091.11999.
1611 5163 1699 5244 1)99·

142 5273 179 5334 19
202 5271 431 5347 9919-19991999
457 5269 643 5332 999199.
683 5265 710 5346 ⁴)
733 5269 897 5330 laventibus
928 5269 987 5329 Ed.
1010 5270 1104 5329 Dobr.
1144 5265 1321 5345 ὅ)999999
1346 5268 1526 5332 11111919.
1565 5267 1591 5348 ο)
1613 5269 1701 5330 Prae·

140 5377 250 5438 menda
273 5375 337 5436 Ed.
360 5375 456 5436 Dobr.
496 5370 593 5452 τ)199
609 5374 668 5436 Ed,
691 5375 786 5434 Dobr.
826 5371 1054 5452 ⁸)Gzernieiow
1076 5373 1136 5433 Ed.
1159 5374 1254 5435 Dobr.
1293 5369 1321 5453 ο)
1344 5374 1493 5436 99911999
1519 5372 1699 5438 09111999.

145 5477 189 5564 ¹⁰)
212 5479 343 5542 consilio
366 5479 477 5546 reiecto
503 5476 573 5542 Ooot.
596 5478 689 5542 aar.
731 5474 771 5560 ¹¹)
794 5477 899 5540 occisis
926 5475 1111 5540 00111011·
