4162 6288
390 559 465 635 370
889 625 892 632 .
993 582 1105 636 crena
1132 581 1326 638 snerrrrrrs.
1659 561 1939 660 (Α.ῠ.1259.)
1979 612 1981 616 -

388 768 558 864 praesenti
591 766 791 845 nummilate
817 789 926 844 suaa
952 769 1109 844 Boleslao
1144 768 1205 844 Pio
1235 767 1431 844 dalissieusi
1466 769 1558 845 Duce
1593 769 1793 846 transmissa
1812 771 1847 864 ¹),
1877 770 1939 846 ha·

389 895 470 988 bens
498 892 635 985 insuper
661 890 697 964 in
724 911 784 964 suo
810 889 974 966 comitatu
1001 890 1194 986 episcopum
1212 891 1483 987 Kampeucnsem
1501 890 1771 987 wolinirun‘p,
1799 890 1858 984 qui
1886 891 1939 965 iu-

388 1013 494 1088 iurias
521 1012 586 1086 sibi
612 1016 682 1086 tam
710 1011 746 1085 in
772 1011 869 1086 villis
904 1011 1118 1107 episcopatus
1145 1012 1197 1086 sui
1226 1012 1299 1088 illic
1325 1012 1600 1104 consistentibus,
1638 1035 1739 1104 quam
1766 1012 1802 1086 in
1830 1011 1938 1087 mani-

388 1133 564 1229 pularibus
591 1132 730 1208 decimis
757 1132 885 1224 illatas,
914 1156 1019 1228 aeque
1047 1134 1318 1228 propulsaturus,
1346 1135 1537 1225 advenerat,
1566 1133 1602 1208 in
1630 1136 1755 1210 terram
1781 1135 1939 1210 Pomera·

388 1255 464 1330 niae
492 1254 636 1349 praefati
653 1252 681 1348 3)
708 1255 1000 1350 Suantopellronis
1027 1255 1201 1329 hostiliter
1227 1255 1418 1350 ingreditur
1432 1256 1471 1350 ⁴),
1500 1279 1640 1348 eamque
1658 1257 1835 1349 incendiis,
1864 1279 1937 1333 cao·

388 1377 486 1451 dibus
511 1381 547 1450 et
573 1375 891 1470 depopulationibus
917 1378 1052 1452 vastare
1079 1376 1201 1470 coepit.
1230 1377 1272 1450 In
1299 1378 1384 1472 Slup
1407 1379 1520 1453 autern
1539 1378 1747 1472 perseriano,
1776 1382 1816 1454 ut
1833 1401 1937 1473 expe·

387 1497 493 1572 ditius
520 1496 703 1571 vastationi
720 1497 748 1590 5)
774 1497 886 1572 terrae
914 1497 1051 1571 hostilis
1086 1496 1331 1592 intenderet⁶),
1369 1498 1613 1592 impedimenta
1647 1501 1682 1574 et
1708 1499 1872 1590 sarcinas,
1898 1521 1938 1573 ac

388 1641 447 1712 pro
472 1617 627 1694 xcustodia
662 1617 800 1691 illarum
835 1617 1029 1712 episcopum
1055 1619 1324 1713 Kamyenensem
1340 1618 1369 1712 7)
1396 1641 1472 1693 cum
1499 1619 1616 1710 aliqua
1642 1621 1738 1714 parte
1764 1619 1936 1715 copiarum

387 1739 423 1812 in
450 1737 586 1812 stativis
621 1737 844 1833 Slupeusibus
879 1739 1086 1832 relinquens,
1124 1739 1197 1833 ipse
1223 1762 1299 1814 cum
1335 1739 1475 1814 delectis
1501 1742 1537 1814 et
1563 1739 1733 1834 expeditis
1768 1741 1936 1815 militibus

387 1860 429 1933 ad
456 1859 657 1934 vastandum
685 1859 734 1934 ire
761 1859 885 1953 pergit.
913 1859 984 1953 Quo
1011 1859 1227 1954 Suantopellr
1253 1862 1297 1934 ab
1323 1860 1595 1954 exploratoribus
1627 1863 1806 1956 comperto,
1836 1862 1936 1938 War-

386 1979 528 2054 cislaum
556 1980 691 2070 quidem
717 1980 981 2055 Kaszubitarum
1008 1982 1144 2072 Ducem,
1183 1983 1345 2076 reputans
1377 2003 1452 2056 cum
1479 1981 1540 2056 illo
1567 1983 1743 2057 decernere
1769 1982 1935 2077 periculo·

385 2123 472 2192 sum,
509 2101 656 2194 grassari
685 2101 719 2174 in
748 2102 900 2176 subditos
936 2105 971 2177 et
1007 2104 1098 2177 tecta
1133 2102 1196 2194 uri,
1236 2103 1445 2197 praedesque
1471 2105 1506 2178 et
1532 2102 1643 2197 spolia
1669 2125 1768 2198 agere
1795 2104 1934 2198 permit·

385 2223 474 2314 tens,
503 2221 576 2316 ipse
612 2222 648 2295 in
683 2222 875 2317 episcopum
910 2222 1224 2318 Kenyenenaenu
1256 2225 1291 2299 et
1317 2223 1445 2298 milites
1481 2224 1524 2298 ad
1559 2223 1874 2319 impedimentorum
1900 2227 1935 2301 et

384 2343 592 2419 sarcinarum
619 2345 805 2420 custodiam
833 2344 1067 2421 aWarcisluo
1093 2345 1240 2436 relictos,
1270 2368 1344 2419 cum
1372 2345 1532 2440 gentibus
1564 2345 1676 2436 irruit,
1712 2347 1747 2421 at
1783 2345 1934 2421 incautos

385 2465 578 2560 opprimens
605 2467 641 2542 et
666 2467 851 2557 debellans,
879 2465 1033 2561 episcopo
1052 2467 1280 2563 Kampenensi
1295 2466 1324 2560 9)
1351 2488 1427 2541 cum
1453 2467 1570 2561 paucis
1597 2467 1681 2562 fuga
1706 2468 1832 2562 elapso,
1860 2489 1933 2543 cae

385 2589 475 2662 teros
503 2609 616 2662 omnes
643 2589 703 2661 aut
730 2587 850 2663 occidit
877 2590 939 2661 aut
965 2587 1128 2682 captivat,
1166 2587 1386 2679 omnibusque
1421 2587 1541 2683 spoliis
1567 2587 1707 2683 potitus,
1740 2589 1933 2684 priusquam

384 2732 406 2784 a
433 2709 621 2784 Warcislao
647 2710 683 2783 et
710 2709 783 2783 eius
816 2708 968 2783 exercitu
1003 2707 1149 2804 opprimi
1186 2710 1309 2803 posset,
1347 2709 1383 2782 in
1410 2711 1521 2783 castra
1546 2711 1582 2784 et
1609 2709 1827 2801 munitiones,
1856 2711 1933 2805 plus

385 2829 471 2906 lucri
499 2829 628 2924 spoliis,
657 2851 758 2923 quam
785 2853 827 2906 ex
852 2829 969 2905 hostili
996 2831 1186 2906 vastatione
1213 2829 1326 2906 damni
1354 2831 1565 2924 consecutus,
1593 2853 1629 2907 se
1656 2830 1794 2926 recepit.

383 3196 568 3272 desinitur
594 3194 754 3287 dapariac
780 3197 853 3269 ltux
879 3195 940 3268 arb
968 3195 1118 3269 absentia
1144 3195 1288 3271 boleslai
1316 3195 1526 3270 britaniensis
1551 3195 1657 3285 braia,
1683 3195 1843 3298 mortu
1861 3196 1932 3268 otu

383 3321 512 3393 vastat:
539 3336 634 3410 quan
659 3317 829 3389 boleslaus
857 3335 876 3389 a
903 3319 997 3408 tergo
1024 3334 1202 3408 arguamus
1229 3315 1390 3408 profligat,
1417 3321 1452 3389 ot
1470 3335 1541 3390 carr
1565 3333 1683 3408 magra
1710 3317 1858 3409 potantia
1875 3318 1931 3391 ite-

693 3455 763 3511 run
790 3437 945 3511 Krrlnlri
972 3441 1078 3511 tonas
1106 3436 1233 3512 trrrdlt
1259 3440 1294 3511 ct
1319 3437 1502 3511 cancrena
1525 3437 1622 3530 capit.

485 3679 603 3757 Vicsm
629 3677 830 3765 sudationis
865 3681 975 3756 terrae
1010 3701 1091 3755 suae
1125 3678 1345 3777 Guyariensis
1380 3701 1441 3774 per
1466 3677 1660 3755 Boleslaum
1692 3677 1929 3754 Galissieneenr

381 3804 417 3880 et
442 3802 670 3881 Warcislaum
705 3799 988 3894 Kasnubitarum,
1027 3801 1155 3893 Duces,
1193 3800 1379 3876 infortunio
1410 3800 1559 3876 eiusdem
1594 3799 1697 3876 Ducis
1731 3799 1927 3892 Warcislai,

382 3925 469 4018 quod
488 3925 531 3999 ad
549 3923 731 4018 Slupenses
750 3921 914 3998 stationes
932 3921 1203 4017 aSwantopsllro
1222 3922 1421 4016 pertulerat,
1441 3922 1588 4017 accepto,
1608 3919 1802 3996 Karimirus
1820 3921 1928 4018 (lupa-

381 4044 515 4136 riensis,
543 4042 772 4120 Lanciciensis
798 4043 834 4118 et
860 4042 1065 4119 Siradiensis
1091 4043 1171 4117 Dux
1197 4063 1409 4138 repensurus,
1438 4045 1564 4118 terram
1586 4041 1823 4118 Galissiensem
1852 4063 1928 4116 cum

381 4166 536 4242 omnibus
562 4163 634 4239 suis
660 4162 824 4259 potentiis
850 4163 1060 4239 clandestine
1087 4162 1272 4259 ingressus,
1310 4165 1439 4256 quanta
1466 4165 1579 4258 potest
1605 4163 1760 4268 ampliori
1787 4161 1929 4237 saevitia

380 4286 417 4361 in
442 4285 516 4361 eius
542 4284 803 4362 destructionem
822 4283 867 4380 ¹⁰)
893 4283 1129 4360 debacchatur.
1164 4283 1259 4380 Quod
1284 4305 1361 4360 cum
1387 4307 1448 4380 per
1474 4284 1617 4360 celerem
1643 4283 1802 4358 nuntium
1827 4284 1928 4359 Bole-

380 4407 473 4483 slaus
491 4395 579 4481 Pius'
599 4405 813 4482 dalissiensie
839 4406 930 4498 Dux,
958 4429 1002 4482 ex
1024 4404 1167 4480 Kalisch
1195 4405 1231 4479 in
1258 4405 1461 4480 Poenaniam
1488 4403 1719 4499 iterfaciens,
1747 4405 1927 4500 comperis-

379 4529 443 4620 set,
471 4549 515 4603 ex
542 4527 649 4603 medio
675 4527 797 4603 itinere
823 4547 987 4619 reuersus,
1024 4525 1172 4622 triginta
1207 4526 1439 4601 tantummodo
1474 4525 1642 4601 militibus
1669 4525 1705 4600 in
1731 4527 1816 4602 locis
1843 4548 1927 4619 quae

280 4673 286 4689 ,
379 4647 588 4744 praeteribat
625 4647 824 4738 recollectis,
860 4667 937 4722 cum
972 4645 1182 4722 curiensibus
1219 4647 1254 4721 et
1280 4645 1505 4722 familiaribus
1535 4645 1616 4739 suis,
1654 4646 1924 4742 agrestibusque,

376 4769 502 4864 quibus
518 4789 628 4866 ,pecus
661 4771 815 4865 ereptum
850 4769 934 4860 erat,
971 4767 1182 4843 Kanimirum
1217 4768 1343 4844 Ducem
1378 4769 1414 4843 et
1449 4767 1635 4844 exercitum
1669 4788 1769 4842 suum
1805 4768 1926 4863 praeda

378 4891 538 4968 onustum
563 4893 599 5004 et
624 4909 726 4986 pecus
752 4889 911 4986 agentem
932 4887 976 4983 ¹¹)
1002 4887 1201 4967 insectatur.
1237 4887 1342 4985 Quem
1369 4887 1406 4962 in
1432 4887 1549 4983 pinoso
1576 4911 1721 4982 nemore,
1750 4889 1839 4983 quod
1865 4889 1924 4964 So·

485 5203 509 5282 ¹)
532 5204 560 5264 ei
582 5203 755 5264 transmissa
780 5199 852 5263 Ood.
875 5197 968 5262 Rcar.
1008 5195 1036 5280 ⁹)
1060 5195 1263 5262 Cuiariensem
1292 5197 1452 5263 Velmirum
1481 5197 1551 5264 Ood.
1574 5197 1666 5263 Roaer.
1704 5195 1732 5278 3)
1754 5198 1827 5260 dicti
1853 5195 1923 5261 σοι).

377 5303 470 5370 Rosr.
502 5303 529 5384 ⁴)
551 5307 671 5368 advenit
696 5304 765 5367 θοι).
788 5303 862 5365 Aac.
897 5299 923 5381 ⁵)
946 5305 1141 5366 vastationem
1163 5305 1222 5366 Ed.
1245 5305 1331 5382 urps.
1363 5302 1391 5384 6)
1412 5309 1598 5378 promoveret
1620 5302 1680 5364 Ed.
1703 5301 1791 5379 Lipa.
1824 5301 1922 5380 7)οιι·

293 5431 297 5441 ·
375 5409 534 5472 lavieusem
565 5405 635 5472 cos.
658 5411 752 5471 Rota.
791 5405 1043 5485 ¹)Guiaviensem
1074 5404 1146 5468 dud.
1171 5410 1264 5469 Roaer.
1295 5403 1325 5489 9)
1348 5408 1514 5470 Ouiariensi
1549 5407 1620 5469 eoa.
1642 5407 1735 5468 Bora.
1774 5403 1815 5484 ¹⁰)
1836 5407 1923 5467 dera-

376 5515 533 5580 sationem
559 5513 629 5576 θοι).
652 5514 746 5578 Roar.
791 5509 831 5591 ¹¹)
854 5511 1019 5588 abigentem
1044 5510 1115 5574 coo.
1139 5511 1231 5576 Rosr.
