4246 6274
167 535 430 634 (0.Α.114,4.)
777 560 887 614 crena
914 559 1084 622 ouranos.
1651 542 1697 614 13

158 746 237 848 cari
255 746 465 839 credidisset,
501 749 592 824 torta
616 749 707 840 adeo
733 748 768 822 et
793 751 991 824 exacerbata
1017 749 1080 839 est,
1117 749 1155 822 ut
1190 747 1327 828 abillo
1363 749 1510 843 tempore
1544 747 1699 823 muliebri
1826 838 1827 845 Ν

170 891 268 961 mors,
296 869 441 961 qualiter
467 891 540 946 eam
567 869 722 944 iniuriam
754 870 864 944 ultum
891 869 932 944 iri
960 872 1083 964 posset,
1120 868 1223 944 uariis
1249 869 1383 961 studiis,
1419 869 1577 962 uarioque
1603 871 1699 945 aestu
1831 898 1832 905 ¹

170 989 292 1067 mentis
318 990 506 1082 certauerit,
533 993 568 1066 et
595 991 663 1068 irae
689 989 865 1086 impotens,
902 992 1090 1087 neglectam
1118 1014 1139 1066 a
1164 990 1235 1066 viro
1261 993 1296 1066 st
1322 990 1421 1067 nimis
1448 991 1567 1068 leuiter
1592 993 1699 1067 latam

170 1113 327 1188 iniuriam
362 1135 456 1190 suam
491 1112 758 1209 indignabunda,
790 1112 936 1205 qualiter
970 1113 1011 1189 ds
1045 1114 1144 1188 Petro
1179 1111 1306 1189 domito
1339 1113 1493 1190 serenus
1521 1114 1630 1189 ultum
1657 1113 1700 1188 iri

169 1228 288 1333 possit,¹
317 1233 540 1330 exquisitione
560 1235 583 1330 ¹)
610 1236 773 1310 volvebat.
802 1237 853 1309 Ea
881 1235 993 1327 itaque
1020 1233 1188 1310 occasione
1214 1237 1329 1330 (quam
1355 1233 1549 1330 retulimus)
1574 1235 1699 1326 oblata,

170 1358 260 1434 omni
286 1359 418 1448 conatu,
446 1357 600 1452 omnique
626 1357 713 1449 nisu,
741 1356 878 1433 consilio
904 1361 1006 1450 atque
1033 1379 1144 1449 suasu,
1174 1359 1212 1432 ut
1239 1357 1279 1433 de
1305 1359 1404 1433 Petro
1421 1357 1558 1434 ¹(lomite
1589 1365 1699 1433 surna-

170 1465 225 1556 tur
251 1479 347 1570 ultio,
376 1479 556 1556 Wladislai
582 1478 684 1555 Ducis
710 1477 774 1555 riri
802 1479 854 1554 sui
882 1501 1019 1575 aegrum
1035 1479 1062 1574 ²)
1089 1479 1238 1554 animum
1273 1479 1417 1575 perlicit,
1454 1501 1637 1576 suggerens
1662 1502 1701 1556 ec

171 1599 329 1690 incolumi
356 1599 468 1694 ullo³l
496 1603 593 1696 paco
619 1601 755 1696 plenum
782 1601 892 1696 Regni
919 1600 1075 1678 Polouiao
1110 1601 1293 1676 dominium
1327 1600 1451 1677 Ducem
1477 1599 1702 1678 Wladislaum

169 1725 395 1811 obtenturum.
424 1722 612 1798 studiosius
638 1745 769 1815 quoque
796 1723 913 1799 deinde
941 1723 1132 1818 compositis
1150 1722 1431 1814 simulationibus,
1451 1725 1494 1798 et
1521 1747 1580 1819 por
1606 1746 1642 1800 se
1667 1725 1703 1800 ot
1797 1827 1799 1834 Ι
1919 1757 1923 1824 5
1937 1679 1948 1742 ᾖ
1981 1692 1996 1813 ,Δ
2033 1764 2035 1773 ‚
2065 1712 2070 1723 “

169 1869 230 1942 per
255 1845 350 1938 alios,
378 1867 461 1938 quos
487 1845 551 1920 sibi
578 1847 618 1919 ad
645 1845 679 1919 id
705 1846 812 1921 scelus
848 1845 981 1921 facilius
1016 1845 1254 1920 conficiendum
1289 1845 1498 1936 adiunxerat,
1528 1845 1562 1920 in
1590 1868 1703 1922 nocem

170 1968 264 2044 Petri
289 1967 439 2058 domitis,
474 1967 570 2059 quasi
596 1967 809 2044 rebellionem
837 1971 871 2043 et
897 1967 1123 2058 deiectionem,
1160 1971 1260 2062 atque
1286 1968 1465 2062 renenis⁴l
1500 1990 1620 2044 necem.
1640 1969 1701 2043 du-

168 2092 277 2196 calem
303 2089 506 2181 meditantis,
533 2087 681 2164 animum
709 2089 774 2163 viri
801 2112 919 2186 urgere
945 2090 1065 2185 coepit.
1091 2091 1138 2164 Et
1155 2089 1244 2181 lieet,
1274 2113 1318 2195 ne
1342 2090 1375 2166 id
1402 2091 1528 2186 ageret,
1556 2081 1578 2166 a
1604 2089 1702 2166 timo·

167 2212 256 2288 ratis
280 2211 632 2308 virisadmoneretur,
669 2211 755 2285 nihil
790 2214 904 2286 tamen
939 2211 1099 2303 diuinum,
1137 2211 1224 2286 nihil
1259 2211 1410 2307 dignum,
1447 2212 1549 2287 nihil¹
1569 2211 1703 2288 salubre

167 2334 262 2422 auris
287 2333 487 2409 admittebat
522 2331 682 2424 mulieris,
721 2332 901 2428 maiorique
938 2333 1076 2408 ultionis
1111 2334 1277 2430 flagrabat
1310 2334 1436 2427 ardore,
1477 2357 1561 2429 quas
1593 2332 1704 2430 potius

169 2479 231 2553 pro
256 2455 367 2532 debito
394 2454 581 2552 coniugalis
608 2455 753 2530 muneris
779 2459 889 2532 errata
915 2455 976 2531 viri
1004 2455 1182 2551 reprimere
1209 2459 1245 2530 et
1270 2455 1391 2532 officiis
1417 2455 1488 2532 suis
1522 2455 1624 2531 otiam
1642 2455 1703 2532 fla·
1772 2463 1779 2475 '

166 2578 332 2675 gitiorum
358 2577 518 2653 inuidiam
545 2599 758 2673 cornpensaro
783 2577 963 2671 debuisset.
992 2579 1165 2654 (laetorum
1192 2601 1266 2654 curn
1293 2579 1336 2654 ad
1362 2579 1564 2674 explendum
1587 2577 1621 2652 in
1639 2579 1702 2654 Ps-

169 2705 224 2778 tro
251 2700 378 2778 Gemite
404 2699 545 2792 facinus,
574 2701 662 2793 quod
689 2699 843 2776 muliebri
870 2700 979 2776 animo
1006 2703 1233 2796 comparatum
1252 2703 1334 2793 erat,
1363 2700 1449 2776 fidus
1477 2699 1640 2792 minister,
1669 2700 1704 2775 et

165 2823 226 2912 ¹cui
253 2845 411 2898 arcanum
438 2821 523 2896 illud
550 2823 634 2915 tute,
668 2845 709 2898 ne
736 2823 939 2918 proderetur,
967 2822 1129 2898 committi
1165 2825 1286 2918 posset,
1324 2821 1525 2899 necessarius
1556 2841 1705 2898 consere·

161 2949 229 3024 ,tur
243 2945 284 3040 ⁵),
312 2965 386 3019 cum
412 2947 599 3040 appareret,
629 2965 697 3020 rem
725 2967 784 3040 per
810 2966 845 3022 so
863 2945 1093 3037 execrabilem,
1122 2947 1156 3020 ot
1174 2967 1259 3037 quae
1285 2967 1351 3019 non
1378 2944 1451 3020 sino
1467 2931 1713 3020 administrun-'

168 3067 218 3142 tis
245 3066 342 3141 illam
367 3064 512 3142 euidenti
548 3068 682 3162 proptor
717 3067 811 3142 Petri
846 3066 995 3158 domitis,
1033 3089 1099 3161 qua
1129 3067 1287 3162 pollebat,
1325 3065 1521 3163 potentiam,
1559 3065 1707 3162 periculo

168 3187 291 3266 confici
317 3190 429 3284 posset
440 3187 482 3284 ἒ),
512 3187 664 3284 singulos
698 3209 827 3284 quoque
853 3190 1098 3284 aspernaturos,
1136 3190 1285 3285 Dobpssu
1312 3188 1414 3264 adid
1441 3189 1579 3266 idoneus
1603 3187 1706 3280 risus,

168 3311 341 3408 priuatam
368 3313 403 3388 et
429 3310 500 3406 ipsc
527 3311 761 3386 contumeliam
793 3311 828 3386 iu
855 3313 953 3388 Petro
989 3311 1115 3388 Gemite
1150 3312 1295 3403 ulturus,
1333 3310 1506 3408 deligitur.
1552 3309 1616 3410 Qui
1642 3309 1708 3386 etsi

169 3455 258 3510 onus
285 3433 517 3508 detestandum
544 3433 579 3507 in
606 3433 764 3509 Ducissae
790 3433 955 3510 Gristinae
982 3435 1140 3525 fauorem,
1168 3456 1252 3528 quaa
1278 3431 1381 3509 ctiam
1408 3433 1461 3507 illi
1489 3433 1523 3510 in
1551 3431 1708 3508 facinoris

168 3555 359 3652 praemium
385 3555 477 3631 Petri
504 3555 653 3649 Gouritis,
682 3579 746 3650 quo
772 3555 983 3653 vigilantius,
1011 3555 1256 3651 studiosiusque
1281 3578 1352 3632 rem
1378 3557 1503 3652 ageret,
1523 3557 1608 3631 bona
1634 3554 1707 3650 pol·

169 3679 351 3770 licebatur,
388 3677 598 3774 suscepisset,
637 3701 755 3773 parum
781 3681 894 3782 tamen
921 3701 958 3754 se
987 3678 1143 3772 ualidum,
1172 3681 1211 3752 ut
1236 3677 1270 3753 id
1297 3680 1563 3770 consequeretur,
1594 3699 1707 3754 cense-

169 3803 243 3893 bat,
273 3822 340 3875 una
366 3801 408 3875 ad
434 3800 468 3874 id
495 3800 742 3896 commodosa⁷l
769 3800 924 3876 muliebri
951 3800 1085 3896 ingenio
1112 3800 1322 3896 aperiebatur
1348 3799 1413 3892 via,
1442 3800 1471 3874 si
1498 3802 1634 3875 Petrum
1655 3783 1718 3873 ιιί-Ι

167 3923 224 3996 hil
259 3944 304 3997 ex
339 3924 535 4018 praeparato
570 3925 727 4018 agentem
763 3923 799 3997 in
834 3922 954 4000 alienis
989 3923 1125 3999 aedibus
1164 3921 1395 4018 oppressisset.
1440 3923 1709 4017 Desponsarerat

162 4043 341 4140 stenimb
368 4045 487 4126 Petrus
513 4044 723 4120 Skrnincnsis
749 4044 863 4120 (lomes
889 4045 995 4121 filiam
1022 4068 1117 4120 suam
1144 4045 1248 4120 laxae
1275 4043 1358 4120 Duci
1385 4043 1529 4136 Sattiae,
1563 4028 1708 4120 celebra·

166 4167 366 4258 tionemque
400 4165 595 4270 nuptiarum
631 4165 667 4240 in
699 4166 970 4246 Wratislauieusi
1006 4166 1152 4258 civitate,
1181 4169 1219 4242 ut
1245 4165 1490 4261 receptaculum
1522 4163 1710 4268 hospitibus

157 4291 274 4382 esset,
303 4289 338 4363 et
363 4288 537 4369 hastarum
554 4289 669 4380 ludos,
699 4289 845 4384 praemio
880 4289 1048 4386 proposito
1083 4288 1276 4380 uictoribus,
1305 4288 1483 4366 indixerat.
1529 4287 1608 4364 Illic
1643 4289 1709 4364 Do-

165 4415 273 4507 byesz
291 4410 481 4502 frequentia
498 4411 685 4494 satellitum
711 4412 819 4486 fultus
847 4411 1015 4504 accedens,
1044 4414 1181 4487 Petrum
1208 4409 1369 4486 [tomitem
1396 4409 1631 4486 Skrninenscm
1657 4409 1710 4484 in·

165 4531 307 4608 cautius
333 4553 369 4606 se
396 4531 432 4606 in
458 4531 601 4627 hospitis
629 4555 752 4607 morem
778 4535 950 4628 gerentem
982 4533 1142 4628 captivat,
1180 4531 1395 4624 uinctumque
1421 4554 1465 4608 ex
1490 4530 1711 4608 Wratislcria
1760 4579 1763 4584 ·

166 4653 289 4742 educit
328 4657 363 4728 et
388 4653 472 4729 Duci
499 4653 686 4730 Wladislao
713 4656 917 4750 praesentat,
954 4654 1213 4751 nuptiarumque
1244 4653 1480 4730 solennitatem
1508 4653 1711 4749 perturbatis

159 4773 366 4870 conuiuisb
393 4775 516 4862 foedat.
561 4775 628 4850 Diu
656 4775 690 4850 in
718 4798 794 4850 eum
820 4775 1030 4862 Wladislaus
1058 4777 1135 4851 Dux
1162 4775 1340 4871 quicquum
1375 4775 1511 4872 gravius
1541 4775 1711 4851 consulere

164 4898 407 4988 cunctabatur,
436 4899 470 4971 et
496 4896 687 4983 innocentia
712 4897 787 4989 viri,
815 4901 850 4974 et
876 4898 1069 4974 meritorum
1095 4898 1170 5000 cius
1194 4898 1230 4974 in
1257 4920 1293 4974 se
1318 4899 1353 4974 et
1380 4900 1520 4993 patrem,
1549 4896 1710 4992 patriam-

163 5043 237 5114 que
256 5018 486 5096 recordatione
504 5019 683 5104 deterritus
693 5043 703 5110 3
731 5019 838 5106 uerita
864 5021 1005 5096 Ducissa
1031 5020 1189 5113 Gristina,
1219 5044 1260 5098 ne
1281 5018 1505 5098 misericordia
1523 5017 1586 5094 uiri
1605 5017 1711 5114 capti·

283 5314 307 5395 ¹)
330 5315 502 5392 exquisitius
524 5316 584 5377 Ed.
606 5316 699 5378 Βοῦν.
738 5313 764 5394 ²)
787 5317 933 5392 egregium
956 5317 1015 5378 Ed.
1038 5319 1131 5380 Βοῦν.
1172 5313 1512 5396 borborianorum.
1551 5311 1579 5394 ⁴)
1601 5329 1713 5376 venena

154 5427 196 5498 ‚in
227 5419 418 5504 GodrRoar.
458 5417 484 5500 ῥ’)
506 5427 696 5497 quaereretur
721 5419 791 5482 θοοῦ.
815 5423 906 5482 Rorr.
945 5418 972 5501 θ)
995 5423 1098 5484 confici
1114 5427 1221 5498 posset·
1230 5423 1307 5483 deest
1322 5423 1358 5484 ia
1383 5417 1454 5484 coa.
1477 5417 1550 5482 Aut.
1587 5416 1711 5513 ⁷)qom·

163 5528 344 5592 modissima
371 5524 440 5590 σοῦ.
462 5527 554 5590 Rcar.
592 5523 627 5606 ⁸)¹
642 5526 770 5604 Nuptum
792 5526 842 5590 dat
868 5527 926 5588 Ed.
949 5527 1043 5593 Βοῦν.
1082 5523 1322 5609 mactabam,
1353 5525 1513 5618 convivium
1535 5519 1595 5592 Ed.
1619 5524 1711 5588 Dobr.
