4208 6282
161 521 221 640 (ll.
241 525 288 618 ὓ.
309 523 419 640 llll.)
786 567 896 621 omns
923 565 1074 622 snxrus.
1651 533 1699 620 97

160 751 262 846 stitit,
291 764 351 850 pei
376 770 476 848 quam
513 773 578 830 non
614 753 714 830 huius
740 755 983 847 tantummode,
1020 757 1077 830 seul
1104 757 1140 830 et
1166 755 1345 830 cuiuslibet
1380 753 1523 830 alterius
1555 753 1703 830 luliorae

160 875 207 952 rei
234 878 345 952 labem
371 897 392 952 a
418 896 471 953 me
498 887 635 972 prorsus
660 879 827 974 relegabo.
856 878 1021 954 bontiuuo
1049 899 1178 972 quoque
1204 881 1239 952 et
1266 899 1360 952 reum
1387 876 1541 967 absoluit,
1569 879 1605 952 et
1631 894 1701 952 om·

160 1019 234 1074 uam
261 999 395 1094 argenti
422 999 659 1092 quantitatem,
689 1023 789 1093 quam
816 1002 893 1096 lege
920 999 992 1075 ludi
1020 1000 1220 1092 quaesierat,
1248 1021 1291 1076 ax
1318 999 1450 1095 integro
1477 999 1641 1090 restituit,
1667 1001 1703 1074 et

160 1121 340 1196 restitutae
366 1122 534 1218 propriam
562 1122 598 1197 in
624 1123 903 1198 remunerationis
939 1123 1074 1217 signum
1111 1122 1243 1197 adiecit.
1289 1123 1347 1196 Ita
1371 1123 1433 1196 sub
1459 1143 1525 1197 uuo
1551 1123 1701 1217 ternpore

160 1245 193 1318 et
219 1243 256 1317 in
283 1243 397 1320 eodem
424 1245 559 1320 homine
584 1245 722 1340 grandis
749 1245 969 1321 contumeliae
995 1245 1126 1340 ignorit
1151 1243 1293 1336 facinus,
1326 1243 1573 1320 damnationem
1599 1243 1699 1319 remi·

160 1362 213 1456 sit,
243 1365 378 1462 perdita
405 1367 439 1441 in
467 1367 635 1463 integrum
671 1365 822 1443 restituit
859 1370 894 1442 et
929 1367 1087 1442 iniuriam
1120 1389 1215 1442 suam
1242 1367 1339 1442 iunia
1365 1387 1404 1442 ac
1430 1362 1577 1443 fauorem
1604 1387 1700 1462 prae·

161 1488 290 1563 minuit.
336 1491 472 1566 Possem
500 1491 535 1565 et
561 1491 660 1585 plura
694 1491 764 1565 alia
798 1490 834 1564 in
861 1490 962 1565 huius
997 1490 1165 1585 Principis
1200 1489 1518 1566 commendationem
1554 1491 1701 1584 proferre

161 1611 398 1701 memorabilia,
427 1612 494 1686 nisi
521 1613 616 1687 nobis
643 1613 796 1686 omnibus
822 1635 862 1687 ea
888 1635 1018 1688 nossem
1045 1612 1201 1708 vulgaria
1229 1615 1264 1687 et
1290 1615 1381 1687 ncta.
1409 1611 1570 1686 Omnibus
1588 1611 1702 1704 itaque

160 1733 244 1812 iotis
271 1734 301 1808 is
326 1733 422 1809 nobis
448 1734 607 1830 Princeps
638 1735 846 1830 expetendus
871 1737 933 1824 est,
970 1735 1048 1809 huic
1074 1737 1110 1809 ot
1136 1759 1201 1809 non
1229 1734 1327 1810 alteri
1354 1733 1566 1809 Monarchiae
1593 1721 1702 1809 fasces

159 1856 367 1947 deferendae,
397 1857 460 1931 sub
487 1879 552 1950 quo
579 1859 706 1932 certum
734 1859 797 1948 est,
825 1879 886 1932 nce
905 1859 949 1932 ab
966 1857 1173 1952 oppressoris
1192 1857 1226 1951 ¹),
1255 1856 1377 1949 quibus
1397 1856 1565 1952 angimur,
1593 1855 1700 1951 respi-

159 1995 232 2054 raro
257 1982 293 2054 ot
319 1979 452 2055 felicem
480 2001 519 2056 ac
545 1981 679 2054 bertam
713 1998 807 2076 posse
844 1998 946 2075 agere
970 1979 1086 2055 ubam.
1132 1979 1206 2054 Non
1233 1981 1428 2056 cunctemur
1454 1978 1561 2074 igitur
1587 1999 1700 2074 proce·

159 2121 219 2190 ros,
250 2102 309 2176 sed
336 2102 488 2177 concordi
507 2101 677 2177 sententia
695 2103 783 2177 hunc
800 2103 1026 2192 decernamus,
1054 2123 1328 2194 assumamusque
1355 2101 1580 2176 lllonarcham.
1607 2101 1699 2174 Ilum

158 2225 208 2298 ast
235 2245 257 2297 e
282 2220 424 2316 reliquis
451 2224 605 2322 omnibus
632 2224 667 2298 in
694 2225 781 2299 hanc
808 2224 1021 2316 senteutiam,
1050 2211 1084 2299 et
1111 2245 1225 2299 omues
1251 2223 1305 2297 illi
1332 2223 1459 2298 assensi
1474 2222 1512 2318 l).
1540 2224 1594 2296 Ex
1611 2223 1700 2298 leae-

158 2342 265 2439 que³l
292 2346 425 2421 concilii
452 2346 488 2420 in
515 2345 771 2436 Saudomirium
807 2346 864 2421 ubi
890 2348 969 2421 Dur
995 2346 1188 2421 Karimirus
1215 2332 1364 2421 habebat
1385 2347 1521 2437 sedem,
1536 2347 1607 2420 tum
1633 2344 1699 2420 Ge·

158 2467 243 2542 caen
269 2467 444 2564 epiecopus
459 2447 509 2563 ⁴),
529 2491 627 2562 quam
654 2471 816 2544 baronum
843 2469 955 2564 primi.
971 2468 1135 2564 pervicaci
1153 2489 1252 2542 cursu
1269 2467 1481 2564 pertingunt,
1509 2467 1703 2559 Ducemque

156 2589 378 2683 llauiuulmm,
415 2593 543 2668 secreta
578 2591 751 2668 audientia
784 2591 931 2684 obtenta,
968 2591 1023 2666 his
1057 2591 1169 2667 verbis
1209 2590 1411 2667 conueniunt
1445 2575 1627 2683 (eminebat
1653 2590 1703 2663 ei··

156 2712 292 2806 quirun
319 2713 355 2788 in
382 2703 552 2788 Kauimiro
578 2713 739 2810 Principe
761 2712 1023 2790 Sanlomiriensi
1043 2713 1194 2807 quamuis
1217 2714 1328 2788 aetate
1354 2713 1471 2804 minor,
1500 2715 1622 2788 natura
1648 2713 1699 2786 la·

158 2835 255 2911 allier
282 2837 373 2912 esset
387 2831 427 2932 6)’“,
456 2838 499 2912 ad
516 2836 704 2930 concilium,
724 2837 922 2930 ciuilemque
939 2837 1151 2932 prudentiam
1169 2836 1282 2932 aptius
1300 2835 1485 2931 ingenium,
1504 2835 1702 2911 munilicen-¹

155 2949 216 3034 tia¹
230 2957 403 3034 conditum
429 2961 465 3035 et
491 2958 660 3052 comitate,
697 2962 838 3053 eratque
871 2959 974 3036 comis
1000 2961 1036 3034 et
1062 2959 1182 3050 iustus,
1210 2961 1245 3034 et
1271 2959 1350 3033 dum
1385 2959 1494 3034 adhuc
1520 2957 1702 3034 iuuenilem

153 3081 188 3156 et·
212 3079 368 3156 floridam
394 3073 540 3158 oetatem
575 3083 706 3178 ageret,
739 3081 958 3178 excanpnq
981 3096 1088 3158 meres
1122 3081 1261 3177 ingenui
1293 3083 1328 3157 et
1354 3080 1440 3176 regii
1466 3081 1502 3154 im
1528 3098 1565 3155 eo
1592 3081 1699 3155 collu-

153 3223 228 3278 cere
243 3202 343 3298 uisi):
370 3203 446 3280 Non
475 3203 627 3300 ignotum
653 3203 717 3279 tibi
736 3206 905 3300 putamus,
932 3204 1094 3299 Princeps
1121 3201 1316 3278 charissime
1330 3203 1373 3298 ⁷),
1399 3217 1502 3295 quam·
1526 3203 1645 3277 durum
1665 3204 1702 3278 et

153 3324 310 3419 iniquum
335 3326 435 3401 annis
460 3347 567 3422 prope
589 3327 737 3421 quinque
759 3327 909 3423 patimur
934 3326 1123 3423 imperium,
1160 3328 1195 3401 et
1221 3325 1258 3400 in
1284 3346 1385 3420 qnam
1412 3325 1619 3416 vastitatem,
1649 3325 1698 3400 ri·

152 3447 356 3541 blatmmue
382 3451 497 3524 uestra
523 3449 615 3544 regio
642 3449 759 3524 fratris
785 3447 837 3525 tui
863 3449 1045 3547 Myeezslai
1071 3452 1105 3524 et
1132 3469 1267 3524 suorum
1292 3449 1535 3544 praefectorum
1563 3469 1700 3544 oppres-

151 3567 246 3644 sione
275 3571 422 3646 adduota
447 3569 504 3645 sit.
549 3571 655 3662 Quem
682 3572 746 3648 etsi
774 3571 939 3668 precibus,
977 3568 1127 3647 consiliis
1154 3573 1190 3646 et
1216 3571 1354 3646 monitis
1388 3569 1511 3645 nostris
1538 3569 1705 3665 tollerab

152 3692 291 3788 publica
325 3693 524 3788 manamine
556 3697 591 3769 ot
627 3715 811 3790 pressuras,
852 3694 1011 3791 priuatim
1049 3696 1084 3769 et
1118 3693 1250 3791 publice
1285 3693 1483 3770 obsecrando
1509 3695 1544 3768 et
1570 3692 1706 3788 patriae

151 3813 288 3890 ruinam
316 3815 583 3908 demonstrando,
612 3835 808 3892 conaremur
820 3816 861 3911 ⁹),
895 3837 988 3892 casso
1013 3818 1127 3891 tamen
1155 3817 1268 3891 labore
1294 3815 1498 3890 salaminus.
1543 3815 1703 3890 cumillis

150 3936 244 4012 euim
269 3939 307 4012 et
334 3937 485 4032 precibus
511 3937 637 4012 nostris
664 3938 860 4034 repudiatis,
888 3941 961 4013 tarn
988 3937 1131 4014 infestus
1158 3937 1253 4013 nobis
1279 3956 1350 4012 esse
1371 3937 1490 4032 coepit,
1521 3940 1559 4012 ut
1585 3957 1699 4012 omncs

150 4067 210 4138 llos
236 4057 366 4149 exiliis,
394 4057 636 4155 suppliciisque
661 4059 854 4136 alliciendos
881 4061 1075 4136 decreuerit.
1103 4060 1156 4135 Ad
1174 4063 1210 4135 te
1228 4060 1344 4153 itaque
1371 4059 1519 4133 omnium
1546 4059 1699 4134 ordimem

150 4183 305 4258 concordi
334 4200 495 4258 consemu
530 4185 661 4258 oratum
697 4183 861 4276 uenimus,
890 4187 930 4258 ut
955 4183 1188 4278 Principatum
1223 4181 1437 4258 Monarchiae
1472 4193 1635 4274 amumas,
1665 4183 1700 4256 et

149 4306 220 4381 tam
249 4305 411 4401 patriam,
445 4327 547 4399 quam
573 4327 634 4381 nos
661 4307 839 4402 tyrannide
866 4307 1028 4397 exsolvas,
1061 4308 1183 4397 mutus,
1211 4323 1273 4380 uos
1298 4305 1351 4381 tui
1378 4303 1495 4380 fratris
1521 4303 1699 4402 llyeczslai

149 4425 351 4523 imperium,
379 4427 473 4503 uelut
499 4428 630 4523 patriae
656 4431 691 4504 et
717 4429 824 4517 nestri
850 4429 979 4525 publici
1005 4431 1040 4504 et
1066 4428 1184 4503 infesti
1211 4427 1329 4522 hostis,
1362 4429 1403 4503 (le
1429 4429 1561 4503 caetero
1586 4427 1698 4501 nulla-

148 4553 249 4625 tenus
276 4571 448 4646 passuros.
493 4549 634 4647 Sumpto
661 4550 802 4645 aliquali
829 4552 871 4627 ud
898 4551 1152 4627 deliberandum
1184 4550 1304 4646 spatio,
1342 4549 1535 4624 Kenimirus
1559 4549 1637 4652 Dur
1664 4547 1700 4623 in

149 4672 240 4750 bunc
267 4673 405 4748 modum
431 4673 622 4768 respondit:
655 4673 732 4749 llou
757 4673 903 4769 primum
930 4673 1075 4767 quidem,
1104 4692 1267 4769 proceres,
1297 4661 1351 4749 (lie
1376 4662 1537 4748 hodierno
1561 4666 1602 4748 de
1628 4673 1699 4748 llo·
1831 4720 1833 4726 -

149 4796 315 4873 marchiae
339 4793 537 4893 Principale
563 4793 773 4893 suscipiendo
799 4817 819 4871 a
844 4797 938 4873 robis
965 4796 1157 4874 convenior:
1196 4792 1321 4870 dudum
1356 4797 1392 4870 et
1422 4795 1461 4870 in
1484 4795 1555 4871 rita
1582 4795 1699 4870 fratris

149 4919 215 4995 mel
243 4917 438 4996 clarissimi
477 4914 624 4994 Boleslai
651 4919 770 5016 Griepi,
799 4941 820 4994 u
845 4921 931 4995 Iaxa
956 4923 992 4996 ot
1018 4918 1228 4995 Suanteslao
1253 4916 1440 4994 (lumibibus
1465 4919 1537 5013 pari
1565 4909 1699 5013 petitio·

147 5065 189 5118 ue
216 5043 378 5140 urgebar.
406 5041 471 5118 Sed
496 5039 650 5134 iniquum
670 5042 713 5138 ¹⁰)
740 5043 869 5139 putaui,
898 5045 933 5119 et
959 5041 1077 5118 fratris
1096 5045 1132 5118 et
1150 5041 1277 5116 alumni
1306 5041 1371 5117 moi
1397 5042 1534 5116 turbare
1560 5042 1699 5135 statum,

257 5235 289 5316 ¹)
310 5243 335 5297 a
359 5239 509 5312 pressaris
539 5233 609 5297 Coei.
632 5233 725 5297 Reor.
764 5233 927 5313 ’lossensi
948 5243 1095 5311 proceres.
1133 5222 1204 5296 O'od.
1231 5223 1313 5295 eae.
1352 5220 1381 5312 ³)
1402 5235 1468 5294 laco
1497 5233 1599 5307 itaqua
1628 5231 1699 5293 Ood.

148 5330 241 5404 lion.
282 5337 313 5420 ⁴)
338 5343 491 5417 episcopus
527 5333 730 5401 Cracoriensis
762 5339 833 5402 Gaul.
864 5340 957 5403 Itoar.
996 5335 1023 5419 ⁶)
1047 5346 1078 5400 et
1111 5337 1182 5400 Occi.
1217 5329 1300 5400 Ouio.
1339 5331 1366 5416 ο)
1388 5340 1487 5398 statim
1516 5337 1576 5398 Ed.
1605 5325 1710 5397 D'abr:

150 5443 368 5526 'Jclarissimc
395 5441 464 5508 Oua.
492 5444 573 5507 Oula.
606 5442 693 5524 ⁸)atl
716 5443 876 5517 tollendum
902 5445 973 5508 Uoc.
996 5445 1087 5508 Rocr.
1118 5440 1350 5524 promeremur
1367 5441 1438 5504 Ooal.
1460 5443 1552 5504 noar.
1587 5438 1707 5522 ¹⁰)'Seo

147 5569 298 5630 nonquam
322 5557 437 5614 rectum
462 5551 532 5614 Geel.
555 5551 646 5616 Roar.

200 5673 223 5724 a.
236 5673 334 5726 nrm.
349 5671 432 5716 aean.
446 5671 523 5714 aaron
538 5671 564 5718 r.
577 5669 610 5718 11.
1512 5671 1543 5726 qa
