4192 6272
403 491 477 565 538
1006 513 1118 566 ursus
1145 512 1330 568 oonnvus.
1684 491 1747 589 (Α.
1767 493 1814 568 D.
1833 491 1950 588 1297.)

311 702 317 714 ‘
399 698 578 773 Boleslaus
605 697 881 791 Suidnionensis,
910 698 945 773 in
974 720 1010 774 se
1036 700 1216 795 suseepta,
1245 701 1324 774 Dux
1361 697 1528 775 Henrious
1553 699 1848 777 wratislaviensis
1876 702 1950 798 posi

399 819 560 910 triduum,
590 821 713 894 Ootauo
740 819 899 896 videlieet
925 820 1102 895 Kalendas
1129 819 1243 895 blartii
1264 821 1287 914 ¹)
1323 819 1466 894 moritur
1501 822 1536 897 et
1564 819 1600 895 in
1626 822 1828 897 monasterio
1855 844 1949 898 sana·

400 939 628 1014 timonialium
655 941 800 1016 Sanctae
828 941 947 1015 Clarae
975 942 1150 1036 sepelitur,
1179 943 1250 1016 tres
1278 941 1367 1015 lilios
1395 944 1449 1036 (nt
1474 941 1723 1038 praemisimus)
1749 945 1785 1018 et
1802 943 1949 1037 quinquo

399 1060 489 1134 filias
514 1061 726 1153 relinquens:
754 1061 947 1156 Hadrigim
977 1085 1063 1153 quae
1089 1061 1293 1156 desponsata
1328 1063 1396 1136 fuit
1431 1061 1617 1138 Manthioni
1643 1063 1947 1159 Brandeburgensi,

399 1203 466 1276 quo
493 1183 623 1256 mortuo
651 1182 794 1256 intrauit
821 1183 970 1257 ordinem
998 1183 1142 1256 Sanctae
1168 1184 1287 1258 blasae
1314 1183 1348 1257 in
1376 1184 1619 1276 Wratislauia,
1647 1183 1781 1258 Annam
1819 1184 1854 1259 in
1881 1183 1947 1259 uir-

398 1301 544 1396 ginitate
572 1305 749 1395 mortuam,
780 1301 990 1397 Helenaml)
1017 1305 1051 1377 et
1078 1303 1256 1379 Elisabeth
1283 1305 1433 1379 ordinem
1461 1306 1606 1380 Sanotae
1632 1305 1751 1380 Clarae
1777 1305 1813 1378 in
1840 1305 1945 1380 ones-

398 1445 443 1497 na
470 1425 659 1518 professae,
688 1428 724 1500 et
759 1425 950 1500 Eudemiam
986 1423 1073 1498 alias
1106 1426 1259 1517 Offlram,
1289 1426 1403 1501 Ottoni
1439 1424 1624 1502 biarchioui
1651 1425 1846 1502 Corinthiae
1872 1426 1946 1500 des·

399 1548 588 1639 pensatam.

552 1911 703 1984 litbunni
730 1928 802 1983 eun
829 1911 1000 1985 Prutlronia
1028 1897 1214 1985 notuisse
1242 1911 1359 2004 spoliis
1386 1915 1420 1984 et
1447 1910 1603 1985 enudans
1631 1911 1792 2003 alligent.

498 2149 668 2226 Vithenen
695 2150 900 2258 Lithuanise
927 2153 1006 2226 Dux
1033 2152 1159 2228 terram
1185 2152 1397 2228 balnensem
1433 2151 1470 2226 in
1505 2150 1677 2243 frequenti
1712 2149 1865 2228 exereitu
1892 2149 1943 2224 in·

394 2293 542 2366 gressus,
570 2272 735 2366 Magistro
761 2273 918 2348 Prussiae
945 2274 1156 2350 detractante
1184 2296 1345 2368 pugnam,
1374 2296 1448 2348 eam
1476 2272 1606 2368 spoliis,
1626 2273 1782 2348 enodibus
1799 2273 1835 2348 et
1854 2272 1941 2367 igne,

393 2395 429 2466 et
455 2393 653 2488 praesertim
681 2391 926 2489 Golubponsem
955 2394 1147 2469 districtum
1174 2394 1311 2489 affligit,
1340 2395 1459 2470 deinde
1486 2394 1522 2468 in
1548 2393 1724 2468 livoniam
1751 2392 1863 2486 oopias
1883 2393 1943 2466 du·

394 2513 450 2589 sit.
477 2513 548 2608 Quo
575 2516 760 2608 comperto,
791 2515 947 2589 siffridus
974 2516 1015 2590 de
1041 2516 1154 2610 Belga
1180 2517 1428 2591 sommendator
1453 2516 1489 2590 ei
1515 2514 1604 2589 alius
1631 2514 1879 2590 commendator
1905 2513 1944 2588 do

392 2633 563 2729 Kinsberg
577 2633 616 2729 ³),
644 2634 863 2710 Lithuaniam
891 2635 1047 2731 ingressi,
1076 2638 1224 2711 oestrum
1252 2636 1398 2711 Gartbin
1425 2636 1589 2712 obsident.
1618 2635 1689 2730 Quo
1716 2658 1782 2710 non
1809 2633 1942 2727 quaesi·

391 2757 438 2848 to,
468 2755 635 2847 coedibus,
664 2756 783 2850 spoliis
809 2759 845 2832 et
871 2757 1105 2832 exustionibus
1132 2757 1244 2850 fantis,
1273 2758 1352 2832 dum
1379 2757 1620 2852 comperissent
1645 2758 1771 2832 Duoem
1797 2755 1940 2830 Lithna·

391 2876 477 2967 niae,
506 2876 649 2953 Lironia
675 2900 742 2952 non
769 2879 913 2969 uastata,
943 2878 978 2952 in
1006 2877 1141 2974 propria
1166 2901 1335 2955 reuersum
1362 2901 1447 2972 essa,
1475 2901 1577 2972 quam
1596 2877 1768 2954 celerrime
1786 2877 1936 2968 redeunt,

392 2996 487 3070 mille
515 2997 645 3072 animas
672 2997 881 3092 oaptiuorum
900 3019 1012 3075 sooum
1039 2999 1195 3076 ferentes.

841 3358 1050 3474 ANNUS
1086 3358 1308 3473 DOMINI
1345 3356 1482 3473 1297.

597 3603 797 3680 wladislaus
824 3606 949 3680 bottul
974 3607 1119 3681 boeotus
1146 3606 1271 3681 Simiae
1299 3605 1424 3680 invadit
1450 3609 1486 3680 ot
1512 3603 1733 3697 depopulatur.
1858 3569 1862 3574 ⁴

493 3843 711 3922 Pomeraniae
737 3845 840 3936 terna,
869 3843 1010 3936 eiusque
1037 3844 1158 3920 eastris
1185 3847 1220 3920 et
1246 3844 1455 3937 ciuitatibus,
1475 3844 1685 3922 wladislaus
1703 3843 1837 3918 Lolrtelr
1855 3841 1935 3916 bae-

388 3987 442 4040 res
468 3968 504 4040 et
530 3965 685 4040 dominus
712 3966 824 4060 Regni
852 3967 1011 4042 Polonise
1038 3967 1183 4058 unious,
1213 3966 1378 4042 ordinatis
1405 3968 1440 4042 et
1467 3969 1639 4060 uteunque
1674 3965 1826 4060 poterat,
1854 3965 1938 4039 bono

374 4087 483 4161 ‘modo
509 4085 715 4180 oompositis‚
743 4086 779 4160 in
807 4089 921 4181 partes
947 4086 1085 4162 Maioris
1110 4089 1270 4163 Poloniao
1296 4090 1331 4163 et
1357 4088 1477 4162 deinde
1505 4086 1540 4162 in
1567 4090 1676 4162 terras
1703 4085 1937 4161 (lraoouienses

387 4206 545 4296 divertit3
574 4208 688 4302 plures
714 4206 804 4282 enim
830 4207 867 4282 in
894 4207 960 4282 oris
987 4207 1059 4283 illis
1085 4209 1231 4284 habebat
1259 4211 1410 4300 barones,
1438 4209 1497 4302 qui
1524 4208 1623 4282 illum
1650 4207 1756 4281 nimia
1782 4207 1936 4281 nolebant

388 4328 576 4402 affeotione.
605 4328 669 4403 Sed
697 4329 731 4402 et
758 4327 793 4402 in
822 4329 1014 4404 draooviam
1041 4329 1127 4404 liber
1153 4329 1207 4402 illi
1226 4331 1364 4422 patebat
1383 4329 1568 4425 ingressus,
1590 4327 1755 4402 uniuersis
1784 4327 1936 4400 insnum

386 4447 618 4542 Prinoipatum
645 4450 680 4523 et
707 4449 869 4544 regimen,
898 4472 1000 4541 quam
1028 4451 1063 4522 in
1090 4449 1283 4526 Wenoeslai
1309 4449 1491 4524 Bohemiae
1518 4448 1632 4539 Duois,
1658 4446 1867 4542 propensiori
1885 4446 1935 4519 la-

386 4591 464 4644 vore
490 4567 675 4661 inclinatis,
704 4569 881 4664 mngisque
908 4569 973 4644 sibi
1000 4570 1036 4644 in
1062 4571 1248 4645 Duaatibus
1275 4569 1503 4660 Oraoorieusi,
1533 4567 1794 4644 Sandomirieusi
1821 4569 1857 4640 et
1883 4566 1936 4640 Si-

385 4688 544 4780 radiensi,
573 4710 675 4782 qnam
701 4690 786 4763 Duoi
813 4691 995 4766 Bohemiae
1020 4691 1230 4783 Wenoeslao,
1259 4691 1460 4782 ubicumque
1480 4689 1686 4780 divertebat,
1706 4690 1841 4784 praeter
1863 4709 1934 4761 mu·

384 4808 521 4904 nicipia,
550 4831 636 4903 quae
665 4829 724 4905 per
751 4811 917 4888 Bohemos
932 4811 960 4905 ⁴)
1000 4812 1221 4901 tenebantur,
1260 4813 1452 4906 parebatur.
1498 4811 1563 4885 Sed
1606 4831 1713 4902 neque
1753 4807 1936 4884 Bohemiae

383 4928 486 5006 Duois
513 4931 720 5025 praefootos,
749 4933 809 5005 aut
836 4952 902 5023 eos,
931 4953 1071 5024 quorum
1086 4931 1114 5025 ⁵)
1154 4932 1280 5006 soiebat
1315 4933 1355 5006 de
1390 4931 1526 5007 Polonis
1566 4930 1715 5024 partium
1742 4926 1936 5006 Wenoeslai

384 5049 488 5125 Duois
514 5071 598 5142 esse,
628 5051 761 5126 sinebat
790 5051 945 5146 paoifioos
972 5051 1172 5140 consistere3
1213 5053 1271 5127 sed
1300 5051 1468 5128 continuis
1496 5051 1726 5127 invasionibus
1752 5071 1813 5144 per
1839 5071 1875 5124 se
1901 5049 1937 5124 et

492 5345 515 5424 ¹)
539 5348 649 5408 Octauo
671 5348 810 5408 videlieet
831 5346 934 5406 Martii
956 5346 1004 5406 die
1027 5345 1086 5406 Ed.
1109 5345 1195 5422 In’ps.
1221 5344 1248 5423 ⁹)
1270 5347 1393 5407 Elenam
1419 5345 1489 5408 Ood.
1520 5345 1594 5407 Aut.
1619 5342 1646 5424 ³)
1669 5345 1837 5420 Kingsberg
1862 5341 1933 5405 Ood.

380 5450 474 5513 Roar.
500 5447 527 5529 ⁴)
549 5451 681 5512 Barones
704 5450 764 5512 Ed.
788 5450 874 5526 laps.
901 5445 928 5528 ὅ)
950 5466 1147 5524 quoscumque
1173 5443 1244 5512 Ood.
1268 5450 1362 5512 Roas.
