4162 6288
140 575 205 670 (Α.
226 576 273 652 D.
294 575 414 672 1268.)
756 601 867 652 nmen
894 601 1086 654 sicomorus.
1614 585 1688 656 407

139 784 256 860 omnia
283 785 413 877 vivunt,
450 784 608 862 membris
643 773 749 860 etiam
784 785 998 878 exanimatis,
1037 787 1154 881 gestus
1190 785 1300 862 officio
1336 787 1372 861 in
1408 787 1598 882 sepulchro,
1626 810 1691 881 quo

138 927 264 1000 corpus
291 929 367 982 curn
401 905 657 1002 imaginuncula
692 907 804 981 claudi
839 929 972 984 necesse
1007 909 1090 1000 erat,
1130 907 1307 983 servitura.
1353 907 1546 984 Elevationi
1578 909 1691 984 autem

137 1025 269 1100 ossium
305 1049 472 1102 sacrorum
500 1050 588 1102 unus
614 1030 847 1104 tantummodo
874 1051 977 1122 nepos
1005 1050 1085 1103 suus
1112 1051 1292 1124 germanus
1318 1051 1362 1105 ex
1388 1030 1479 1122 filio,
1516 1031 1691 1106 Gunradus

137 1145 377 1242 Glogoviensis
402 1150 482 1224 Dux
508 1172 584 1223 oum
598 1149 708 1224 tribus
726 1149 818 1242 filiis,
844 1150 1007 1241 cunrado,
1036 1150 1183 1225 Henrico
1201 1152 1236 1224 ot
1253 1150 1467 1242 Praemislac,
1497 1173 1572 1226 oum
1590 1175 1689 1247 prae·

136 1269 194 1343 tor
220 1269 311 1342 huno
337 1269 401 1344 duo
428 1271 499 1362 alii,
537 1269 696 1345 videlicet
722 1271 934 1346 Wladislaus
961 1271 1236 1366 salczburgensis
1267 1271 1535 1367 archiepiscopus
1562 1275 1597 1347 ot
1623 1275 1688 1346 Bo-

135 1390 268 1464 loslaus
296 1391 422 1466 Saevus
449 1391 686 1487 Legnicuensis
717 1393 808 1482 Dux,
846 1391 1047 1486 superstites
1083 1392 1205 1484 forent,
1244 1392 1421 1468 interfuit:
1457 1415 1540 1484 quos
1567 1393 1689 1469 nedum

135 1534 182 1585 ex
210 1512 332 1604 vicina,
369 1514 427 1588 sed
456 1537 500 1588 ex
525 1513 752 1588 remotissima
782 1536 850 1604 ora,
888 1513 1017 1588 iustum
1053 1514 1139 1604 orat,
1177 1515 1212 1588 et
1238 1536 1299 1608 pro
1325 1511 1420 1590 aviae
1440 1515 1464 1608 ¹)
1490 1516 1625 1606 honore,
1654 1516 1689 1588 et

135 1655 202 1726 pro
228 1635 460 1726 consequendo
487 1635 619 1725 merito,
647 1636 744 1709 tanto
772 1634 978 1710 celebritatis
1004 1635 1196 1729 spectaculo
1222 1633 1428 1710 interfuisse.
1458 1667 1460 1672 ⁴

189 1997 358 2084 eudochia
385 2016 406 2072 a
433 1999 602 2072 Saracenis
631 1999 772 2091 eapitur:
797 1999 853 2071 ubi
880 1999 973 2072 leode
1001 2018 1039 2072 ee
1065 1999 1204 2092 turpiter
1230 1999 1404 2074 bhdetiani
1426 2017 1447 2072 a
1466 2000 1635 2073 saracenis

782 2122 871 2194 inere
896 2121 1050 2195 tractati..

242 2357 424 2434 Antiochia
450 2359 570 2435 civitas
605 2360 749 2456 insignis
781 2363 816 2436 et
843 2383 910 2436 una
936 2384 980 2437 ex
1006 2360 1212 2456 Apostolicis
1240 2360 1390 2453 Sedibus
1419 2383 1494 2436 cum
1522 2385 1581 2456 per
1607 2363 1683 2436 Zol-

133 2479 263 2554 dsnum
290 2481 497 2576 Babyloniae
523 2483 625 2578 longa
650 2482 822 2585 obsidione
854 2485 1071 2577 premeretur,
1109 2483 1290 2557 tabefactis
1325 2483 1415 2558 fame
1441 2483 1683 2572 defensoribus,

2 2647 11 2664 ι
133 2601 289 2696 capitur:
316 2623 392 2676 cum
419 2604 500 2678 ante
527 2625 632 2678 annos
659 2603 790 2695 aliquot
816 2604 1040 2694 Hierusalem,
1070 2603 1138 2678 iam
1165 2626 1232 2678 nou
1259 2603 1444 2678 ferentibus
1471 2603 1622 2699 Regibus
1648 2608 1684 2679 et

132 2721 353 2816 Principibus
388 2724 563 2798 catholicis
590 2725 759 2799 laboranti
787 2725 880 2799 intus
908 2727 1031 2820 populo
1058 2724 1249 2800 Christiano
1276 2724 1435 2817 subsidia,
1473 2727 1574 2819 capta
1600 2725 1683 2799 luis·

132 2845 199 2916 set.
228 2844 275 2917 Et
300 2843 350 2919 sic
375 2845 501 2919 sensim
528 2847 771 2920 consummitur
798 2847 901 2922 Terra
929 2847 1054 2920 Sancta
1089 2868 1109 2919 a
1136 2845 1322 2938 Saracenis,
1359 2845 1395 2920 in
1426 2845 1622 2921 civitatibus
1649 2848 1684 2921 et

131 2964 257 3038 castris
284 2987 305 3038 a
331 2965 533 3040 Christianis
560 2968 733 3062 possessis.
780 2969 829 3042 De
857 2969 980 3062 populo
1007 2969 1121 3043 eutem
1148 2967 1337 3042 Christiano
1364 2969 1537 3061 praefatae
1563 2967 1682 3041 Antio-

132 3085 281 3180 canael)
308 3086 458 3162 civitatis
484 3091 566 3163 tuno
593 3091 713 3182 captae
753 3090 955 3164 horrendum
982 3091 1017 3164 et
1043 3111 1215 3181 nunquam
1247 3092 1350 3164 antea
1375 3089 1528 3164 auditum
1556 3089 1684 3162 facturn

130 3207 188 3282 est
222 3229 283 3301 por
309 3208 491 3317 Semeros
526 3211 562 3284 et
596 3209 835 3285 exterminium
870 3213 906 3284 et
940 3209 1144 3302 ludibrium,
1183 3211 1277 3286 nullo
1313 3211 1524 3286 crudelitatis
1559 3232 1682 3304 genere

131 3347 267 3401 omisso.

587 3631 809 3802 umus
830 3688 1055 3804 nouum
1090 3689 1230 3804 roco.

269 3935 418 4010 coroner
444 3935 656 4011 bulloniensis
682 3937 804 4030 liegim
831 3939 969 4012 moritur
996 3943 1030 4012 et
1057 3939 1141 4012 iuter
1166 3940 1303 4013 Sanctae
1331 3941 1549 4030 conputetur.

234 4173 373 4250 Decima
399 4175 597 4252 Novembris
623 4177 688 4270 die,
721 4178 875 4254 Salomea
901 4179 997 4274 virgo
1025 4177 1170 4253 illustris
1197 4177 1372 4255 Gallaciao
1399 4199 1458 4253 seu
1485 4176 1677 4253 Haliouien·
1776 4235 1777 4238 κ

126 4296 177 4370 sis
203 4295 348 4389 Regina,
385 4319 477 4372 soror
511 4321 673 4394 germana
706 4300 855 4375 Boloslai
891 4300 1009 4375 Pudici
1045 4299 1273 4376 cracoviensis
1299 4299 1402 4373 Ducis
1429 4301 1530 4391 (quae
1556 4320 1677 4394 sponso
1779 4398 1787 4410 ,

127 4437 190 4489 suo
217 4417 419 4492 colomanno
446 4418 618 4495 Gallaoiae
637 4442 695 4494 sou
713 4421 922 4496 Halioaiensi
945 4421 1050 4516 Rege,
1080 4443 1154 4496 cum
1183 4445 1247 4514 quo
1275 4421 1365 4494 omni
1392 4419 1502 4518 carnis
1520 4420 1678 4495 illecebra

127 4537 322 4632 profligata,
352 4539 388 4612 in
414 4539 614 4634 virginitate
640 4543 675 4616 et
702 4564 834 4616 summa
865 4542 1076 4617 continentia
1101 4541 1307 4634 convixerat,
1345 4543 1501 4633 obeunte,
1538 4541 1675 4636 religio·

125 4679 206 4732 nem
232 4661 269 4733 et
294 4661 443 4735 ordinem
479 4661 621 4736 Sanctae
657 4662 775 4738 (tiarae
811 4665 971 4758 professa,
1009 4663 1045 4736 in
1072 4663 1339 4739 Zauichostensa
1374 4663 1613 4739 monasterium
1641 4684 1677 4736 so

126 4779 330 4872 contulerat,
359 4783 394 4855 et
412 4781 670 4857 zavichostensi
697 4785 899 4858 monasterio
918 4785 961 4858 ad
978 4783 1142 4878 Lapidem
1170 4785 1315 4858 Sanctae
1342 4783 1467 4859 Mariae
1484 4783 1570 4857 alias
1588 4783 1674 4857 Sha-

124 4900 197 4972 lam
224 4923 328 4995 prope
354 4901 546 4977 Oracoviam
581 4905 759 4996 translato,
788 4905 824 4979 in
851 4905 1063 4980 observantia
1093 4905 1242 5000 regulari
1269 4903 1441 4998 strigare
1480 4903 1571 4978 vitae
1597 4903 1673 4977 Vir-

124 5020 245 5115 ginem
273 5021 414 5097 Domino
441 5023 538 5097 annis
565 5025 629 5100 duo
656 5027 696 5100 de
721 5025 869 5121 triginta
884 5024 923 5120 ³),
952 5047 1124 5118 nunquam
1152 5048 1173 5100 a
1203 5047 1302 5101 carne
1329 5023 1477 5099 cilicium
1503 5045 1670 5115 amovens,

125 5141 301 5234 servierat,
340 5143 531 5220 abbatissae
566 5145 714 5220 officium
750 5169 871 5242 gerens
898 5147 935 5220 in
961 5146 1223 5222 Zauichosteusi
1250 5147 1285 5222 et
1311 5144 1348 5219 in
1373 5145 1500 5239 Lepida
1531 5145 1674 5220 Sanctae

123 5261 252 5339 Mariae
280 5265 507 5362 monasteriis)
534 5267 686 5342 moritur.
732 5268 825 5366 Quae
840 5362 846 5373 Ι
861 5268 941 5344 licet
976 5268 1094 5342 dicbus
1129 5270 1259 5362 septem
1294 5265 1453 5342 iacuisset
1489 5265 1671 5362 insepulta,

234 5523 257 5604 ¹)
280 5542 357 5594 avae¹
378 5525 448 5591 coo.
471 5526 544 5588 Act.
584 5524 808 5606 ⁹)Antioohiae
833 5524 904 5590 (iod.
929 5528 1022 5591 Beer.
1062 5525 1092 5607 ³)
1115 5529 1228 5588 duobus
1252 5533 1283 5588 et
1303 5527 1425 5601 angius
1446 5527 1507 5588 Ed.
1529 5526 1616 5604 urps.
