4208 6282
368 526 442 604 124
995 545 1108 600 amna
1134 545 1289 600 snxrvs.
1645 523 1714 621 (Α,
1735 522 1781 600 D.
1802 524 1915 630 1187.)

469 734 576 810 Paete
601 735 654 810 est
680 733 795 810 autem
820 755 858 809 eo
885 756 973 808 anuo
1001 731 1036 808 in
1063 733 1133 808 sole
1161 731 1296 828 eclipsis
1323 729 1496 825 notabilis,
1529 752 1629 826 quam
1658 755 1781 830 magna
1806 733 1916 810 homi-

366 880 448 932 nurn
475 855 582 952 pestis
608 857 710 950 atque
746 853 938 930 mortalitas
973 857 1088 930 morbo
1119 853 1298 949 epidimiae
1335 854 1460 929 multos
1496 853 1690 929 mortalium
1725 857 1915 947 absorbens,

366 978 436 1054 fuit
461 979 650 1070 subseeuta,
680 999 766 1071 quae
792 976 828 1052 in
854 978 1067 1069 Polonorum,
1082 976 1381 1070 Ruthenorumque
1408 975 1562 1072 regiones
1582 977 1606 1071 ¹)
1632 975 1812 1053 saeviebat.

471 1097 597 1175 Iruoius
623 1101 717 1195 Papa
743 1098 877 1192 tertius,
914 1121 990 1174 eum
1016 1096 1115 1172 annis
1146 1099 1301 1191 quatuor,
1340 1097 1511 1174 mensibus
1547 1099 1684 1190 duobus,
1722 1097 1840 1173 diebus
1865 1097 1917 1173 vi-

368 1220 458 1318 ginti
485 1221 630 1313 quatuor
656 1220 806 1314 sedisset,
834 1220 985 1297 Veronae
1012 1217 1154 1294 moritur
1171 1220 1206 1294 et
1224 1218 1298 1295 illia
1325 1219 1499 1314 sepelitur.
1533 1221 1575 1294 In
1594 1218 1689 1294 ouius
1707 1218 1917 1316 sepulchrob

368 1344 439 1420 tale
465 1326 687 1438 epitaphium,
725 1366 790 1436 quo
822 1342 927 1434 ortus,
965 1362 1140 1436 protessus
1175 1343 1211 1417 et
1246 1339 1359 1417 exitus
1389 1363 1471 1416 suus
1507 1341 1739 1437 designantur,
1775 1340 1918 1435 inserip-

369 1466 444 1539 tum
459 1462 488 1560 3)
514 1465 586 1540 est:

783 1657 865 1718 Luca
887 1655 969 1716 dedit
989 1655 1084 1715 lucem
1106 1655 1169 1726 tibi,
1196 1655 1279 1727 Luci,
1301 1638 1506 1716 Pontificatum

840 1760 931 1832 Ostia,
954 1759 1097 1834 Papatum
1118 1760 1219 1832 Roma,
1242 1759 1360 1820 Verona
1380 1761 1464 1822 mori.

370 1949 538 2027 Advorsae
564 1950 683 2028 deinde
709 1949 896 2027 sententiae
923 1949 1095 2045 ponuntur
1121 1951 1229 2026 metra
1255 1951 1290 2025 et
1317 1917 1416 2042 quasi
1442 1951 1608 2044 quoddam
1634 1950 1818 2045 primorum
1840 1973 1920 2046 apo·

371 2071 560 2169 legetieon:

785 2265 875 2325 Immo
898 2263 1016 2325 Verona
1038 2279 1138 2325 verum
1161 2263 1242 2325 dedit
1264 2265 1319 2324 tibi
1340 2265 1446 2336 vivere,
1468 2265 1561 2325 Roma

838 2367 975 2440 Exilium,
1000 2384 1086 2428 ouras
1109 2369 1200 2440 Ostia,
1221 2369 1304 2430 Luca
1325 2370 1408 2430 mori.

372 2560 456 2636 Fuit
481 2562 596 2637 autom
622 2561 795 2654 praefatus
821 2559 946 2636 Lueius
972 2561 1076 2656 Papa,
1104 2559 1274 2636 Friderioo
1297 2561 1503 2654 Imperatore
1521 2561 1644 2656 agente
1661 2562 1696 2636 et
1714 2562 1922 2656 cooperante,

374 2683 415 2760 de
441 2685 550 2758 Roma
576 2683 712 2778 pulsus;
752 2705 816 2775 quo
843 2681 879 2756 in
906 2682 1073 2759 Veronam
1109 2681 1307 2774 divertente,
1345 2681 1445 2757 multi
1480 2683 1521 2758 de
1555 2683 1626 2757 suis
1660 2681 1863 2758 offioialibus
1889 2684 1925 2757 et

373 2804 598 2880 familiaribus
626 2803 833 2880 allemania
859 2804 950 2899 eapti
978 2805 1169 2896 eaeeantur,
1205 2807 1241 2880 et
1267 2803 1399 2879 mitrati
1429 2827 1530 2899 super
1556 2804 1668 2880 asinos
1695 2804 1823 2880 aversis
1848 2805 1923 2878 vul-

374 2927 467 3002 tibus
493 2925 657 3022 ligantur.
683 2926 787 3003 Luoio
814 2928 928 3002 autem
955 2927 1114 3002 Urbanus
1140 2925 1276 3017 tertius,
1304 2949 1347 3002 ex
1370 2927 1467 3022 patre
1494 2927 1645 3003 Iohanne
1671 2925 1807 3002 natione
1825 2928 1923 3002 Lom-

374 3049 509 3140 bardus,
538 3047 714 3144 episeopus
748 3047 1020 3140 Mediolanensis,
1057 3049 1208 3125 Veronae
1234 3049 1363 3125 eleotus
1389 3049 1548 3141 suodedit,
1586 3048 1644 3142 qui
1670 3049 1852 3123 nonnullas
1879 3047 1924 3120 si·

376 3171 539 3246 multatos
565 3173 600 3247 et
626 3170 702 3246 odia
737 3191 813 3246 oum
839 3173 1047 3266 Imperatore
1072 3169 1243 3247 Friderioo
1269 3169 1387 3267 gessit,
1420 3173 1455 3248 et
1469 3171 1498 3266 4)
1525 3170 1583 3265 qui
1598 3169 1626 3266 6)
1653 3171 1732 3247 ante
1758 3169 1925 3266 Papatum

376 3293 573 3369 Hunbertus
599 3291 848 3369 nominabatur.

832 3651 1042 3766 ANNUS
1077 3651 1303 3765 DOMINI
1338 3651 1469 3767 1187.

377 3901 585 3975 wladimirus
613 3902 773 3994 renuptir
801 3901 994 3976 eustodilus
1022 3920 1064 3974 ex
1090 3901 1254 3993 ilungaria
1281 3901 1419 3992 lugiens,
1447 3900 1524 3974 dum
1556 3903 1700 3974 rastrum
1726 3899 1928 3973 llaliozlerae

380 4043 493 4116 sapere
520 4026 681 4112 termut,
715 4023 749 4095 iu
774 4023 940 4097 Pelopiam
967 4025 1059 4096 laeta
1086 4023 1287 4112 intorsione,
1322 4021 1475 4116 praedam
1502 4023 1629 4114 arsut,
1665 4039 1762 4114 qvam
1789 4039 1929 4114 aequora

880 4145 1044 4219 exereitus
1070 4144 1226 4221 Karimiri
1253 4148 1431 4236 reeuperat.

485 4386 675 4461 Garoerules
702 4385 875 4461 molestias
904 4385 1126 4462 Wladimirus
1152 4383 1377 4460 Halieuiensis
1403 4386 1482 4458 Dux
1517 4385 1607 4480 apud
1642 4385 1762 4459 Belem
1787 4386 1931 4481 Hungu-

227 4533 229 4536 ·
381 4506 538 4600 rorum⁶)
564 4509 704 4602 Regem,
732 4507 768 4580 in
794 4530 878 4602 quas
905 4507 1003 4582 illum
1031 4507 1103 4582 iure
1130 4507 1263 4582 foedato
1290 4506 1441 4601 hospitii,
1469 4527 1534 4600 quo
1561 4505 1667 4581 tutior
1694 4505 1765 4581 filio
1782 4529 1843 4582 suo
1860 4504 1931 4581 An·

383 4631 481 4704 dreae
508 4629 680 4724 oooupatio
707 4629 929 4704 Halioziensis
955 4632 1106 4704 Duoalus
1133 4628 1334 4723 proveniret,
1365 4627 1561 4718 oonieoerat,
1590 4627 1724 4704 biennio
1751 4651 1855 4722 prope
1873 4651 1931 4703 en·

383 4751 458 4826 uoto
486 4772 673 4845 perpessus,
710 4773 786 4826 oum
818 4751 1017 4827 solutionem
1044 4773 1140 4825 suam
1168 4750 1352 4827 dilfioulter
1378 4751 1616 4845 proventuram
1643 4749 1830 4841 metiretur,
1860 4749 1933 4825 ani-

384 4896 475 4946 mum
503 4872 544 4946 ad
572 4873 710 4967 ingenia
736 4873 849 4965 vertit,
879 4873 1098 4966 custodesque
1125 4895 1203 4948 suos
1222 4873 1303 4947 altis
1318 4873 1345 4967 7)
1373 4871 1650 4967 promissionibus
1677 4873 1844 4948 inescatos
1862 4895 1932 4948 eor·

384 4993 523 5088 rumpit,
551 4995 587 5069 ot
614 4993 760 5086 vinnula,
797 5017 1011 5087 sudoresque
1046 4993 1202 5098 evadens
1233 4994 1287 5069 his
1314 4993 1398 5088 ipsis
1424 4993 1629 5086 eustodibuS,
1666 4993 1725 5086 qui
1760 4993 1933 5070 licentiam

385 5115 546 5190 evadendi
574 5115 825 5209 praestiterant,
854 5118 956 5213 fugae
983 5115 1160 5192 comitibus
1187 5117 1222 5191 et
1248 5137 1383 5211 gressus
1409 5137 1487 5191 suos
1510 5114 1746 5211 dirigentibus,
1775 5116 1819 5192 ad
1845 5117 1933 5193 Rus·

496 5395 518 5474 ¹)
540 5397 708 5471 regionibus
728 5396 799 5458 Ood.
822 5397 915 5458 Beer.
947 5391 975 5477 ²)
999 5397 1098 5456 tumba
1113 5395 1172 5456 Ed.
1195 5395 1289 5455 Debr.
1320 5392 1348 5472 3)
1372 5395 1559 5470 designanter
1574 5395 1740 5471 descriptus
1756 5397 1817 5459 Ed.
1839 5397 1933 5460 Βοῦν.

389 5497 416 5580 ⁴)
441 5506 470 5562 et
492 5502 571 5563 deest
584 5503 619 5562 io
638 5499 709 5563 (lod.
732 5499 805 5562 Aut.
839 5497 867 5579 ⁵)
890 5503 916 5560 is
934 5499 1004 5564 Ood.
1021 5501 1112 5562 Beer.
1144 5496 1170 5578 6)
1187 5500 1356 5576 Hungariae
1374 5498 1445 5563 Ood.
1461 5485 1553 5564 Roas.
1586 5497 1614 5580 ⁷)
1629 5502 1741 5578 magnis
1757 5503 1817 5564 Ed.
1840 5503 1934 5565 Dobr.
