4140 6298
142 536 200 632 (Α.
219 533 268 612 Ι).
284 533 395 630 1241.)
747 557 860 610 ernon
886 556 1081 612 susumus.
1411 569 1413 572 ·
1609 533 1683 610 279

140 747 203 836 tae,
231 743 365 820 instans
400 741 577 820 tribulatio
612 741 783 820 Ecclesiae
810 744 846 819 et
871 741 1074 820 miserabilis
1109 743 1220 818 status
1250 740 1390 838 Imperii
1415 739 1572 818 Romani.
1620 739 1686 816 Sed

139 867 177 940 nt
201 888 320 942 rorum
346 865 529 959 fateamur,
559 864 701 942 istorum
727 864 876 940 omnium
903 867 938 940 et
965 865 1073 940 nostri
1100 864 1204 939 etium
1231 863 1470 956 obliuiscimur,
1504 862 1583 938 dum
1610 884 1686 957 per-

139 987 343 1064 secutionem
369 987 604 1064 'lhartarioum
630 986 830 1082 cogitamus.
878 988 966 1062 Nam
993 987 1175 1082 pensando,
1204 1010 1246 1062 nc
1273 1009 1333 1081 per
1358 984 1550 1061 huiusmodi
1577 985 1685 1059 'lber-

138 1111 227 1185 taros
254 1111 372 1206 pereat
398 1111 501 1204 (quod
527 1108 631 1204 absit)
658 1132 778 1184 nomen
805 1108 929 1184 nostris
955 1107 1163 1204 temporibus
1189 1107 1428 1199 Christianum,
1465 1106 1686 1183 consideratio

138 1233 209 1308 sola
234 1231 348 1307 omnia
375 1253 451 1308 ossa
477 1233 593 1307 nostra
619 1230 817 1326 confringit,
845 1230 1013 1306 medullas
1040 1229 1170 1306 excitat
1189 1230 1224 1324 ¹),
1252 1251 1372 1324 corpus
1398 1231 1556 1322 macerat,
1584 1227 1685 1323 spiri-

137 1355 192 1428 tus
219 1356 255 1428 et
280 1353 427 1430 uirtutes
453 1355 628 1445 extenuat,
656 1354 833 1428 tantumve
860 1352 956 1426 nobis
983 1352 1082 1426 affert
1108 1351 1287 1446 angustiae
1312 1352 1349 1426 et
1375 1349 1509 1442 doloris,
1539 1349 1627 1441 quod
1650 1349 1686 1423 in

138 1473 247 1550 extasi
274 1474 517 1568 quodammodo
543 1473 657 1569 positi,
686 1473 864 1566 nescimus,
895 1496 961 1564 quo
988 1495 1048 1549 nos
1075 1474 1206 1549 vertere
1233 1474 1424 1549 debeamus.

137 1839 308 1914 loreolam
335 1838 483 1913 lburtml
509 1843 653 1929 restent,
680 1839 775 1930 *uago
803 1815 991 1912 wenceslao
1019 1839 1052 1911 in
1080 1857 1153 1912 arco
1180 1837 1306 1912 munite
1333 1855 1369 1910 co
1397 1836 1601 1930 coutinente;
1631 1836 1686 1908 bo·

137 1978 204 2034 run
230 1962 414 2033 burnus
440 1961 581 2052 insignis
608 1961 693 2052 apud
723 1963 898 2034 blonnncz
935 1961 1078 2052 cupitur:
1110 1979 1167 2052 oro
1195 1978 1259 2052 quo
1286 1958 1503 2051 recuperando
1531 1976 1604 2033 uun
1631 1959 1686 2030 din

237 2087 273 2156 ot
299 2082 396 2155 minio
423 2086 458 2155 ct
483 2083 603 2156 ornain
629 2085 751 2157 trustra
778 2085 993 2172 laborassent,
1019 2080 1151 2156 tandem
1179 2082 1212 2152 in
1238 2081 1430 2171 liungnriun
1454 2080 1581 2154 abeunt.

237 2322 315 2398 Non
342 2321 452 2398 minor
479 2323 596 2400 caedes
622 2323 657 2397 et
684 2323 818 2419 strages
853 2321 1004 2398 fidelium
1040 2344 1100 2417 per
1126 2322 1310 2397 Thartaros
1347 2320 1383 2394 in
1409 2319 1483 2416 ipso
1509 2343 1623 2396 eorum
1650 2319 1686 2394 in

137 2441 319 2518 Menenium
346 2443 503 2539 ingressu
529 2445 644 2520 secuta
670 2445 742 2520 est:
770 2446 866 2540 Rege
893 2443 1061 2538 siquidem
1087 2443 1287 2520 Wenceslao
1313 2441 1494 2518 Bohemiue
1512 2441 1685 2516 incastris

137 2563 284 2638 obtutis
310 2564 393 2640 locis
421 2587 457 2641 se
484 2551 688 2658 continente,
726 2565 885 2640 Thartari
921 2589 981 2660 per
1007 2587 1138 2640 omnem
1173 2564 1358 2641 Morariam
1393 2563 1498 2640 libore
1524 2562 1683 2658 grassati,

137 2707 199 2758 nno
225 2687 261 2759 et
289 2686 437 2782 amplius
473 2709 586 2764 mense
620 2689 692 2762 tam
728 2687 905 2780 incendiis,
942 2709 1045 2778 quam
1080 2686 1236 2762 caedibus
1272 2688 1307 2761 et
1341 2684 1445 2761 uariis
1480 2683 1686 2760 eruciatibus

136 2806 282 2898 (nemine
308 2809 371 2884 aut
397 2807 565 2902 resistere,
594 2811 655 2884 aut
682 2809 769 2884 terro
795 2809 941 2886 audente
967 2832 1063 2904 opem
1078 2807 1107 2902 ²)
1134 2807 1170 2882 in
1191 2809 1343 2884 Morauos
1370 2805 1565 2884 debacchati
1592 2808 1683 2882 sunt.

136 2927 267 3004 Statius
295 2930 409 3005 autom
435 2930 508 3005 illis
534 2931 633 3006 iuxta
659 2932 840 3007 Olomuneu
868 2931 1083 3023 habentibus,
1112 2931 1191 3004 Dux
1216 2953 1304 3004 unus
1326 2929 1569 3006 Thartarorum
1595 2927 1684 3022 apud

136 3069 210 3124 suos
236 3052 310 3125 tam
337 3073 459 3147 genere
486 3073 587 3146 quam
626 3053 729 3128 armis
756 3052 809 3128 rir
835 3052 951 3148 magni
979 3051 1080 3147 pretii
1096 3049 1144 3146 ³),
1181 3073 1257 3126 cum
1284 3050 1400 3146 paucis
1426 3050 1497 3125 suis
1523 3050 1571 3124 ad
1593 3072 1692 3125 moe

135 3169 191 3246 nia
215 3171 312 3248 urbis
338 3171 509 3249 incautius
545 3195 753 3269 progressus,
791 3197 812 3248 a
838 3173 1005 3249 militibus
1031 3171 1212 3265 Morariee,
1242 3172 1313 3247 suis
1340 3195 1417 3248 eum
1442 3171 1686 3264 deserentibus,

135 3295 252 3386 cautus
280 3294 344 3370 est.
390 3293 598 3390 (lancinatori
625 3295 698 3371 eius
725 3297 766 3371 ob
792 3294 932 3371 virtutis
959 3293 1105 3391 insigne,
1146 3295 1182 3368 et
1208 3295 1312 3370 stelle
1337 3315 1397 3389 pro
1424 3292 1537 3386 armis,
1566 3294 1601 3368 et
1628 3314 1682 3369 ca·

136 3413 240 3490 strum
268 3415 457 3492 Sternbarlr
473 3415 500 3513 ⁴)
526 3417 765 3494 aWencesluo
791 3418 884 3492 Duce
910 3415 1092 3492 Bohemiue
1119 3417 1254 3491 donata.
1283 3415 1385 3490 cuius
1404 3414 1586 3510 captivitas
1604 3415 1684 3490 dum

136 3533 169 3609 in
195 3536 440 3612 Tbertarorum
464 3537 617 3614 exercitu
654 3539 798 3634 uulgata
823 3540 924 3631 esset,
960 3559 1105 3634 magnus
1132 3560 1246 3612 rumor
1271 3538 1306 3613 et
1332 3536 1480 3612 eiulatus
1507 3536 1547 3611 de
1574 3535 1683 3630 capti·

135 3656 238 3734 ritate
265 3657 356 3734 tenti
382 3659 484 3734 Ducis
510 3659 692 3736 incastris
718 3662 851 3737 coortus
877 3659 980 3736 etiam
1023 3661 1066 3735 ab
1092 3658 1411 3734 Olomunczensibus
1426 3657 1454 3754 6)
1481 3656 1682 3734 exaudieba-

135 3778 200 3854 tur.
246 3778 351 3856 emus
377 3780 610 3858 liberationem
639 3784 719 3858 dnm
734 3782 762 3878 ⁶)
788 3803 850 3859 neo
876 3781 1069 3874 terroribus,
1103 3803 1164 3856 neo
1190 3781 1333 3856 aliorum
1361 3779 1569 3874 captiuorum
1594 3779 1683 3856 rola-

136 3899 273 3976 xatione
308 3899 442 3978 officere
476 3903 673 3996 uoluissent,
710 3903 937 3978 desertoribus
972 3902 1043 3977 suis
1070 3903 1105 3978 et
1132 3901 1185 3977 sui
1212 3900 1359 3997 corporis
1385 3899 1577 3976 custodibus
1604 3900 1682 3974 Olo-

135 4021 390 4098 mnncuensibus
425 4022 563 4098 traditis
603 4023 725 4118 (quasi
761 4025 1042 4099 Olomuncaenses
1077 4022 1187 4118 magis
1222 4022 1259 4096 in
1294 4043 1350 4098 eos
1386 4043 1488 4116 quum
1523 4021 1682 4095 Thertari

135 4141 398 4220 animaduersuri
416 4147 544 4240 essent)
570 4147 613 4222 ab
631 4147 812 4221 Olomuncu
839 4145 1016 4222 discedunt
1043 4146 1079 4219 et
1105 4143 1260 4239 septimis
1282 4143 1403 4220 castris
1434 4141 1683 4237 Hungariamb

135 4264 345 4359 perueniunt,
376 4287 416 4342 ao
442 4267 539 4342 illam
575 4267 720 4342 dammis
755 4269 791 4342 66
818 4266 981 4342 incendiis
1017 4267 1119 4360 atque
1149 4265 1308 4342 caedibus
1335 4263 1579 4340 crudelissimis
1606 4284 1682 4358 pes-

135 4385 305 4462 sumdant.

136 4573 547 4589 Ἢ

239 4679 265 4760 ¹)
289 4683 420 4745 exsiccat
444 4681 516 4744 (lod.
539 4685 632 4744 Roar.
673 4681 862 4762 q>currilium
888 4680 959 4746 Occi.
983 4683 1075 4746 Roas.
1109 4681 1138 4761 ³)
1160 4683 1285 4744 nominis
1311 4679 1382 4744 cos.
1405 4681 1498 4744 Roar.
1530 4673 1557 4760 ⁴)
1580 4679 1682 4742 Storn-

135 4782 226 4859 bnrglr
251 4785 325 4848 Ood.
347 4787 441 4848 moer.
481 4784 508 4865 ⁵)
531 4787 774 4848 olomucensibns
796 4789 855 4850 Ed.
879 4789 966 4864 Dios.
1003 4785 1030 4865 ⁸)
1052 4789 1128 4847 Dum
1151 4793 1248 4848 antem
1270 4789 1475 4848 liberationem
1497 4788 1590 4861 ipsius
1608 4785 1679 4848 coo.

136 4889 225 4950 Rosr.
266 4887 345 4968 ⁷)in
367 4891 548 4966 Hungariam
570 4893 629 4952 Ed.
651 4893 738 4968 Istos.
