4192 6272
163 565 224 660 (A
245 565 292 641 D.
313 565 433 662 1286.)
770 591 882 642 ursos
909 591 1103 644 surrrmus.
1637 577 1713 648 483

162 774 198 847 iu
224 773 364 865 milites,
392 794 475 866 quos
502 774 538 847 in
565 775 675 849 oestro
702 775 923 869 reperierunt,
952 775 1100 870 grassati
1127 780 1227 867 sunt,
1265 781 1304 850 ut
1331 778 1367 851 in
1394 800 1451 853 ore
1477 779 1584 872 gladii
1611 779 1716 852 truei-

161 895 282 969 darent
309 893 490 988 plurimos,
530 894 679 985 reliquos
715 895 751 968 in
787 895 1014 969 miserabilem
1049 896 1208 971 ducerent
1244 897 1453 971 seruitutem.
1494 899 1653 972 sexcenti
1679 902 1716 973 et

160 1014 308 1108 amplius
335 1015 375 1088 de
402 1013 558 1108 ingenuis
584 1017 620 1089 et
647 1015 839 1109 agrestibus
867 1038 907 1088 ea
933 1016 1027 1090 olade
1054 1018 1114 1089 aot
1133 1016 1243 1091 nenati
1262 1019 1322 1090 aut
1341 1017 1451 1110 oapti3
1481 1021 1627 1092 oestrum
1647 1019 1713 1094 Go-

162 1134 270 1209 stiuin
310 1135 409 1209 eaode
441 1136 476 1208 et
512 1134 681 1210 innocenti
717 1135 964 1210 Catholioorum
1000 1136 1165 1230 sanguine
1200 1159 1221 1210 a
1257 1139 1473 1210 betheneium
1507 1139 1715 1212 trueuleutis

161 1257 277 1346 effuso,
305 1255 470 1346 dotatum,
500 1255 674 1329 Ganradus
702 1255 870 1330 Maeoniae
905 1256 939 1329 et
966 1255 1154 1330 (brisuensis
1181 1258 1259 1329 Dux
1286 1257 1436 1350 aceepit:
1475 1253 1532 1348 qui
1560 1258 1626 1332 etsi
1653 1280 1711 1333 ou·

161 1375 275 1471 pidino
302 1397 363 1450 sua
390 1375 520 1470 potitus
547 1376 604 1466 sit,
633 1378 675 1450 ab
703 1375 831 1450 umbris
866 1378 981 1451 tarmen
1009 1399 1143 1466 eorum,
1181 1400 1322 1468 quorum
1358 1378 1507 1471 stragem
1543 1379 1710 1469 effecerat,

161 1518 235 1571 reor
261 1495 360 1570 illum
388 1519 447 1591 per
474 1497 658 1570 identidem
685 1497 832 1590 quietem
860 1498 1009 1592 potuisse
1036 1498 1164 1573 vexari.
1202 1499 1267 1572 Sed
1287 1521 1347 1573 neo
1373 1499 1533 1573 diuturna
1560 1500 1712 1574 Ouarada

165 1616 334 1691 llasoriae
361 1619 396 1691 et
422 1616 594 1692 Guirnensi
612 1619 698 1691 Daoi
725 1621 827 1711 atque
854 1619 925 1692 suis
951 1618 1119 1694 militibus
1145 1618 1213 1692 fuit
1240 1641 1280 1692 ea
1305 1619 1458 1693 laetitia:
1487 1619 1524 1691 hi
1551 1619 1642 1694 enim
1655 1619 1714 1692 Li-

161 1736 283 1810 thuani
310 1737 414 1828 atque
440 1737 602 1828 Rutheni,
631 1739 689 1831 qui
718 1739 816 1811 illum
844 1740 886 1812 ad
913 1738 1175 1830 oonquireudum
1194 1740 1351 1813 ⁴castrum
1387 1739 1588 1814 Gestinense
1614 1739 1709 1812 adiu-

161 1859 282 1932 rurant
301 1857 336 1950 ¹),
365 1859 426 1931 sub
453 1857 602 1932 eiusdem
629 1859 708 1930 anni
736 1859 845 1952 spatio
873 1858 1057 1933 Musonium
1084 1858 1240 1953 ingressi,
1270 1861 1305 1932 et
1331 1859 1478 1932 oestrum
1497 1859 1713 1934 Suoehaenou

161 1977 384 2067 anquirunt,
423 1979 457 2050 st
493 1980 640 2051 castrum
676 1979 882 2072 Ploeaako²)
918 1979 1148 2072 negligentius
1184 1978 1389 2051 custoditum
1425 1977 1647 2072 intereipiunt
1678 1979 1713 2052 et

160 2098 320 2187 exurunt,
348 2095 528 2170 trucidatis
555 2097 732 2188 utriusque
758 2119 860 2172 sexus
887 2097 1097 2188 bominibus,
1134 2097 1308 2172 nonnullis
1343 2119 1420 2171 uero
1456 2097 1492 2170 in
1528 2096 1708 2191 eaptivita-

161 2219 230 2292 tem
258 2215 423 2292 abductis.

229 2581 425 2654 truentum
452 2581 661 2654 londoniensi
686 2578 774 2670 ouer,
801 2597 918 2673 magua
946 2599 1003 2672 ope
1030 2581 1131 2654 litum
1158 2583 1365 2673 ardumum
1380 2583 1448 2656 illia
1474 2585 1629 2657 uauuitur.

264 2821 389 2915 Magna
414 2843 485 2916 spe,
514 2843 702 2917 magnaque
728 2822 972 2916 expeotatione‚
1003 2819 1246 2895 Praemislaum
1274 2821 1412 2896 Maioris
1448 2823 1608 2898 Poloniae
1635 2825 1704 2897 Du-

158 2964 243 3042 oem,
272 2941 313 3016 de
340 2941 456 3016 futura
483 2941 574 3016 virili
602 2943 706 3036 prole,
736 2943 889 3018 consorte
916 2943 951 3017 et
977 2941 1120 3016 Dueissa
1147 2963 1209 3016 sua
1235 2941 1383 3017 Riohsna
1397 2940 1425 3036 ³)
1453 2943 1708 3038 porrigentem

159 3061 230 3136 diss
257 3063 400 3154 uterum,
431 3063 652 3154 exultantem,
689 3063 857 3139 femineus
888 3063 1007 3157 partus
1047 3065 1089 3137 ab
1124 3085 1166 3138 oa
1191 3062 1301 3157 prima
1327 3063 1534 3157 Septembris
1561 3063 1614 3137 die
1641 3063 1712 3138 odi·

160 3185 227 3275 tus,
255 3205 276 3257 a
302 3205 362 3277 spe
388 3184 424 3258 et
450 3183 626 3258 hilaritate
653 3183 785 3258 deieoit.
813 3182 1077 3278 baptismalium
1104 3184 1218 3258 tamen
1254 3183 1493 3258 solennitatem
1527 3184 1712 3259 Poenaniae

160 3305 344 3396 belebrone,
373 3327 394 3380 a
420 3304 583 3398 praelatis
610 3306 645 3380 et
671 3304 965 3398 ba1·onibuo,quos
993 3304 1206 3395 invitaverat,
1227 3303 1329 3379 etiam
1348 3303 1479 3380 uirilem
1498 3326 1617 3380 serrum
1635 3327 1710 3400 spe·

161 3446 237 3501 rare
263 3424 386 3518 iussus,
415 3424 568 3520 ooniugie
595 3448 716 3501 nomen
743 3447 848 3502 norae
874 3424 966 3500 filiae
992 3423 1140 3500 Riohsua
1154 3426 1190 3519 *b
1209 3423 1381 3518 imposuit.

159 3787 360 3866 wladislaus
386 3790 511 3862 tollet
539 3793 683 3863 oautmm
709 3789 867 3863 lloomto
895 3789 955 3861 eut
983 3787 1129 3861 barnado
1164 3789 1327 3862 nesano
1362 3790 1446 3862 bueo
1482 3793 1649 3882 ompuguut
1675 3794 1711 3862 et

760 3909 909 3984 destinis
936 3914 1114 4001 recuperat.

264 4147 420 4243 stragem
447 4167 583 4222 suorum
610 4147 759 4221 militum
786 4150 821 4223 et
846 4147 1020 4222 hominum
1055 4147 1090 4219 in
1132 4148 1241 4220 eastre
1277 4167 1337 4221 suo
1375 4147 1531 4221 Gestinin
1569 4169 1627 4240 pen
1654 4150 1712 4221 Li-

159 4269 305 4341 thuaneo
332 4269 366 4341 et
393 4267 570 4342 Ruthenos
598 4270 786 4362 patratam,
816 4265 1028 4343 Wladislaus
1054 4269 1187 4340 Lolrtelr
1214 4267 1405 4340 Brentensis
1432 4269 1467 4340 et
1494 4268 1712 4361 anaviensie

159 4389 238 4461 Dux
265 4387 410 4479 ulturus,
439 4387 608 4480 simulque
635 4390 782 4462 oestrum
809 4386 967 4461 (lostinin
994 4409 1015 4460 a
1041 4387 1194 4460 donoalo
1217 4387 1383 4461 nesoviae
1403 4389 1492 4460 Duoe
1510 4391 1713 4480 ooeupatum

159 4509 427 4602 recuperaturus,
456 4507 548 4582 iusta
574 4508 635 4598 ira,
664 4509 821 4598 iustaque
849 4505 1082 4601 indignatione
1118 4508 1151 4580 in
1176 4489 1366 4581 Ounrudum
1393 4508 1560 4582 Maserius
1586 4511 1711 4583 Ducem

160 4648 351 4719 suooensus,
380 4628 439 4719 qui
466 4627 612 4722 primum
639 4629 779 4702 fratrem
807 4649 905 4700 suum
941 4649 1138 4722 germanum
1173 4628 1377 4701 Leetlronem
1414 4627 1558 4720 Nigrum
1585 4631 1715 4703 lluoem·

157 4749 198 4822 de
224 4747 433 4824 Oratoriensi
460 4749 496 4823 et
522 4747 785 4823 Sandomiriensi
812 4747 998 4823 Duratibus
1034 4749 1215 4822 exturbare
1251 4747 1286 4821 et
1322 4747 1442 4821 eiieere
1478 4750 1618 4822 eouutuo
1645 4751 1708 4838 est,

160 4867 368 4958 sedenique
395 4890 439 4943 ex
465 4870 574 4942 oestro
601 4867 759 4942 (lostinin
778 4869 1002 4959 deturbasset,
1031 4865 1171 4942 oolleoto
1199 4886 1242 4942 ex
1269 4867 1381 4960 pedite
1408 4869 1444 4942 et
1470 4868 1584 4959 equite
1611 4890 1706 4942 exer-

158 4989 239 5080 eitu,
269 4989 305 5062 in
332 4989 514 5066 Maeoniam
540 4988 657 5064 silenti
684 4991 720 5064 et
745 4990 869 5064 labenti
896 4989 1031 5084 agmine
1057 4987 1214 5078 ueniere,
1253 4990 1403 5062 oestrum
1439 4983 1622 5063 Ploouense
1649 4991 1712 5062 sub

157 5110 382 5204 intempestae
408 5109 518 5186 noetis
544 5109 656 5203 spatio
683 5131 887 5205 aggressus,
925 5107 1088 5204 vigilibus
1113 5105 1295 5184 trucidatis
1322 5109 1382 5182 aut
1396 5107 1425 5202 ὁ)
1460 5108 1711 5202 comprehensis

268 5383 293 5464 Ι)
314 5388 345 5446 in
368 5387 567 5462 ounqmrendo
597 5394 695 5449 castro
725 5389 861 5449 (lestinis
891 5387 1066 5449 adiuverunt
1098 5383 1170 5448 σοι).
1193 5385 1286 5448 Reor.
1323 5383 1349 5464 r)
1378 5383 1509 5447 Ploonlro
1539 5383 1599 5448 Ed.
1622 5385 1710 5462 In'pe.

162 5488 189 5572 ⁸)
214 5491 345 5553 Rikseha
368 5491 435 5556 cod.
465 5493 559 5554 Roar.
583 5487 610 5569 ⁴)
632 5493 761 5554 Rilrseho
787 5490 858 5556 dou.
874 5493 967 5554 Reor.
993 5487 1022 5570 ὕ)
1044 5497 1074 5554 et
1094 5489 1155 5552 Ed.
1179 5488 1267 5569 napo.
1362 5559 1366 5573 ‚
