4172 6278
365 542 456 614 246·
994 562 1106 613 uranu
1132 561 1286 614 sarrana.
1629 535 1697 636 (Α.
1719 537 1764 614 D.
1786 539 1911 637 1235.)

363 749 493 826 aestate
519 747 672 824 facturus
699 750 784 839 erat,
825 747 1002 823 commissa
1022 748 1056 842 ¹),
1096 771 1210 824 ornnes
1237 747 1338 840 vires,
1367 768 1548 841 omnesque
1573 749 1712 823 conatus
1738 748 1773 824 et
1799 746 1912 823 studia

364 871 482 946 eontra
507 870 701 946 Boleslaum
729 869 892 944 Pudioum
928 869 1178 946 (lraooviensem
1213 871 1350 958 Ducem,
1388 867 1524 963 eiusque
1556 870 1700 945 tutorem
1727 867 1910 946 Henrioum

364 1015 439 1069 cum
466 995 570 1068 barba
596 991 725 1068 Sleeiae
752 993 889 1083 Ducem,
921 1015 988 1066 nou
1015 1015 1109 1068 secun
1144 1015 1245 1084 quam
1274 991 1309 1065 in
1337 991 1473 1088 propria
1507 991 1636 1067 viscera
1672 991 1849 1083 convertit,
1877 993 1911 1066 et

364 1115 437 1189 alta
470 1114 611 1189 trahens
646 1112 813 1209 suspiria,
850 1113 1040 1189 vehementi
1077 1113 1343 1189 stomachatione
1378 1114 1573 1205 vexabatur,
1614 1113 1702 1206 quod
1737 1113 1911 1188 Boleslaus

365 1234 510 1310 Pudicus
536 1233 764 1311 (lraooviensis
791 1235 870 1308 Dux
910 1237 946 1309 et
971 1233 1205 1310 Grnimislavva
1230 1233 1415 1329 nuoissap
1450 1233 1522 1309 eius
1549 1256 1669 1308 manus
1695 1235 1731 1308 et
1757 1235 1910 1330 ergastu-

364 1354 442 1452 la³)
469 1358 655 1448 evaserant,
692 1357 780 1448 quod
816 1355 999 1432 Henricurn
1036 1379 1111 1431 cum
1147 1357 1251 1431 barba
1286 1356 1320 1429 in
1356 1378 1455 1430 suum
1481 1355 1641 1429 solatium
1656 1355 1684 1450 ⁴)
1710 1354 1909 1446 acciverant,

365 1479 452 1573 quod
478 1478 510 1555 ei
536 1477 697 1554 tutoriam
725 1481 760 1554 et
786 1477 1025 1570 cracoviensis,
1053 1477 1334 1554 Sandomiriensis
1361 1479 1396 1553 et
1414 1476 1630 1552 Lublinonsis
1657 1476 1912 1572 Principatunm

365 1599 608 1696 possessionem
635 1600 858 1675 abstulerant.
890 1600 972 1674 (lum
1000 1599 1105 1694 copiis
1132 1598 1247 1690 itaque
1274 1602 1343 1673 tarn
1372 1598 1517 1694 propriis
1543 1621 1645 1690 quarn
1672 1581 1850 1673 auxiliaris
1877 1597 1911 1672 in

365 1723 490 1798 terram
517 1721 769 1798 cracoviensem
804 1720 995 1814 adveniens,
1033 1720 1255 1797 detectionem
1289 1721 1480 1814 aliquorum
1515 1721 1700 1796 castrorum
1731 1723 1768 1796 et
1793 1719 1910 1795 eivita-

365 1846 438 1918 tum
466 1845 507 1918 ad
534 1865 570 1920 se
596 1865 753 1938 sperans,
791 1844 906 1939 plures
932 1866 975 1919 ex
1001 1841 1181 1918 baronibus
1216 1845 1252 1918 et
1277 1841 1483 1938 capitaneis,
1512 1845 1552 1917 ut
1578 1840 1723 1918 Henrioo
1750 1843 1786 1916 et
1811 1842 1909 1917 Bole-

365 1967 437 2041 slao
464 1964 613 2040 Ducibus
639 1965 781 2040 desertis
806 1965 850 2040 ad
876 1987 911 2040 se
938 1955 1129 2056 deficerent,
1163 1967 1235 2039 turn
1264 1964 1456 2060 largitione,
1486 1965 1559 2039 tum
1586 1962 1760 2059 promissis
1787 1962 1910 2038 solliei-

365 2088 473 2162 tabat.
502 2086 567 2162 Sed
594 2087 674 2160 dum
701 2107 815 2161 omnes
844 2087 941 2160 illurn
969 2088 1005 2162 et
1030 2085 1102 2161 eius
1129 2086 1294 2181 promissa
1311 2087 1584 2181 aspernarentur,
1614 2084 1796 2160 maioribus
1822 2083 1910 2180 igni-

365 2211 439 2299 bus,
468 2209 507 2283 ut
533 2209 607 2283 erat
632 2207 683 2283 vir
710 2207 746 2282 in
773 2208 875 2284 bilem
902 2207 1082 2303 proclivus,
1111 2207 1167 2304 agi
1194 2207 1316 2302 coepit,
1355 2208 1390 2282 et
1416 2205 1591 2283 eeclesiam
1618 2205 1733 2282 Sancti
1760 2203 1913 2282 Andreae

366 2331 428 2405 sub
455 2330 566 2404 castro
592 2328 813 2420 (lraooviensi,
851 2353 937 2424 quae
973 2331 1121 2405 nondum
1148 2332 1231 2404 tuno
1256 2329 1387 2404 ambitu
1422 2350 1593 2404 muromm
1619 2327 1769 2404 civitatis
1795 2327 1912 2404 draco·

365 2449 491 2528 viensis
518 2451 650 2527 inclusa
665 2450 704 2546 ⁵),
743 2473 802 2546 pro
838 2453 1029 2527 suburbana
1063 2453 1259 2543 habebatur,
1297 2451 1379 2526 item
1416 2449 1590 2526 ecclesiam
1625 2449 1661 2525 in
1696 2449 1912 2540 Prandoouin,

367 2557 450 2648 item
477 2571 653 2649 eeclesiam
680 2572 898 2669 collegiatam
925 2573 1245 2666 Scarbimiriensem,
1270 2573 1353 2649 item
1386 2570 1625 2647 monasterium
1651 2569 1915 2647 Andraaoviensu

368 2693 608 2786 incastellavit,
646 2697 790 2786 quatuor
825 2717 957 2789 quoque
992 2697 1066 2771 loca
1102 2695 1176 2792 ipsa
1210 2696 1322 2771 valido
1354 2691 1507 2769 'rnilitum
1544 2693 1710 2790 praesidio
1745 2693 1912 2790 imposito,

367 2815 470 2891 armis
497 2819 533 2891 et
559 2815 763 2892 victualibus
799 2803 1038 2893 communivit:
1080 2817 1274 2912 primusque
1309 2818 1407 2892 extat
1441 2815 1531 2893 inter
1565 2816 1766 2892 Polonorum
1792 2817 1912 2906 Duces,

368 2922 426 3034 qui
453 2937 552 3014 aedes
588 2959 702 3013 sacras
737 2939 915 3032 profanare
950 2940 986 3014 ot
1018 2938 1134 3013 usibus
1168 2938 1300 3014 bellicis
1327 2938 1497 3034 applicare
1532 2959 1646 3029 ausus,
1683 2935 1915 3013 detestabilem

368 3060 467 3134 illurn
495 3081 619 3135 morem
655 3059 901 3136 suecessoribus
914 3059 944 3154 6)
972 3059 1156 3155 pernicioso
1190 3059 1373 3155 dereliquit
1406 3059 1572 3155 exemplo.
1618 3056 1776 3155 Quamvis
1803 3059 1915 3134 autem

368 3164 537 3258 Henricus
563 3203 639 3256 curn
666 3183 768 3256 barba
795 3182 985 3257 cunradum
999 3163 1180 3258 ‘blasoviae
1206 3183 1331 3258 Ducem
1359 3183 1394 3256 et
1421 3181 1494 3258 eius
1520 3180 1717 3273 exercitum,
1746 3167 1826 3254 dum
1852 3180 1915 3253 hu·

368 3302 511 3378 iusmodi
538 3303 703 3378 nefandas
740 3302 1028 3379 incastellationes
1055 3303 1291 3395 committeret,
1328 3307 1389 3378 aut
1418 3325 1479 3398 per
1505 3301 1657 3394 insidias,
1695 3303 1755 3376 aut
1781 3325 1840 3397 per
1866 3303 1915 3376 lo-

369 3448 483 3501 oorum
510 3423 700 3518 iniquorum
727 3425 943 3517 occasionem,
973 3426 1157 3520 plurimum
1183 3425 1385 3517 lacessisset,
1415 3425 1450 3499 in
1477 3447 1692 3520 congressum
1710 3425 1824 3500 tamen
1842 3422 1917 3497 uni·

369 3568 485 3622 versae
511 3545 737 3621 diminutionis
764 3547 936 3640 (quoniam
963 3547 1100 3622 facilius
1127 3548 1226 3621 illurn
1254 3545 1368 3642 frangi
1395 3547 1592 3638 cunctando,
1621 3569 1722 3640 quarn
1740 3545 1917 3621 decernen·
2010 3579 2013 3584 ·

369 3667 410 3741 do
437 3668 589 3761 rebatur)
617 3691 682 3741 non
708 3667 813 3742 veuit.
862 3668 933 3743 Sibi
970 3669 1103 3762 quidem
1132 3671 1166 3743 et
1187 3669 1389 3760 castrorum,
1427 3667 1672 3761 civitatumque
1703 3666 1916 3757 munitiones,

370 3788 433 3864 sibi
463 3787 610 3862 militum
639 3789 847 3864 devotionern
866 3793 902 3865 et
920 3789 1031 3881 fidem,
1061 3789 1124 3864 sibi
1152 3792 1426 3886 supplementum
1451 3789 1610 3882 militum,
1639 3788 1703 3864 sibi
1720 3787 1918 3864 victualium

369 3909 519 3985 omnium
556 3910 799 3986 abundantiam
837 3911 971 3986 videbat
1006 3912 1205 4006 suppetere:
1242 3935 1282 3988 ea
1316 3935 1394 3988 vero
1432 3911 1586 3987 hostibus
1621 3909 1713 3986 bravi
1749 3911 1918 3986 defutura.

370 4029 490 4106 Multis
516 4029 683 4124 siquidem
710 4031 972 4107 difficultatibus
1007 4033 1181 4108 (luuradus
1216 4033 1382 4109 Masuriae
1408 4035 1488 4108 Dux
1518 4023 1693 4123 adductus,
1730 4033 1842 4107 multa
1867 4031 1920 4106 eui

369 4151 538 4228 exercitus
575 4155 671 4247 parte
707 4152 849 4244 amissa,
887 4152 1021 4249 magnis
1056 4156 1170 4230 minen
1208 4153 1481 4249 populationibus
1516 4155 1552 4230 el
1587 4153 1719 4228 damnis
1755 4151 1791 4227 in
1818 4151 1919 4228 terris

371 4272 580 4350 Graeovicnsi
609 4275 645 4349 et
672 4258 934 4375 Sandomiriensi
962 4273 1134 4370 irrogatis,
1163 4274 1199 4350 in
1215 4273 1397 4352 Maeoviam
1425 4297 1572 4352 moerore
1603 4276 1778 4350 tabescens
1806 4273 1917 4349 rediit.

371 4397 453 4470 Post
479 4393 576 4468 cuius
602 4385 787 4469 discessum
822 4395 963 4471 ecclesia
998 4396 1115 4470 Sancti
1142 4395 1296 4472 Andreae
1332 4421 1391 4492 per
1427 4395 1610 4472 Henrieum
1646 4419 1722 4470 oum
1757 4397 1861 4470 barba
1885 4397 1920 4470 et

371 4515 567 4590 Boleslaum
593 4513 769 4607 Pudicam,
797 4537 977 4611 eorumque
1005 4515 1143 4609 milites,
1173 4519 1244 4592 turn
1270 4520 1366 4593 arcta
1391 4519 1426 4592 et
1452 4515 1526 4592 dira
1552 4516 1723 4593 obsidione
1740 4516 1921 4592 constrictu

371 4637 407 4712 et
435 4634 604 4710 mensibus
629 4635 762 4728 aliquot
786 4637 987 4733 angustiata
1014 4639 1078 4730 est,
1105 4639 1145 4712 ut
1164 4637 1291 4714 milites
1316 4635 1462 4714 Gunradi
1489 4635 1593 4732 pacti,
1622 4660 1664 4712 ne
1690 4636 1772 4730 quid
1798 4637 1921 4713 hostile

373 4756 579 4852 paterentur,
609 4755 644 4830 in
671 4756 876 4834 deditionem
911 4781 988 4835 curn
1019 4759 1161 4834 castello
1197 4758 1361 4836 venirent.
1407 4758 1531 4834 (lontra
1558 4757 1625 4833 tria
1650 4759 1765 4833 antem
1791 4757 1922 4850 reliqua

372 4877 515 4988 metella
542 4875 578 4954 in
604 4879 823 4972 Prandoczin,
852 4879 1069 4956 Scarbimiria
1088 4881 1124 4956 et
1140 4879 1323 4956 Andrzeov
1349 4902 1409 4974 per
1434 4880 1626 4956 cunradum
1652 4877 1827 4975 disposita,
1854 4878 1922 4955 alia

372 5021 505 5074 rursum
531 4999 767 5077 triacastella
802 5025 846 5078 ex
872 5001 980 5098 lignis
1006 5004 1041 5078 et
1067 5001 1198 5078 blancis
1223 5025 1242 5078 e
1268 5001 1406 5098 ragione
1441 5004 1477 5078 et
1503 5001 1539 5076 in
1566 4999 1688 5078 vicinio
1723 5023 1838 5076 eorum
1864 5023 1921 5096 per

373 5121 557 5197 Henricum
596 5145 673 5200 oum
701 5123 802 5198 barba
815 5141 817 5148 ·
830 5127 865 5199 et
891 5124 1083 5201 Boleslaum
1119 5123 1283 5201 Pudicam
1318 5125 1428 5201 Duces
1463 5124 1574 5201 erecta
1609 5124 1712 5218 atque
1746 5121 1921 5199 aedificata

482 5398 506 5477 ¹)
528 5401 638 5464 omissa
672 5399 742 5466 coa.
772 5403 865 5466 Rosa.
906 5399 1081 5482 ⁹)Ducisee
1109 5407 1203 5465 mater
1233 5403 1293 5464 Ed.
1324 5403 1417 5465 noer.
1456 5395 1486 5484 ³)
1500 5389 1708 5477 'spaciatum
1738 5399 1798 5462 Ed.
1828 5387 1921 5461 Do'br.

377 5497 406 5590 ⁴)
429 5505 569 5570 auxilium
594 5505 665 5577 God.
688 5507 780 5574 noer.
820 5503 1287 5595 ⁶)eratiuclusaood.1loar.
1328 5503 1438 5586 bouis
1461 5505 1680 5602 suecessoribus
1701 5503 1762 5570 Ed.
1784 5503 1879 5569 Dobr.
