4172 6278
380 552 454 625 170
1007 574 1120 626 ursus
1146 573 1300 628 sexsus.
1656 550 1718 647 (Α.
1740 550 1931 646 Β.1204.)

378 783 421 836 ax
450 759 543 854 mco,
572 758 780 851 inuoluendo,
809 759 1035 836 familiaribus
1063 759 1307 854 comitibusque
1334 759 1480 856 perella
1506 761 1579 835 loea
1605 761 1780 853 saltusque
1802 760 1929 836 discur-

382 883 545 967 rentibus,
583 882 687 958 ferret
722 905 818 978 opem
844 905 953 975 nemo,
990 881 1056 956 nisi
1084 905 1119 958 se
1146 886 1223 959 uoto
1258 882 1491 975 astrinxisset,
1528 883 1768 960 monasterium
1804 885 1928 959 saneti·

378 1003 574 1079 mouialium
601 1003 674 1078 illic
703 1003 953 1100 quamprimum
980 1005 1215 1079 fundaturum.
1260 1005 1385 1080 Verum
1412 1007 1452 1078 ut
1478 1007 1531 1079 est
1561 1004 1707 1080 sorditie
1744 1005 1927 1096 hominum,

377 1126 412 1201 in
440 1125 662 1221 periculorum
689 1125 832 1200 articulo
860 1127 969 1201 multa
989 1127 1157 1220 arduaque
1176 1127 1339 1222 polliceri,
1369 1128 1405 1203 et
1424 1126 1662 1222 promissorum
1680 1127 1703 1221 ¹)
1729 1127 1842 1219 facile,
1871 1151 1927 1202 uo·

376 1253 412 1322 to
439 1249 625 1338 consecuto,
655 1247 826 1322 obliuisci:
854 1247 1022 1323 Henricus
1049 1249 1128 1322 Dux
1146 1251 1187 1323 ab
1206 1249 1397 1325 imminenti
1423 1249 1596 1345 voraginis
1623 1249 1739 1340 exitio,
1768 1271 1844 1324 oum
1863 1273 1929 1340 qua

376 1369 505 1444 diutius
532 1370 684 1445 luctatus
711 1371 834 1460 fuerat,
872 1371 944 1444 sola
980 1393 1041 1465 opo
1079 1370 1194 1445 diuina
1230 1371 1405 1463 liberatus,
1444 1372 1531 1462 quod
1568 1370 1753 1446 solenniter
1780 1374 1926 1462 uouerat,

298 1581 303 1586 ¹
376 1491 486 1586 coepit
513 1491 699 1587 negligere,
736 1492 807 1567 roti
834 1493 887 1566 sui
914 1494 1144 1568 annotatorem
1171 1515 1206 1568 se
1233 1492 1407 1587 aliquanto
1442 1495 1592 1588 tempore
1627 1492 1791 1568 exhibens
1818 1492 1928 1587 magis

376 1637 476 1704 quarn
513 1613 735 1708 impletorem.
790 1613 932 1689 Femina
972 1617 1085 1690 alutem
1126 1617 1227 1689 beata
1267 1637 1401 1690 consors
1436 1637 1498 1689 sua
1521 1614 1705 1709 Hedrigis,
1742 1617 1777 1690 et
1812 1617 1925 1690 uotum

375 1735 605 1810 huiuscemodi
632 1735 743 1810 uirum
770 1757 868 1810 suurn
895 1735 1022 1812 Ducem
1048 1735 1234 1810 Honricum
1266 1739 1329 1811 sub
1356 1737 1509 1832 praelata
1534 1737 1737 1812 necessitate
1763 1735 1925 1826 emisisse,

375 1860 410 1932 et
437 1856 473 1930 in
501 1879 575 1932 canu
602 1856 689 1932 diam
717 1857 910 1952 neglexisse
938 1879 997 1952 per
1024 1857 1189 1952 Spiritum
1208 1857 1418 1952 intelligens,
1448 1883 1513 1934 non
1541 1858 1636 1953 prius
1655 1859 1753 1933 illum
1781 1857 1925 1934 salubri·

374 1981 436 2053 bus
465 1981 540 2053 tum
567 1979 721 2073 precibus
747 1981 822 2053 turn
849 1979 986 2054 monitis
1013 1980 1055 2054 ad
1082 1981 1286 2056 reddendum
1313 1983 1439 2069 uotum,
1469 1981 1557 2072 quod
1583 1979 1750 2072 emiserat,
1778 1983 1814 2055 st
1831 1980 1926 2055 ouius

374 2100 597 2191 emissionem,
627 2101 715 2192 quod
742 2103 867 2194 absque
894 2101 1032 2176 arbitris
1059 2103 1152 2176 facta
1177 2104 1252 2178 erat
1267 2102 1305 2197 ²),
1335 2105 1405 2177 tum
1423 2101 1599 2177 Ducissam
1617 2125 1712 2176 suam
1730 2101 1924 2197 Haduigim,

374 2245 476 2316 quam
503 2222 673 2316 quoslibet
699 2223 785 2298 alios
811 2224 958 2298 celatum
982 2223 1024 2298 iri
1043 2224 1241 2316 crediderat,
1270 2225 1450 2300 conducere
1465 2222 1493 2319 ³)
1521 2224 1665 2317 destitit,
1694 2224 1798 2300 donec
1824 2246 1925 2319 spou-

374 2345 502 2420 sionem
530 2366 625 2419 suam
652 2345 753 2440 pleno
779 2345 872 2440 operi
900 2345 1085 2421 mandauit.
1140 2345 1243 2421 Cuius
1279 2345 1413 2440 quidem
1450 2346 1645 2422 monasterii
1670 2347 1742 2421 tarn
1769 2345 1925 2421 aedifica·

375 2466 479 2560 tione,
513 2489 614 2560 quam
650 2466 820 2543 dotatione
857 2469 1027 2562 perfecta,
1067 2491 1142 2543 cum
1177 2470 1256 2543 Dux
1288 2467 1434 2544 illustris
1461 2491 1482 2543 a
1509 2470 1668 2544 Petrossa
1693 2467 1866 2544 abbatissa
1892 2471 1926 2542 at

373 2588 686 2666 sanctimonialibus
713 2592 900 2682 quaereret,
929 2589 959 2664 si
986 2613 1054 2682 qua
1071 2613 1107 2666 re
1125 2589 1233 2666 adhuc
1259 2589 1334 2686 ipsa
1349 2592 1377 2685 ⁴)
1395 2592 1449 2666 rel
1468 2590 1708 2666 monasterium
1734 2590 1884 2685 ipsarum
1899 2591 1925 2684 6)

374 2711 585 2806 indigerent,
620 2711 762 2786 offerens
798 2731 834 2785 se
871 2709 1011 2788 cuilibet
1046 2712 1254 2808 indigentiae
1284 2712 1397 2786 ducali
1433 2711 1664 2787 munificentia
1700 2712 1923 2807 provisurum,

373 2836 408 2907 et
434 2855 591 2928 responso
619 2835 767 2927 accepto,
796 2833 924 2908 dotalia
951 2833 1078 2908 sibiet
1105 2833 1307 2909 monasterio
1334 2836 1376 2909 ab
1403 2857 1441 2909 eo
1469 2834 1634 2928 praestita
1660 2855 1800 2909 munera
1826 2834 1926 2929 plena

373 2958 476 3046 atque
503 2954 710 3029 sulfioieuria
736 2955 828 3047 fore,
865 2978 974 3048 nsque
1000 2955 1240 3031 monasterium
1267 2955 1423 3051 ampliori
1453 2955 1642 3050 prouisioue
1669 2955 1834 3050 indigere,
1862 2955 1925 3049 al)

372 3077 600 3172 responsionis
627 3078 749 3152 euentu
776 3077 849 3152 loco
868 3100 988 3153 nornen
1007 3077 1132 3152 indidit
1150 3080 1185 3154 et
1204 3078 1315 3173 ipsum
1342 3079 1687 3172 urzsbunyeusu
1707 3077 1746 3171 τ),
1776 3077 1863 3168 quod
1891 3077 1925 3150 in

373 3199 507 3295 uulgari
536 3198 693 3275 Polonico
719 3200 817 3275 sonat
845 3200 985 3275 Nullius
1011 3221 1127 3295 egens,
1154 3199 1355 3296 appellauit.

693 3567 806 3662 ogerio
834 3567 987 3662 episcopo
1015 3567 1277 3643 wladislavum
1305 3569 1453 3643 succedit
1479 3567 1605 3644 barile.

476 3759 600 3885 Lustra
626 3834 693 3886 uno
726 3809 760 3884 in
790 3808 992 3906 pontificatu
1020 3809 1296 3886 Wladislauiensi
1325 3810 1466 3905 Ogarius
1481 3809 1508 3904 8)
1544 3811 1681 3902 exacto,
1720 3809 1863 3885 moritur
1889 3811 1922 3883 el

372 3931 407 4006 in
435 3933 714 4010 Wladislauiensi
742 3933 884 4008 ecclesia
911 3933 1087 4028 sepelitur.
1142 3933 1202 4006 (luri
1230 3933 1360 4007 Bartha
1386 3933 1518 4022 Italus,
1546 3933 1680 4007 auditor
1707 3933 1852 4022 Palatii,
1882 3934 1922 4005 ab

370 4055 567 4132 Innocentio
594 4058 688 4152 Papa
714 4056 816 4131 tertio
844 4055 997 4150 provisus
1023 4055 1184 4131 succedit.

831 4414 1040 4531 ANNUS
1075 4416 1299 4530 DOMINI
1335 4415 1475 4530 1204.
1556 4469 1558 4474 ·

373 4666 536 4740 bonanus
563 4666 774 4740 llelioaiersis
808 4669 880 4740 linx
910 4668 1064 4741 lestlroui
1096 4669 1173 4739 libo
1201 4667 1326 4740 tribute
1363 4671 1462 4757 negat
1488 4671 1522 4739 et
1549 4667 1687 4740 bostem·
1704 4685 1739 4739 se
1768 4665 1919 4754 declarat,

370 4806 408 4860 ac
434 4791 539 4862 terras
566 4789 637 4862 eius
660 4788 803 4864 inuadit:
840 4807 935 4881 quem
962 4788 1138 4880 aliquoties
1165 4788 1284 4861 aestuo
1313 4789 1523 4862 excursiones
1549 4789 1722 4861 facientem
1758 4787 1918 4880 prodigae,

471 5031 572 5109 beris
597 5034 633 5108 et
659 5055 764 5128 parua
789 5031 952 5109 Lestlroni
979 5031 1066 5119 Albo
1093 5031 1322 5108 dracouiausis
1355 5029 1571 5126 Principatus
1606 5031 1656 5124 (in
1684 5053 1785 5122 quam
1813 5029 1917 5105 omni·

476 5329 502 5408 ¹)
525 5332 749 5406 promissionum
775 5329 845 5390 Ood.
869 5329 962 5391 Roar.
1009 5327 1036 5406 Ω)
1059 5335 1139 5388 esset
1165 5327 1236 5389 Ood.
1260 5327 1352 5391 Roer.
1384 5325 1411 5404 ³)
1434 5329 1580 5389 adducere
1603 5329 1663 5388 Ed.
1688 5327 1782 5386 Dobr.
1811 5321 1840 5405 ⁴)
1855 5328 1916 5401 ipse

371 5434 442 5494 (lod.
465 5432 539 5496 Aret.
587 5432 959 5512 ³)ipsorum00d.t1ct.
996 5429 1282 5511 ⁶)ex1dd.Dobr.
1319 5431 1345 5510 ⁸¹)
1367 5434 1480 5492 Trzeba
1503 5433 1549 5491 nic
1573 5429 1632 5493 Ed.
1655 5431 1747 5491 Dobr.
1780 5427 1914 5509 'JOgio

367 5540 429 5600 rius
453 5541 609 5616 episcopus
633 5539 693 5600 Ed.
716 5540 810 5602 Dobr.
